<?xml version="1.0" encoding="UTF-8"?>
<!DOCTYPE html PUBLIC "-//W3C//DTD XHTML 1.0 Transitional//EN"
    "http://www.w3.org/TR/xhtml1/DTD/xhtml1-transitional.dtd">
<html xmlns="http://www.w3.org/1999/xhtml" xml:lang="en" lang="en">
 <head>
  <title>
</title>
<meta http-equiv="Content-Type" content="text/html;charset=utf-8" />
  <meta name='ocr-system' content='tesseract 3.04.00' />
  <meta name='ocr-capabilities' content='ocr_page ocr_carea ocr_par ocr_line ocrx_word'/>
</head>
<body>
  <div class='ocr_page' id='page_1' title='image "./operaomniaiussui04thom/operaomniaiussui04thom_0083.png"; bbox 0 0 2768 4178; ppageno 0'>
   <div class='ocr_carea' id='block_1_1' title="bbox 0 420 48 4178">
    <p class='ocr_par' dir='ltr' id='par_1_1' title="bbox 0 420 48 4178">
     <span class='ocr_line' id='line_1_1' title="bbox 0 420 48 4178; baseline 0 0"><span class='ocrx_word' id='word_1_1' title='bbox 0 420 48 4178; x_wconf 95' lang='lat' dir='ltr'> </span> 
     </span>
    </p>
   </div>
   <div class='ocr_carea' id='block_1_2' title="bbox 48 481 261 508">
    <p class='ocr_par' dir='ltr' id='par_1_2' title="bbox 48 481 261 508">
     <span class='ocr_line' id='line_1_2' title="bbox 48 481 261 508; baseline -0.009 -4"><span class='ocrx_word' id='word_1_2' title='bbox 48 482 58 494; x_wconf 67' lang='lat'>⁸</span> <span class='ocrx_word' id='word_1_3' title='bbox 76 481 128 504; x_wconf 85' lang='lat' dir='ltr'>Lib.</span> <span class='ocrx_word' id='word_1_4' title='bbox 138 481 156 508; x_wconf 91' lang='lat'>1,</span> <span class='ocrx_word' id='word_1_5' title='bbox 168 486 219 508; x_wconf 77' lang='lat' dir='ltr'>cap.</span> <span class='ocrx_word' id='word_1_6' title='bbox 230 486 261 502; x_wconf 77' lang='lat' dir='ltr'>ix.</span> 
     </span>
    </p>
   </div>
   <div class='ocr_carea' id='block_1_3' title="bbox 1010 238 1761 286">
    <p class='ocr_par' dir='ltr' id='par_1_3' title="bbox 1010 238 1761 286">
     <span class='ocr_line' id='line_1_3' title="bbox 1010 238 1761 286; baseline -0.003 -10"><span class='ocrx_word' id='word_1_7' title='bbox 1010 238 1279 286; x_wconf 83' lang='lat' dir='ltr'>QUAESTIO</span> <span class='ocrx_word' id='word_1_8' title='bbox 1307 238 1355 285; x_wconf 87' lang='lat' dir='ltr'>v,</span> <span class='ocrx_word' id='word_1_9' title='bbox 1384 238 1682 275; x_wconf 78' lang='lat' dir='ltr'>ARTlcULUs</span> <span class='ocrx_word' id='word_1_10' title='bbox 1709 238 1761 275; x_wconf 91' lang='lat' dir='ltr'>v1</span> 
     </span>
    </p>
   </div>
   <div class='ocr_carea' id='block_1_4' title="bbox 287 317 1365 1648">
    <p class='ocr_par' dir='ltr' id='par_1_4' title="bbox 287 317 1361 410">
     <span class='ocr_line' id='line_1_4' title="bbox 287 317 1361 358; baseline -0.004 -1"><span class='ocrx_word' id='word_1_11' title='bbox 287 320 402 358; x_wconf 90' lang='lat' dir='ltr'>debet</span> <span class='ocrx_word' id='word_1_12' title='bbox 433 319 522 356; x_wconf 89' lang='lat' dir='ltr'>utile</span> <span class='ocrx_word' id='word_1_13' title='bbox 557 319 672 357; x_wconf 84' lang='lat' dir='ltr'>dividi</span> <span class='ocrx_word' id='word_1_14' title='bbox 700 317 713 341; x_wconf 58' lang='grc' dir='ltr'><strong><em>ὃ</em></strong></span> <span class='ocrx_word' id='word_1_15' title='bbox 746 326 878 356; x_wconf 91' lang='lat' dir='ltr'>contra</span> <span class='ocrx_word' id='word_1_16' title='bbox 913 318 1132 355; x_wconf 90' lang='lat' dir='ltr'>delectabile</span> <span class='ocrx_word' id='word_1_17' title='bbox 1171 325 1207 354; x_wconf 88' lang='lat' dir='ltr'>et</span> <span class='ocrx_word' id='word_1_18' title='bbox 1241 318 1361 354; x_wconf 91' lang='lat' dir='ltr'>hone-</span> 
     </span>
     <span class='ocr_line' id='line_1_5' title="bbox 287 380 401 410; baseline 0 0"><span class='ocrx_word' id='word_1_19' title='bbox 287 380 401 410; x_wconf 81' lang='lat' dir='ltr'>stum.</span> 
     </span>
    </p>

    <p class='ocr_par' dir='ltr' id='par_1_5' title="bbox 293 423 1361 528">
     <span class='ocr_line' id='line_1_6' title="bbox 344 423 1361 474; baseline -0.003 -11"><span class='ocrx_word' id='word_1_20' title='bbox 344 427 419 464; x_wconf 78' lang='lat' dir='ltr'>SED</span> <span class='ocrx_word' id='word_1_21' title='bbox 449 438 595 463; x_wconf 81' lang='lat' dir='ltr'>CONTRA</span> <span class='ocrx_word' id='word_1_22' title='bbox 624 437 690 463; x_wconf 77' lang='lat' dir='ltr'>EST</span> <span class='ocrx_word' id='word_1_23' title='bbox 718 425 825 474; x_wconf 91' lang='lat' dir='ltr'>quod</span> <span class='ocrx_word' id='word_1_24' title='bbox 853 423 1094 471; x_wconf 90' lang='lat' dir='ltr'>Ambrosius,</span> <span class='ocrx_word' id='word_1_25' title='bbox 1124 424 1161 460; x_wconf 92' lang='lat' dir='ltr'>in</span> <span class='ocrx_word' id='word_1_26' title='bbox 1190 424 1286 461; x_wconf 89' lang='lat' dir='ltr'>libro</span> <span class='ocrx_word' id='word_1_27' title='bbox 1315 424 1361 460; x_wconf 88' lang='lat' dir='ltr'>de</span> 
     </span>
     <span class='ocr_line' id='line_1_7' title="bbox 293 476 1082 528; baseline -0.004 -11"><span class='ocrx_word' id='word_1_28' title='bbox 293 479 436 528; x_wconf 86' lang='lat' dir='ltr'>Officiis</span> <span class='ocrx_word' id='word_1_29' title='bbox 460 479 490 526; x_wconf 69' lang='lat'>²⁸,</span> <span class='ocrx_word' id='word_1_30' title='bbox 520 479 637 516; x_wconf 91' lang='lat' dir='ltr'>utitur</span> <span class='ocrx_word' id='word_1_31' title='bbox 665 478 735 515; x_wconf 91' lang='lat' dir='ltr'>ista</span> <span class='ocrx_word' id='word_1_32' title='bbox 764 477 950 515; x_wconf 89' lang='lat' dir='ltr'>divisione</span> <span class='ocrx_word' id='word_1_33' title='bbox 979 476 1082 514; x_wconf 88' lang='lat' dir='ltr'>boni.</span> 
     </span>
    </p>

    <p class='ocr_par' dir='ltr' id='par_1_6' title="bbox 287 529 1365 1648">
     <span class='ocr_line' id='line_1_8' title="bbox 343 529 1359 579; baseline -0.004 -9"><span class='ocrx_word' id='word_1_34' title='bbox 343 534 571 570; x_wconf 72' lang='lat' dir='ltr'>REsPONm-:o</span> <span class='ocrx_word' id='word_1_35' title='bbox 591 543 776 569; x_wconf 77' lang='lat' dir='ltr'>DlCENDuM</span> <span class='ocrx_word' id='word_1_36' title='bbox 797 531 905 579; x_wconf 91' lang='lat' dir='ltr'>quod</span> <span class='ocrx_word' id='word_1_37' title='bbox 923 531 1020 567; x_wconf 91' lang='lat' dir='ltr'>haec</span> <span class='ocrx_word' id='word_1_38' title='bbox 1049 529 1185 567; x_wconf 90' lang='lat' dir='ltr'>divisio</span> <span class='ocrx_word' id='word_1_39' title='bbox 1204 529 1359 579; x_wconf 89' lang='lat' dir='ltr'>proprie</span> 
     </span>
     <span class='ocr_line' id='line_1_9' title="bbox 288 583 1360 623; baseline -0.003 0"><span class='ocrx_word' id='word_1_40' title='bbox 288 586 441 623; x_wconf 91' lang='lat' dir='ltr'>videtur</span> <span class='ocrx_word' id='word_1_41' title='bbox 478 597 560 623; x_wconf 90' lang='lat' dir='ltr'>esse</span> <span class='ocrx_word' id='word_1_42' title='bbox 598 584 692 622; x_wconf 92' lang='lat' dir='ltr'>boni</span> <span class='ocrx_word' id='word_1_43' title='bbox 727 584 900 621; x_wconf 89' lang='lat' dir='ltr'>humani.</span> <span class='ocrx_word' id='word_1_44' title='bbox 940 583 980 620; x_wconf 93' lang='lat' dir='ltr'>Si</span> <span class='ocrx_word' id='word_1_45' title='bbox 1018 591 1148 620; x_wconf 89' lang='lat' dir='ltr'>tamen</span> <span class='ocrx_word' id='word_1_46' title='bbox 1185 583 1295 620; x_wconf 90' lang='lat' dir='ltr'>altius</span> <span class='ocrx_word' id='word_1_47' title='bbox 1324 591 1360 620; x_wconf 91' lang='lat' dir='ltr'>et</span> 
     </span>
     <span class='ocr_line' id='line_1_10' title="bbox 291 636 1361 684; baseline -0.003 -8"><span class='ocrx_word' id='word_1_48' title='bbox 291 638 535 676; x_wconf 90' lang='lat' dir='ltr'>communius</span> <span class='ocrx_word' id='word_1_49' title='bbox 569 637 756 675; x_wconf 88' lang='lat' dir='ltr'>rationem</span> <span class='ocrx_word' id='word_1_50' title='bbox 785 637 878 674; x_wconf 91' lang='lat' dir='ltr'>boni</span> <span class='ocrx_word' id='word_1_51' title='bbox 915 637 1225 684; x_wconf 87' lang='lat' dir='ltr'>consideremus,</span> <span class='ocrx_word' id='word_1_52' title='bbox 1255 636 1361 674; x_wconf 89' lang='lat' dir='ltr'>inve-</span> 
     </span>
     <span class='ocr_line' id='line_1_11' title="bbox 289 690 1360 740; baseline -0.003 -10"><span class='ocrx_word' id='word_1_53' title='bbox 289 693 390 730; x_wconf 88' lang='lat' dir='ltr'>nitur</span> <span class='ocrx_word' id='word_1_54' title='bbox 415 693 512 730; x_wconf 84' lang='lat' dir='ltr'>haee</span> <span class='ocrx_word' id='word_1_55' title='bbox 541 690 677 728; x_wconf 89' lang='lat' dir='ltr'>divisio</span> <span class='ocrx_word' id='word_1_56' title='bbox 714 690 869 740; x_wconf 89' lang='lat' dir='ltr'>proprie</span> <span class='ocrx_word' id='word_1_57' title='bbox 899 697 1119 740; x_wconf 88' lang='lat' dir='ltr'>competere</span> <span class='ocrx_word' id='word_1_58' title='bbox 1148 691 1272 738; x_wconf 86' lang='lat' dir='ltr'>bono,</span> <span class='ocrx_word' id='word_1_59' title='bbox 1303 703 1360 727; x_wconf 88' lang='lat' dir='ltr'>se-</span> 
     </span>
     <span class='ocr_line' id='line_1_12' title="bbox 290 743 1360 794; baseline -0.003 -11"><span class='ocrx_word' id='word_1_60' title='bbox 290 745 459 783; x_wconf 88' lang='lat' dir='ltr'>cundum</span> <span class='ocrx_word' id='word_1_61' title='bbox 489 745 595 794; x_wconf 92' lang='lat' dir='ltr'>quod</span> <span class='ocrx_word' id='word_1_62' title='bbox 623 744 772 781; x_wconf 92' lang='lat' dir='ltr'>bonum</span> <span class='ocrx_word' id='word_1_63' title='bbox 802 752 868 781; x_wconf 91' lang='lat' dir='ltr'>est.</span> <span class='ocrx_word' id='word_1_64' title='bbox 902 744 1007 781; x_wconf 91' lang='lat' dir='ltr'>Nam</span> <span class='ocrx_word' id='word_1_65' title='bbox 1036 744 1184 781; x_wconf 92' lang='lat' dir='ltr'>bonum</span> <span class='ocrx_word' id='word_1_66' title='bbox 1213 750 1269 780; x_wconf 66' lang='lat' dir='ltr'>eet</span> <span class='ocrx_word' id='word_1_67' title='bbox 1297 743 1360 780; x_wconf 89' lang='lat' dir='ltr'>ali-</span> 
     </span>
     <span class='ocr_line' id='line_1_13' title="bbox 289 797 1360 847; baseline -0.002 -11"><span class='ocrx_word' id='word_1_68' title='bbox 289 798 394 847; x_wconf 90' lang='lat' dir='ltr'>quid,</span> <span class='ocrx_word' id='word_1_69' title='bbox 410 798 638 847; x_wconf 87' lang='lat' dir='ltr'><strong>inquantum</strong></span> <span class='ocrx_word' id='word_1_70' title='bbox 659 805 715 834; x_wconf 89' lang='lat' dir='ltr'>est</span> <span class='ocrx_word' id='word_1_71' title='bbox 733 797 950 847; x_wconf 82' lang='lat' dir='ltr'>appetibile,</span> <span class='ocrx_word' id='word_1_72' title='bbox 971 805 1008 834; x_wconf 92' lang='lat' dir='ltr'>et</span> <span class='ocrx_word' id='word_1_73' title='bbox 1026 797 1211 834; x_wconf 91' lang='lat' dir='ltr'>terminus</span> <span class='ocrx_word' id='word_1_74' title='bbox 1232 805 1360 834; x_wconf 91' lang='lat' dir='ltr'>motus</span> 
     </span>
     <span class='ocr_line' id='line_1_14' title="bbox 289 850 1360 902; baseline -0.002 -13"><span class='ocrx_word' id='word_1_75' title='bbox 289 852 490 902; x_wconf 88' lang='lat' dir='ltr'>appetitus.</span> <span class='ocrx_word' id='word_1_76' title='bbox 522 851 639 889; x_wconf 91' lang='lat' dir='ltr'>Cuius</span> <span class='ocrx_word' id='word_1_77' title='bbox 675 851 833 900; x_wconf 92' lang='lat' dir='ltr'>quidem</span> <span class='ocrx_word' id='word_1_78' title='bbox 871 858 999 887; x_wconf 94' lang='lat' dir='ltr'>motus</span> <span class='ocrx_word' id='word_1_79' title='bbox 1027 850 1240 888; x_wconf 89' lang='lat' dir='ltr'>terminatio</span> <span class='ocrx_word' id='word_1_80' title='bbox 1271 863 1360 887; x_wconf 94' lang='lat' dir='ltr'>con-</span> 
     </span>
     <span class='ocr_line' id='line_1_15' title="bbox 289 904 1361 955; baseline -0.002 -12"><span class='ocrx_word' id='word_1_81' title='bbox 289 904 444 943; x_wconf 90' lang='lat' dir='ltr'>siderari</span> <span class='ocrx_word' id='word_1_82' title='bbox 470 912 597 955; x_wconf 93' lang='lat' dir='ltr'>potest</span> <span class='ocrx_word' id='word_1_83' title='bbox 625 917 671 942; x_wconf 89' lang='lat' dir='ltr'>ex</span> <span class='ocrx_word' id='word_1_84' title='bbox 701 904 1005 942; x_wconf 88' lang='lat' dir='ltr'>consideratione</span> <span class='ocrx_word' id='word_1_85' title='bbox 1033 911 1161 941; x_wconf 91' lang='lat' dir='ltr'>motus</span> <span class='ocrx_word' id='word_1_86' title='bbox 1190 905 1361 953; x_wconf 89' lang='lat' dir='ltr'>corporis</span> 
     </span>
     <span class='ocr_line' id='line_1_16' title="bbox 289 957 1360 1006; baseline -0.002 -10"><span class='ocrx_word' id='word_1_87' title='bbox 289 958 480 996; x_wconf 87' lang='lat' dir='ltr'>naturalis.</span> <span class='ocrx_word' id='word_1_88' title='bbox 510 958 758 996; x_wconf 88' lang='lat' dir='ltr'>Terminatur</span> <span class='ocrx_word' id='word_1_89' title='bbox 785 965 915 995; x_wconf 86' lang='lat' dir='ltr'>autem</span> <span class='ocrx_word' id='word_1_90' title='bbox 943 965 1071 994; x_wconf 90' lang='lat' dir='ltr'>motus</span> <span class='ocrx_word' id='word_1_91' title='bbox 1100 957 1271 1006; x_wconf 90' lang='lat' dir='ltr'>corporis</span> <span class='ocrx_word' id='word_1_92' title='bbox 1295 970 1360 995; x_wconf 90' lang='lat' dir='ltr'>na-</span> 
     </span>
     <span class='ocr_line' id='line_1_17' title="bbox 289 1011 1361 1062; baseline -0.001 -13"><span class='ocrx_word' id='word_1_93' title='bbox 289 1011 428 1060; x_wconf 89' lang='lat' dir='ltr'>turalis,</span> <span class='ocrx_word' id='word_1_94' title='bbox 449 1012 670 1061; x_wconf 91' lang='lat' dir='ltr'>simpliciter</span> <span class='ocrx_word' id='word_1_95' title='bbox 688 1011 845 1062; x_wconf 91' lang='lat' dir='ltr'>quidem</span> <span class='ocrx_word' id='word_1_96' title='bbox 865 1011 914 1048; x_wconf 90' lang='lat' dir='ltr'>ad</span> <span class='ocrx_word' id='word_1_97' title='bbox 932 1011 1128 1057; x_wconf 88' lang='lat' dir='ltr'>ultimum;</span> <span class='ocrx_word' id='word_1_98' title='bbox 1149 1011 1361 1048; x_wconf 90' lang='lat' dir='ltr'>secundum</span> 
     </span>
     <span class='ocr_line' id='line_1_18' title="bbox 290 1064 1361 1114; baseline -0.002 -11"><span class='ocrx_word' id='word_1_99' title='bbox 290 1065 383 1114; x_wconf 91' lang='lat' dir='ltr'>quid</span> <span class='ocrx_word' id='word_1_100' title='bbox 411 1073 540 1103; x_wconf 87' lang='lat' dir='ltr'>autem</span> <span class='ocrx_word' id='word_1_101' title='bbox 571 1065 685 1103; x_wconf 91' lang='lat' dir='ltr'>etiam</span> <span class='ocrx_word' id='word_1_102' title='bbox 716 1065 764 1102; x_wconf 90' lang='lat' dir='ltr'>ad</span> <span class='ocrx_word' id='word_1_103' title='bbox 789 1065 975 1112; x_wconf 90' lang='lat' dir='ltr'>medium,</span> <span class='ocrx_word' id='word_1_104' title='bbox 997 1077 1066 1114; x_wconf 91' lang='lat' dir='ltr'>per</span> <span class='ocrx_word' id='word_1_105' title='bbox 1084 1064 1191 1113; x_wconf 94' lang='lat' dir='ltr'>quod</span> <span class='ocrx_word' id='word_1_106' title='bbox 1220 1064 1293 1101; x_wconf 92' lang='lat' dir='ltr'>itur</span> <span class='ocrx_word' id='word_1_107' title='bbox 1312 1065 1361 1101; x_wconf 90' lang='lat' dir='ltr'>ad</span> 
     </span>
     <span class='ocr_line' id='line_1_19' title="bbox 288 1117 1362 1168; baseline -0.002 -12"><span class='ocrx_word' id='word_1_108' title='bbox 288 1119 464 1156; x_wconf 90' lang='lat' dir='ltr'>ultimum</span> <span class='ocrx_word' id='word_1_109' title='bbox 490 1119 598 1168; x_wconf 93' lang='lat' dir='ltr'>quod</span> <span class='ocrx_word' id='word_1_110' title='bbox 616 1118 814 1156; x_wconf 81' lang='lat' dir='ltr'>terminat‘</span> <span class='ocrx_word' id='word_1_111' title='bbox 833 1126 996 1165; x_wconf 90' lang='lat' dir='ltr'>motum,</span> <span class='ocrx_word' id='word_1_112' title='bbox 1017 1125 1055 1155; x_wconf 92' lang='lat' dir='ltr'>et</span> <span class='ocrx_word' id='word_1_113' title='bbox 1073 1117 1207 1155; x_wconf 89' lang='lat' dir='ltr'>dicitur</span> <span class='ocrx_word' id='word_1_114' title='bbox 1226 1117 1362 1165; x_wconf 88' lang='lat' dir='ltr'>aliquis</span> 
     </span>
     <span class='ocr_line' id='line_1_20' title="bbox 289 1171 1362 1221; baseline -0.004 -11"><span class='ocrx_word' id='word_1_115' title='bbox 289 1172 475 1210; x_wconf 87' lang='lat' dir='ltr'>terminus</span> <span class='ocrx_word' id='word_1_116' title='bbox 501 1180 641 1220; x_wconf 90' lang='lat' dir='ltr'>motus,</span> <span class='ocrx_word' id='word_1_117' title='bbox 661 1172 888 1221; x_wconf 87' lang='lat' dir='ltr'>inquantum</span> <span class='ocrx_word' id='word_1_118' title='bbox 917 1171 1084 1219; x_wconf 86' lang='lat' dir='ltr'>aliquam</span> <span class='ocrx_word' id='word_1_119' title='bbox 1107 1177 1257 1219; x_wconf 90' lang='lat' dir='ltr'>partem</span> <span class='ocrx_word' id='word_1_120' title='bbox 1278 1182 1362 1207; x_wconf 91' lang='lat' dir='ltr'>mo—</span> 
     </span>
     <span class='ocr_line' id='line_1_21' title="bbox 289 1223 1362 1274; baseline -0.004 -11"><span class='ocrx_word' id='word_1_121' title='bbox 289 1233 350 1263; x_wconf 92' lang='lat' dir='ltr'>tus</span> <span class='ocrx_word' id='word_1_122' title='bbox 368 1226 555 1267; x_wconf 81' lang='lat' dir='ltr'>terminat.</span> <span class='ocrx_word' id='word_1_123' title='bbox 586 1225 629 1263; x_wconf 91' lang='lat' dir='ltr'>Id</span> <span class='ocrx_word' id='word_1_124' title='bbox 649 1233 777 1263; x_wconf 89' lang='lat' dir='ltr'>autem</span> <span class='ocrx_word' id='word_1_125' title='bbox 797 1224 903 1274; x_wconf 93' lang='lat' dir='ltr'>quod</span> <span class='ocrx_word' id='word_1_126' title='bbox 927 1232 984 1261; x_wconf 90' lang='lat' dir='ltr'>est</span> <span class='ocrx_word' id='word_1_127' title='bbox 1002 1223 1158 1260; x_wconf 89' lang='lat' dir='ltr'>ultimus</span> <span class='ocrx_word' id='word_1_128' title='bbox 1177 1223 1362 1261; x_wconf 92' lang='lat' dir='ltr'>terminus</span> 
     </span>
     <span class='ocr_line' id='line_1_22' title="bbox 289 1274 1361 1329; baseline -0.003 -12"><span class='ocrx_word' id='word_1_129' title='bbox 289 1274 440 1328; x_wconf 78' lang='lat' dir='ltr'>motus,</span> <span class='ocrx_word' id='word_1_130' title='bbox 469 1286 596 1329; x_wconf 89' lang='lat' dir='ltr'>potest</span> <span class='ocrx_word' id='word_1_131' title='bbox 624 1279 744 1328; x_wconf 88' lang='lat' dir='ltr'>accipi</span> <span class='ocrx_word' id='word_1_132' title='bbox 779 1277 998 1327; x_wconf 91' lang='lat' dir='ltr'>dupliciter:</span> <span class='ocrx_word' id='word_1_133' title='bbox 1027 1276 1090 1313; x_wconf 91' lang='lat' dir='ltr'>vel</span> <span class='ocrx_word' id='word_1_134' title='bbox 1123 1276 1206 1326; x_wconf 88' lang='lat' dir='ltr'>ipsa</span> <span class='ocrx_word' id='word_1_135' title='bbox 1235 1289 1294 1313; x_wconf 91' lang='lat' dir='ltr'>res</span> <span class='ocrx_word' id='word_1_136' title='bbox 1322 1277 1361 1314; x_wconf 92' lang='lat' dir='ltr'>in</span> 
     </span>
     <span class='ocr_line' id='line_1_23' title="bbox 289 1330 1362 1382; baseline -0.005 -11"><span class='ocrx_word' id='word_1_137' title='bbox 289 1345 408 1382; x_wconf 90' lang='lat' dir='ltr'>quam</span> <span class='ocrx_word' id='word_1_138' title='bbox 436 1333 613 1380; x_wconf 90' lang='lat' dir='ltr'>tenditur,</span> <span class='ocrx_word' id='word_1_139' title='bbox 633 1339 765 1381; x_wconf 86' lang='lat' dir='ltr'>utpote</span> <span class='ocrx_word' id='word_1_140' title='bbox 794 1331 901 1368; x_wconf 92' lang='lat' dir='ltr'>locus</span> <span class='ocrx_word' id='word_1_141' title='bbox 920 1331 983 1367; x_wconf 89' lang='lat' dir='ltr'>vel</span> <span class='ocrx_word' id='word_1_142' title='bbox 1001 1331 1142 1376; x_wconf 84' lang='lat' dir='ltr'>forma;</span> <span class='ocrx_word' id='word_1_143' title='bbox 1171 1330 1234 1367; x_wconf 81' lang='lat' dir='ltr'>vel</span> <span class='ocrx_word' id='word_1_144' title='bbox 1254 1330 1362 1379; x_wconf 91' lang='lat' dir='ltr'>quies</span> 
     </span>
     <span class='ocr_line' id='line_1_24' title="bbox 288 1383 1362 1433; baseline -0.005 -9"><span class='ocrx_word' id='word_1_145' title='bbox 288 1386 327 1423; x_wconf 92' lang='lat' dir='ltr'>in</span> <span class='ocrx_word' id='word_1_146' title='bbox 357 1399 398 1424; x_wconf 90' lang='lat' dir='ltr'>re</span> <span class='ocrx_word' id='word_1_147' title='bbox 426 1386 499 1423; x_wconf 89' lang='lat' dir='ltr'>illa.</span> <span class='ocrx_word' id='word_1_148' title='bbox 535 1386 599 1423; x_wconf 91' lang='lat' dir='ltr'>Sic</span> <span class='ocrx_word' id='word_1_149' title='bbox 628 1397 718 1433; x_wconf 86' lang='lat' dir='ltr'>ergo</span> <span class='ocrx_word' id='word_1_150' title='bbox 746 1385 784 1422; x_wconf 93' lang='lat' dir='ltr'>in</span> <span class='ocrx_word' id='word_1_151' title='bbox 813 1391 922 1421; x_wconf 92' lang='lat' dir='ltr'>motu</span> <span class='ocrx_word' id='word_1_152' title='bbox 950 1383 1158 1433; x_wconf 87' lang='lat' dir='ltr'>appetitus,</span> <span class='ocrx_word' id='word_1_153' title='bbox 1189 1383 1227 1420; x_wconf 94' lang='lat' dir='ltr'>id</span> <span class='ocrx_word' id='word_1_154' title='bbox 1256 1383 1362 1432; x_wconf 90' lang='lat' dir='ltr'>quod</span> 
     </span>
     <span class='ocr_line' id='line_1_25' title="bbox 290 1436 1362 1488; baseline -0.003 -12"><span class='ocrx_word' id='word_1_155' title='bbox 290 1446 348 1476; x_wconf 93' lang='lat' dir='ltr'>est</span> <span class='ocrx_word' id='word_1_156' title='bbox 374 1438 577 1488; x_wconf 87' lang='lat' dir='ltr'>appetibile</span> <span class='ocrx_word' id='word_1_157' title='bbox 605 1438 814 1476; x_wconf 87' lang='lat' dir='ltr'>terminans</span> <span class='ocrx_word' id='word_1_158' title='bbox 838 1444 990 1475; x_wconf 91' lang='lat' dir='ltr'>motum</span> <span class='ocrx_word' id='word_1_159' title='bbox 1010 1436 1199 1486; x_wconf 88' lang='lat' dir='ltr'>appetitus</span> <span class='ocrx_word' id='word_1_160' title='bbox 1227 1449 1362 1474; x_wconf 90' lang='lat' dir='ltr'>secun-</span> 
     </span>
     <span class='ocr_line' id='line_1_26' title="bbox 290 1490 1362 1542; baseline -0.002 -13"><span class='ocrx_word' id='word_1_161' title='bbox 290 1492 384 1530; x_wconf 89' lang='lat' dir='ltr'>dum</span> <span class='ocrx_word' id='word_1_162' title='bbox 404 1491 509 1542; x_wconf 92' lang='lat' dir='ltr'>quid,</span> <span class='ocrx_word' id='word_1_163' title='bbox 528 1500 571 1529; x_wconf 93' lang='lat' dir='ltr'>ut</span> <span class='ocrx_word' id='word_1_164' title='bbox 593 1492 766 1530; x_wconf 90' lang='lat' dir='ltr'>medium</span> <span class='ocrx_word' id='word_1_165' title='bbox 784 1503 855 1540; x_wconf 88' lang='lat' dir='ltr'>per</span> <span class='ocrx_word' id='word_1_166' title='bbox 874 1491 980 1540; x_wconf 91' lang='lat' dir='ltr'>quod</span> <span class='ocrx_word' id='word_1_167' title='bbox 1008 1490 1174 1528; x_wconf 83' lang='lat' dir='ltr'>tenditur</span> <span class='ocrx_word' id='word_1_168' title='bbox 1192 1490 1231 1527; x_wconf 93' lang='lat' dir='ltr'>in</span> <span class='ocrx_word' id='word_1_169' title='bbox 1247 1490 1362 1538; x_wconf 90' lang='lat' dir='ltr'>aliud,</span> 
     </span>
     <span class='ocr_line' id='line_1_27' title="bbox 287 1543 1364 1594; baseline -0.003 -11"><span class='ocrx_word' id='word_1_170' title='bbox 287 1553 451 1584; x_wconf 83' lang='lat' dir='ltr'>vocatur</span> <span class='ocrx_word' id='word_1_171' title='bbox 489 1545 586 1583; x_wconf 87' lang='lat' dir='ltr'>utile.</span> <span class='ocrx_word' id='word_1_172' title='bbox 618 1546 660 1588; x_wconf 89' lang='lat' dir='ltr'>ld</span> <span class='ocrx_word' id='word_1_173' title='bbox 689 1553 818 1583; x_wconf 85' lang='lat' dir='ltr'>autem</span> <span class='ocrx_word' id='word_1_174' title='bbox 857 1544 963 1594; x_wconf 92' lang='lat' dir='ltr'>quod</span> <span class='ocrx_word' id='word_1_175' title='bbox 997 1543 1186 1594; x_wconf 88' lang='lat' dir='ltr'>appetitur</span> <span class='ocrx_word' id='word_1_176' title='bbox 1213 1551 1254 1580; x_wconf 91' lang='lat' dir='ltr'>ut</span> <span class='ocrx_word' id='word_1_177' title='bbox 1281 1543 1364 1581; x_wconf 90' lang='lat' dir='ltr'>ulti-</span> 
     </span>
     <span class='ocr_line' id='line_1_28' title="bbox 290 1596 1365 1648; baseline -0.002 -12"><span class='ocrx_word' id='word_1_178' title='bbox 290 1611 412 1648; x_wconf 89' lang='lat' dir='ltr'>mum,</span> <span class='ocrx_word' id='word_1_179' title='bbox 433 1599 640 1637; x_wconf 89' lang='lat' dir='ltr'>terminans</span> <span class='ocrx_word' id='word_1_180' title='bbox 668 1598 831 1636; x_wconf 89' lang='lat' dir='ltr'>totaliter</span> <span class='ocrx_word' id='word_1_181' title='bbox 858 1605 1009 1635; x_wconf 89' lang='lat' dir='ltr'>motum</span> <span class='ocrx_word' id='word_1_182' title='bbox 1038 1596 1238 1647; x_wconf 88' lang='lat' dir='ltr'>appetitus,</span> <span class='ocrx_word' id='word_1_183' title='bbox 1269 1597 1365 1634; x_wconf 89' lang='lat' dir='ltr'>sicut</span> 
     </span>
    </p>
   </div>
   <div class='ocr_carea' id='block_1_5' title="bbox 299 1732 1363 1819">
    <p class='ocr_par' dir='ltr' id='par_1_7' title="bbox 299 1732 1363 1819">
     <span class='ocr_line' id='line_1_29' title="bbox 299 1732 1126 1784; baseline -0.002 -8"><span class='ocrx_word' id='word_1_184' title='bbox 299 1773 304 1777; x_wconf 86' lang='lat'>.</span> <span class='ocrx_word' id='word_1_185' title='bbox 344 1732 442 1784; x_wconf 55' lang='lat' dir='ltr'>esaon</span> <span class='ocrx_word' id='word_1_186' title='bbox 462 1751 539 1776; x_wconf 69' lang='lat' dir='ltr'>aem</span> <span class='ocrx_word' id='word_1_187' title='bbox 557 1748 622 1776; x_wconf 76' lang='lat' dir='ltr'>uttte</span> <span class='ocrx_word' id='word_1_188' title='bbox 640 1750 735 1775; x_wconf 77' lang='lat' dir='ltr'>dividi.</span> <span class='ocrx_word' id='word_1_189' title='bbox 748 1764 768 1770; x_wconf 90' lang='lat'>-</span> <span class='ocrx_word' id='word_1_190' title='bbox 787 1750 852 1775; x_wconf 72' lang='lat' dir='ltr'>ame</span> <span class='ocrx_word' id='word_1_191' title='bbox 870 1757 922 1775; x_wconf 77' lang='lat' dir='ltr'>non</span> <span class='ocrx_word' id='word_1_192' title='bbox 943 1749 1077 1775; x_wconf 78' lang='lat' dir='ltr'>dividitur</span> <span class='ocrx_word' id='word_1_193' title='bbox 1097 1750 1126 1774; x_wconf 79' lang='grc' dir='ltr'>Β.</span> 
     </span>
     <span class='ocr_line' id='line_1_30' title="bbox 343 1784 1363 1819; baseline -0.004 -7"><span class='ocrx_word' id='word_1_194' title='bbox 343 1787 367 1819; x_wconf 73' lang='grc' dir='ltr'>ε)</span> <span class='ocrx_word' id='word_1_195' title='bbox 386 1786 424 1812; x_wconf 80' lang='lat' dir='ltr'>ad</span> <span class='ocrx_word' id='word_1_196' title='bbox 449 1786 614 1812; x_wconf 79' lang='lat' dir='ltr'>medium...</span> <span class='ocrx_word' id='word_1_197' title='bbox 633 1786 706 1819; x_wconf 79' lang='lat' dir='ltr'>quod</span> <span class='ocrx_word' id='word_1_198' title='bbox 723 1786 860 1811; x_wconf 77' lang='lat' dir='ltr'>terminat.</span> <span class='ocrx_word' id='word_1_199' title='bbox 880 1799 900 1817; x_wconf 42' lang='lat'>··.</span> <span class='ocrx_word' id='word_1_200' title='bbox 916 1785 953 1810; x_wconf 84' lang='lat' dir='ltr'>ad</span> <span class='ocrx_word' id='word_1_201' title='bbox 973 1785 1140 1811; x_wconf 81' lang='lat' dir='ltr'>medium...</span> <span class='ocrx_word' id='word_1_202' title='bbox 1160 1784 1309 1810; x_wconf 80' lang='lat' dir='ltr'>terminans</span> <span class='ocrx_word' id='word_1_203' title='bbox 1328 1784 1363 1815; x_wconf 86' lang='lat' dir='ltr'>F,</span> 
     </span>
    </p>
   </div>
   <div class='ocr_carea' id='block_1_6' title="bbox 291 1820 1291 1891">
    <p class='ocr_par' dir='ltr' id='par_1_8' title="bbox 291 1820 1291 1891">
     <span class='ocr_line' id='line_1_31' title="bbox 291 1820 1291 1854; baseline -0.003 -6"><span class='ocrx_word' id='word_1_204' title='bbox 291 1822 454 1849; x_wconf 77' lang='lat' dir='ltr'>medium...</span> <span class='ocrx_word' id='word_1_205' title='bbox 474 1821 603 1847; x_wconf 74' lang='lat' dir='ltr'>terminat</span> <span class='ocrx_word' id='word_1_206' title='bbox 621 1821 699 1847; x_wconf 81' lang='lat' dir='ltr'>ceteri</span> <span class='ocrx_word' id='word_1_207' title='bbox 718 1826 744 1846; x_wconf 91' lang='lat' dir='ltr'>et</span> <span class='ocrx_word' id='word_1_208' title='bbox 762 1822 820 1846; x_wconf 91' lang='lat' dir='ltr'>edd.</span> <span class='ocrx_word' id='word_1_209' title='bbox 839 1822 891 1846; x_wconf 78' lang='lat' dir='ltr'>ab.</span> <span class='ocrx_word' id='word_1_210' title='bbox 904 1834 923 1841; x_wconf 82' lang='lat'>·-</span> <span class='ocrx_word' id='word_1_211' title='bbox 942 1821 993 1846; x_wconf 87' lang='lat' dir='ltr'>Pro</span> <span class='ocrx_word' id='word_1_212' title='bbox 1011 1821 1117 1854; x_wconf 77' lang='lat' dir='ltr'>aliquis,</span> <span class='ocrx_word' id='word_1_213' title='bbox 1137 1820 1241 1853; x_wconf 78' lang='lat' dir='ltr'>aliquid</span> <span class='ocrx_word' id='word_1_214' title='bbox 1260 1820 1291 1845; x_wconf 88' lang='lat' dir='ltr'>D.</span> 
     </span>
     <span class='ocr_line' id='line_1_32' title="bbox 343 1857 707 1891; baseline -0.014 -4"><span class='ocrx_word' id='word_1_215' title='bbox 343 1857 370 1891; x_wconf 77' lang='grc' dir='ltr'>ζ)</span> <span class='ocrx_word' id='word_1_216' title='bbox 389 1857 462 1884; x_wconf 69' lang='lat' dir='ltr'>haec.</span> <span class='ocrx_word' id='word_1_217' title='bbox 474 1872 494 1877; x_wconf 92' lang='lat'><em>-</em></span> <span class='ocrx_word' id='word_1_218' title='bbox 512 1858 565 1883; x_wconf 77' lang='lat' dir='ltr'>ista</span> <span class='ocrx_word' id='word_1_219' title='bbox 583 1857 707 1882; x_wconf 83' lang='lat' dir='ltr'>ABCDE.</span> 
     </span>
    </p>
   </div>
   <div class='ocr_carea' id='block_1_7' title="bbox 2432 243 2479 279">
    <p class='ocr_par' dir='ltr' id='par_1_9' title="bbox 2432 243 2479 279">
     <span class='ocr_line' id='line_1_33' title="bbox 2432 243 2479 279; baseline 0.021 -1"><span class='ocrx_word' id='word_1_220' title='bbox 2432 243 2479 279; x_wconf 88' lang='grc'>65</span> 
     </span>
    </p>
   </div>
   <div class='ocr_carea' id='block_1_8' title="bbox 1414 317 2486 1643">
    <p class='ocr_par' dir='ltr' id='par_1_10' title="bbox 1414 317 2483 567">
     <span class='ocr_line' id='line_1_34' title="bbox 1415 317 2481 369; baseline 0.005 -16"><span class='ocrx_word' id='word_1_221' title='bbox 1415 317 1608 365; x_wconf 90' lang='lat' dir='ltr'>quaedam</span> <span class='ocrx_word' id='word_1_222' title='bbox 1646 329 1706 354; x_wconf 90' lang='lat' dir='ltr'>res</span> <span class='ocrx_word' id='word_1_223' title='bbox 1738 317 1776 354; x_wconf 91' lang='lat' dir='ltr'>in</span> <span class='ocrx_word' id='word_1_224' title='bbox 1806 330 1922 367; x_wconf 88' lang='lat' dir='ltr'>quam</span> <span class='ocrx_word' id='word_1_225' title='bbox 1950 331 2020 367; x_wconf 92' lang='lat' dir='ltr'>per</span> <span class='ocrx_word' id='word_1_226' title='bbox 2047 332 2087 356; x_wconf 89' lang='lat' dir='ltr'>se</span> <span class='ocrx_word' id='word_1_227' title='bbox 2125 321 2312 369; x_wconf 92' lang='lat' dir='ltr'>appetitus</span> <span class='ocrx_word' id='word_1_228' title='bbox 2344 322 2481 369; x_wconf 87' lang='lat' dir='ltr'>tendit,</span> 
     </span>
     <span class='ocr_line' id='line_1_35' title="bbox 1414 371 2483 423; baseline 0.005 -16"><span class='ocrx_word' id='word_1_229' title='bbox 1414 378 1576 407; x_wconf 89' lang='lat' dir='ltr'>vocatur</span> <span class='ocrx_word' id='word_1_230' title='bbox 1603 371 1820 407; x_wconf 82' lang='lat' dir='ltr'>honestum.-</span> <span class='ocrx_word' id='word_1_231' title='bbox 1858 372 1947 419; x_wconf 88' lang='lat' dir='ltr'>quia</span> <span class='ocrx_word' id='word_1_232' title='bbox 1979 373 2184 410; x_wconf 91' lang='lat' dir='ltr'>honestum</span> <span class='ocrx_word' id='word_1_233' title='bbox 2218 373 2352 411; x_wconf 90' lang='lat' dir='ltr'>dicitur</span> <span class='ocrx_word' id='word_1_234' title='bbox 2379 375 2483 423; x_wconf 92' lang='lat' dir='ltr'>quod</span> 
     </span>
     <span class='ocr_line' id='line_1_36' title="bbox 1414 423 2482 475; baseline 0.005 -15"><span class='ocrx_word' id='word_1_235' title='bbox 1414 435 1484 472; x_wconf 91' lang='lat' dir='ltr'>per</span> <span class='ocrx_word' id='word_1_236' title='bbox 1512 436 1552 460; x_wconf 91' lang='lat' dir='ltr'>se</span> <span class='ocrx_word' id='word_1_237' title='bbox 1582 423 1827 461; x_wconf 87' lang='lat' dir='ltr'>desideratur.</span> <span class='ocrx_word' id='word_1_238' title='bbox 1858 425 1901 462; x_wconf 94' lang='lat' dir='ltr'>Id</span> <span class='ocrx_word' id='word_1_239' title='bbox 1920 433 2048 462; x_wconf 89' lang='lat' dir='ltr'>autern</span> <span class='ocrx_word' id='word_1_240' title='bbox 2069 426 2174 475; x_wconf 91' lang='lat' dir='ltr'>quod</span> <span class='ocrx_word' id='word_1_241' title='bbox 2202 427 2381 465; x_wconf 87' lang='lat' dir='ltr'>terminat</span> <span class='ocrx_word' id='word_1_242' title='bbox 2400 440 2482 465; x_wconf 89' lang='lat' dir='ltr'>mo-</span> 
     </span>
     <span class='ocr_line' id='line_1_37' title="bbox 1414 477 2482 528; baseline 0.004 -14"><span class='ocrx_word' id='word_1_243' title='bbox 1414 484 1497 514; x_wconf 92' lang='lat' dir='ltr'>tum</span> <span class='ocrx_word' id='word_1_244' title='bbox 1527 477 1713 526; x_wconf 89' lang='lat' dir='ltr'>appetitus</span> <span class='ocrx_word' id='word_1_245' title='bbox 1744 485 1786 514; x_wconf 94' lang='lat' dir='ltr'>ut</span> <span class='ocrx_word' id='word_1_246' title='bbox 1814 477 1920 527; x_wconf 90' lang='lat' dir='ltr'>quies</span> <span class='ocrx_word' id='word_1_247' title='bbox 1948 478 1986 515; x_wconf 92' lang='lat' dir='ltr'>in</span> <span class='ocrx_word' id='word_1_248' title='bbox 2015 491 2053 515; x_wconf 90' lang='lat' dir='ltr'>re</span> <span class='ocrx_word' id='word_1_249' title='bbox 2083 479 2313 528; x_wconf 90' lang='lat' dir='ltr'>desiderata,</span> <span class='ocrx_word' id='word_1_250' title='bbox 2339 488 2395 517; x_wconf 90' lang='lat' dir='ltr'>est</span> <span class='ocrx_word' id='word_1_251' title='bbox 2422 482 2482 518; x_wconf 87' lang='lat' dir='ltr'>de-</span> 
     </span>
     <span class='ocr_line' id='line_1_38' title="bbox 1415 529 1571 567; baseline 0.006 -1"><span class='ocrx_word' id='word_1_252' title='bbox 1415 529 1571 567; x_wconf 86' lang='lat' dir='ltr'>lectatio.</span> 
     </span>
    </p>

    <p class='ocr_par' dir='ltr' id='par_1_11' title="bbox 1414 583 2484 793">
     <span class='ocr_line' id='line_1_39' title="bbox 1470 583 2482 634; baseline 0.005 -15"><span class='ocrx_word' id='word_1_253' title='bbox 1470 585 1529 620; x_wconf 81' lang='lat' dir='ltr'>An</span> <span class='ocrx_word' id='word_1_254' title='bbox 1558 595 1695 620; x_wconf 77' lang='lat' dir='ltr'>PmMUM</span> <span class='ocrx_word' id='word_1_255' title='bbox 1732 595 1831 620; x_wconf 84' lang='lat' dir='ltr'>ERGO</span> <span class='ocrx_word' id='word_1_256' title='bbox 1865 595 2050 621; x_wconf 85' lang='lat' dir='ltr'>DlCENDUM</span> <span class='ocrx_word' id='word_1_257' title='bbox 2078 583 2188 634; x_wconf 90' lang='lat' dir='ltr'>&#39;quod</span> <span class='ocrx_word' id='word_1_258' title='bbox 2227 587 2396 634; x_wconf 89' lang='lat' dir='ltr'>bonurn,</span> <span class='ocrx_word' id='word_1_259' title='bbox 2428 587 2482 624; x_wconf 93' lang='lat' dir='ltr'>in-</span> 
     </span>
     <span class='ocr_line' id='line_1_40' title="bbox 1416 636 2484 688; baseline 0.005 -15"><span class='ocrx_word' id='word_1_260' title='bbox 1416 644 1605 684; x_wconf 90' lang='lat' dir='ltr'>quantum</span> <span class='ocrx_word' id='word_1_261' title='bbox 1634 643 1691 674; x_wconf 90' lang='lat' dir='ltr'>est</span> <span class='ocrx_word' id='word_1_262' title='bbox 1716 636 1821 674; x_wconf 91' lang='lat' dir='ltr'>idem</span> <span class='ocrx_word' id='word_1_263' title='bbox 1850 637 2020 674; x_wconf 92' lang='lat' dir='ltr'>subiecto</span> <span class='ocrx_word' id='word_1_264' title='bbox 2051 651 2139 675; x_wconf 92' lang='lat' dir='ltr'>cum</span> <span class='ocrx_word' id='word_1_265' title='bbox 2169 647 2274 688; x_wconf 92' lang='lat' dir='ltr'>ente,</span> <span class='ocrx_word' id='word_1_266' title='bbox 2306 640 2484 678; x_wconf 87' lang='lat' dir='ltr'>dividitur</span> 
     </span>
     <span class='ocr_line' id='line_1_41' title="bbox 1415 689 2483 742; baseline 0.005 -16"><span class='ocrx_word' id='word_1_267' title='bbox 1415 701 1485 738; x_wconf 88' lang='lat' dir='ltr'>per</span> <span class='ocrx_word' id='word_1_268' title='bbox 1518 689 1653 727; x_wconf 88' lang='lat' dir='ltr'>decem</span> <span class='ocrx_word' id='word_1_269' title='bbox 1681 689 2008 739; x_wconf 88' lang='lat' dir='ltr'>praedicamenta:</span> <span class='ocrx_word' id='word_1_270' title='bbox 2048 692 2117 729; x_wconf 91' lang='lat' dir='ltr'>sed</span> <span class='ocrx_word' id='word_1_271' title='bbox 2154 693 2366 730; x_wconf 89' lang='lat' dir='ltr'>secundum</span> <span class='ocrx_word' id='word_1_272' title='bbox 2395 706 2483 742; x_wconf 91' lang='lat' dir='ltr'>pro-</span> 
     </span>
     <span class='ocr_line' id='line_1_42' title="bbox 1414 743 2347 793; baseline 0.003 -13"><span class='ocrx_word' id='word_1_273' title='bbox 1414 743 1538 793; x_wconf 89' lang='lat' dir='ltr'>priam</span> <span class='ocrx_word' id='word_1_274' title='bbox 1568 743 1767 791; x_wconf 86' lang='lat' dir='ltr'>rationem,</span> <span class='ocrx_word' id='word_1_275' title='bbox 1798 743 1979 793; x_wconf 90' lang='lat' dir='ltr'>competit</span> <span class='ocrx_word' id='word_1_276' title='bbox 2006 743 2076 781; x_wconf 90' lang='lat' dir='ltr'>sibi</span> <span class='ocrx_word' id='word_1_277' title='bbox 2102 745 2172 782; x_wconf 90' lang='lat' dir='ltr'>ista</span> <span class='ocrx_word' id='word_1_278' title='bbox 2200 745 2347 783; x_wconf 88' lang='lat' dir='ltr'>divisio.</span> 
     </span>
    </p>

    <p class='ocr_par' dir='ltr' id='par_1_12' title="bbox 1415 798 2486 1325">
     <span class='ocr_line' id='line_1_43' title="bbox 1468 798 2482 846; baseline 0.004 -13"><span class='ocrx_word' id='word_1_279' title='bbox 1468 798 1528 833; x_wconf 81' lang='lat' dir='ltr'>An</span> <span class='ocrx_word' id='word_1_280' title='bbox 1557 808 1747 834; x_wconf 80' lang='lat' dir='ltr'>SECUNDUM</span> <span class='ocrx_word' id='word_1_281' title='bbox 1776 808 1960 834; x_wconf 84' lang='lat' dir='ltr'>D1CENDUM</span> <span class='ocrx_word' id='word_1_282' title='bbox 1980 798 2086 846; x_wconf 92' lang='lat' dir='ltr'>quod</span> <span class='ocrx_word' id='word_1_283' title='bbox 2105 799 2201 835; x_wconf 85' lang='lat' dir='ltr'>haec</span> <span class='ocrx_word' id='word_1_284' title='bbox 2216 799 2230 825; x_wconf 65' lang='grc' dir='ltr'><strong><em>ξ</em></strong></span> <span class='ocrx_word' id='word_1_285' title='bbox 2250 799 2383 837; x_wconf 89' lang='lat' dir='ltr'>divisio</span> <span class='ocrx_word' id='word_1_286' title='bbox 2404 812 2482 837; x_wconf 93' lang='lat' dir='ltr'>non</span> 
     </span>
     <span class='ocr_line' id='line_1_44' title="bbox 1416 849 2481 901; baseline 0.004 -15"><span class='ocrx_word' id='word_1_287' title='bbox 1416 857 1472 887; x_wconf 91' lang='lat' dir='ltr'>est</span> <span class='ocrx_word' id='word_1_288' title='bbox 1498 861 1568 899; x_wconf 93' lang='lat' dir='ltr'>per</span> <span class='ocrx_word' id='word_1_289' title='bbox 1596 849 1790 899; x_wconf 90' lang='lat' dir='ltr'>oppositas</span> <span class='ocrx_word' id='word_1_290' title='bbox 1810 862 1885 897; x_wconf 91' lang='lat' dir='ltr'>res,</span> <span class='ocrx_word' id='word_1_291' title='bbox 1916 850 1984 887; x_wconf 88' lang='lat' dir='ltr'>sed</span> <span class='ocrx_word' id='word_1_292' title='bbox 2003 863 2072 900; x_wconf 91' lang='lat' dir='ltr'>per</span> <span class='ocrx_word' id='word_1_293' title='bbox 2091 852 2286 901; x_wconf 89' lang='lat' dir='ltr'>oppositas</span> <span class='ocrx_word' id='word_1_294' title='bbox 2307 853 2481 890; x_wconf 90' lang='lat' dir='ltr'>rationes.</span> 
     </span>
     <span class='ocr_line' id='line_1_45' title="bbox 1415 903 2483 955; baseline 0.003 -15"><span class='ocrx_word' id='word_1_295' title='bbox 1415 903 1604 941; x_wconf 87' lang='lat' dir='ltr'>Dicuntur</span> <span class='ocrx_word' id='word_1_296' title='bbox 1629 910 1759 940; x_wconf 86' lang='lat' dir='ltr'>tamen</span> <span class='ocrx_word' id='word_1_297' title='bbox 1780 909 1797 928; x_wconf 70' lang='grc' dir='ltr'>η</span> <span class='ocrx_word' id='word_1_298' title='bbox 1825 903 1885 940; x_wconf 89' lang='lat' dir='ltr'>illa</span> <span class='ocrx_word' id='word_1_299' title='bbox 1912 903 2065 953; x_wconf 92' lang='lat' dir='ltr'>proprie</span> <span class='ocrx_word' id='word_1_300' title='bbox 2096 905 2355 954; x_wconf 89' lang='lat' dir='ltr'>delectabilia,</span> <span class='ocrx_word' id='word_1_301' title='bbox 2385 919 2483 955; x_wconf 88' lang='lat' dir='ltr'>quae</span> 
     </span>
     <span class='ocr_line' id='line_1_46' title="bbox 1416 956 2485 1008; baseline 0.003 -15"><span class='ocrx_word' id='word_1_302' title='bbox 1416 957 1559 994; x_wconf 88' lang='lat' dir='ltr'>nullam</span> <span class='ocrx_word' id='word_1_303' title='bbox 1584 956 1727 994; x_wconf 90' lang='lat' dir='ltr'>habent</span> <span class='ocrx_word' id='word_1_304' title='bbox 1750 956 1862 994; x_wconf 83' lang='lat' dir='ltr'>aliam</span> <span class='ocrx_word' id='word_1_305' title='bbox 1895 957 2082 995; x_wconf 86' lang='lat' dir='ltr'>rationem</span> <span class='ocrx_word' id='word_1_306' title='bbox 2111 958 2389 1008; x_wconf 90' lang='lat' dir='ltr'>appetibilitatis</span> <span class='ocrx_word' id='word_1_307' title='bbox 2417 959 2485 996; x_wconf 90' lang='lat' dir='ltr'>nisi</span> 
     </span>
     <span class='ocr_line' id='line_1_47' title="bbox 1417 1009 2486 1060; baseline 0.004 -14"><span class='ocrx_word' id='word_1_308' title='bbox 1417 1009 1728 1057; x_wconf 88' lang='lat' dir='ltr'>delectationem,</span> <span class='ocrx_word' id='word_1_309' title='bbox 1769 1022 1858 1047; x_wconf 92' lang='lat' dir='ltr'>cum</span> <span class='ocrx_word' id='word_1_310' title='bbox 1895 1010 2101 1060; x_wconf 90' lang='lat' dir='ltr'>aliquando</span> <span class='ocrx_word' id='word_1_311' title='bbox 2130 1012 2202 1049; x_wconf 92' lang='lat' dir='ltr'>sint</span> <span class='ocrx_word' id='word_1_312' title='bbox 2239 1020 2275 1049; x_wconf 93' lang='lat' dir='ltr'>et</span> <span class='ocrx_word' id='word_1_313' title='bbox 2307 1013 2420 1050; x_wconf 82' lang='lat' dir='ltr'>noxia</span> <span class='ocrx_word' id='word_1_314' title='bbox 2450 1021 2486 1049; x_wconf 92' lang='lat' dir='ltr'>et</span> 
     </span>
     <span class='ocr_line' id='line_1_48' title="bbox 1417 1063 2483 1114; baseline 0.003 -14"><span class='ocrx_word' id='word_1_315' title='bbox 1417 1063 1629 1100; x_wconf 87' lang='lat' dir='ltr'>inhonesta.</span> <span class='ocrx_word' id='word_1_316' title='bbox 1651 1063 1763 1101; x_wconf 91' lang='lat' dir='ltr'>Utilia</span> <span class='ocrx_word' id='word_1_317' title='bbox 1790 1075 1885 1100; x_wconf 89' lang='lat' dir='ltr'>vero</span> <span class='ocrx_word' id='word_1_318' title='bbox 1915 1064 2099 1112; x_wconf 92' lang='lat' dir='ltr'>dicuntur,</span> <span class='ocrx_word' id='word_1_319' title='bbox 2117 1077 2215 1114; x_wconf 91' lang='lat' dir='ltr'>quae</span> <span class='ocrx_word' id='word_1_320' title='bbox 2235 1078 2314 1103; x_wconf 91' lang='lat' dir='ltr'>non</span> <span class='ocrx_word' id='word_1_321' title='bbox 2342 1067 2483 1103; x_wconf 90' lang='lat' dir='ltr'>habent</span> 
     </span>
     <span class='ocr_line' id='line_1_49' title="bbox 1417 1116 2484 1164; baseline 0.004 -11"><span class='ocrx_word' id='word_1_322' title='bbox 1417 1116 1455 1153; x_wconf 90' lang='lat' dir='ltr'>in</span> <span class='ocrx_word' id='word_1_323' title='bbox 1483 1129 1523 1153; x_wconf 89' lang='lat' dir='ltr'>se</span> <span class='ocrx_word' id='word_1_324' title='bbox 1551 1116 1654 1154; x_wconf 92' lang='lat' dir='ltr'>unde</span> <span class='ocrx_word' id='word_1_325' title='bbox 1685 1116 1963 1164; x_wconf 88' lang='lat' dir='ltr'>desiderentur;</span> <span class='ocrx_word' id='word_1_326' title='bbox 1993 1118 2062 1155; x_wconf 91' lang='lat' dir='ltr'>sed</span> <span class='ocrx_word' id='word_1_327' title='bbox 2081 1118 2341 1156; x_wconf 86' lang='lat' dir='ltr'>desiderantur</span> <span class='ocrx_word' id='word_1_328' title='bbox 2359 1120 2484 1156; x_wconf 93' lang='lat' dir='ltr'>solum</span> 
     </span>
     <span class='ocr_line' id='line_1_50' title="bbox 1416 1169 2484 1221; baseline 0.004 -15"><span class='ocrx_word' id='word_1_329' title='bbox 1416 1176 1458 1206; x_wconf 91' lang='lat' dir='ltr'>ut</span> <span class='ocrx_word' id='word_1_330' title='bbox 1477 1177 1564 1206; x_wconf 93' lang='lat' dir='ltr'>sunt</span> <span class='ocrx_word' id='word_1_331' title='bbox 1584 1169 1759 1207; x_wconf 91' lang='lat' dir='ltr'>ducentia</span> <span class='ocrx_word' id='word_1_332' title='bbox 1779 1170 1817 1207; x_wconf 94' lang='lat' dir='ltr'>in</span> <span class='ocrx_word' id='word_1_333' title='bbox 1837 1171 2010 1218; x_wconf 87' lang='lat' dir='ltr'>alterum,</span> <span class='ocrx_word' id='word_1_334' title='bbox 2031 1171 2126 1209; x_wconf 93' lang='lat' dir='ltr'>sicut</span> <span class='ocrx_word' id='word_1_335' title='bbox 2141 1172 2309 1221; x_wconf 92' lang='lat' dir='ltr'>sumptio</span> <span class='ocrx_word' id='word_1_336' title='bbox 2329 1173 2484 1210; x_wconf 90' lang='lat' dir='ltr'>medici-</span> 
     </span>
     <span class='ocr_line' id='line_1_51' title="bbox 1416 1223 2484 1274; baseline 0.004 -15"><span class='ocrx_word' id='word_1_337' title='bbox 1416 1235 1488 1260; x_wconf 88' lang='lat' dir='ltr'>nae</span> <span class='ocrx_word' id='word_1_338' title='bbox 1518 1234 1683 1259; x_wconf 89' lang='lat' dir='ltr'>amarae.</span> <span class='ocrx_word' id='word_1_339' title='bbox 1714 1223 1886 1260; x_wconf 90' lang='lat' dir='ltr'>Honesta</span> <span class='ocrx_word' id='word_1_340' title='bbox 1913 1236 2007 1260; x_wconf 91' lang='lat' dir='ltr'>vero</span> <span class='ocrx_word' id='word_1_341' title='bbox 2037 1225 2222 1273; x_wconf 92' lang='lat' dir='ltr'>dicuntur,</span> <span class='ocrx_word' id='word_1_342' title='bbox 2247 1238 2346 1274; x_wconf 90' lang='lat' dir='ltr'>quae</span> <span class='ocrx_word' id='word_1_343' title='bbox 2370 1226 2408 1263; x_wconf 93' lang='lat' dir='ltr'>in</span> <span class='ocrx_word' id='word_1_344' title='bbox 2428 1239 2484 1263; x_wconf 91' lang='lat' dir='ltr'>se-</span> 
     </span>
     <span class='ocr_line' id='line_1_52' title="bbox 1417 1275 2109 1325; baseline 0.004 -13"><span class='ocrx_word' id='word_1_345' title='bbox 1417 1275 1507 1325; x_wconf 90' lang='lat' dir='ltr'>ipsis</span> <span class='ocrx_word' id='word_1_346' title='bbox 1535 1275 1678 1312; x_wconf 92' lang='lat' dir='ltr'>habent</span> <span class='ocrx_word' id='word_1_347' title='bbox 1704 1276 1807 1313; x_wconf 90' lang='lat' dir='ltr'>unde</span> <span class='ocrx_word' id='word_1_348' title='bbox 1837 1276 2109 1315; x_wconf 89' lang='lat' dir='ltr'>desiderentur.</span> 
     </span>
    </p>

    <p class='ocr_par' dir='ltr' id='par_1_13' title="bbox 1417 1331 2485 1643">
     <span class='ocr_line' id='line_1_53' title="bbox 1472 1331 2484 1378; baseline 0.003 -13"><span class='ocrx_word' id='word_1_349' title='bbox 1472 1331 1530 1366; x_wconf 84' lang='lat' dir='ltr'>AD</span> <span class='ocrx_word' id='word_1_350' title='bbox 1559 1340 1718 1366; x_wconf 81' lang='lat' dir='ltr'>TERTIUM</span> <span class='ocrx_word' id='word_1_351' title='bbox 1753 1341 1937 1367; x_wconf 71' lang='lat' dir='ltr'>monimum</span> <span class='ocrx_word' id='word_1_352' title='bbox 1975 1331 2081 1378; x_wconf 93' lang='lat' dir='ltr'>quod</span> <span class='ocrx_word' id='word_1_353' title='bbox 2110 1332 2256 1368; x_wconf 92' lang='lat' dir='ltr'>bonum</span> <span class='ocrx_word' id='word_1_354' title='bbox 2284 1344 2363 1368; x_wconf 92' lang='lat' dir='ltr'>non</span> <span class='ocrx_word' id='word_1_355' title='bbox 2392 1332 2484 1370; x_wconf 88' lang='lat' dir='ltr'>divi-</span> 
     </span>
     <span class='ocr_line' id='line_1_54' title="bbox 1418 1381 2484 1434; baseline 0.003 -15"><span class='ocrx_word' id='word_1_356' title='bbox 1418 1382 1517 1420; x_wconf 90' lang='lat' dir='ltr'>ditur</span> <span class='ocrx_word' id='word_1_357' title='bbox 1545 1382 1583 1419; x_wconf 91' lang='lat' dir='ltr'>in</span> <span class='ocrx_word' id='word_1_358' title='bbox 1617 1381 1687 1419; x_wconf 87' lang='lat' dir='ltr'>ista</span> <span class='ocrx_word' id='word_1_359' title='bbox 1722 1381 1792 1419; x_wconf 84' lang='lat' dir='ltr'>tria</span> <span class='ocrx_word' id='word_1_360' title='bbox 1824 1382 1918 1420; x_wconf 92' lang='lat' dir='ltr'>sicut</span> <span class='ocrx_word' id='word_1_361' title='bbox 1954 1383 2165 1421; x_wconf 89' lang='lat' dir='ltr'>univocum</span> <span class='ocrx_word' id='word_1_362' title='bbox 2204 1385 2410 1434; x_wconf 88' lang='lat' dir='ltr'>aequaliter</span> <span class='ocrx_word' id='word_1_363' title='bbox 2437 1386 2484 1422; x_wconf 93' lang='lat' dir='ltr'>de</span> 
     </span>
     <span class='ocr_line' id='line_1_55' title="bbox 1417 1434 2485 1488; baseline 0.004 -16"><span class='ocrx_word' id='word_1_364' title='bbox 1417 1435 1475 1473; x_wconf 89' lang='lat' dir='ltr'>his</span> <span class='ocrx_word' id='word_1_365' title='bbox 1490 1434 1503 1456; x_wconf 82' lang='lat'><em>⁰</em></span> <span class='ocrx_word' id='word_1_366' title='bbox 1516 1435 1797 1485; x_wconf 87' lang='lat' dir='ltr'>praedicatum:</span> <span class='ocrx_word' id='word_1_367' title='bbox 1819 1436 1887 1473; x_wconf 92' lang='lat' dir='ltr'>sed</span> <span class='ocrx_word' id='word_1_368' title='bbox 1906 1437 2000 1474; x_wconf 91' lang='lat' dir='ltr'>sicut</span> <span class='ocrx_word' id='word_1_369' title='bbox 2019 1439 2234 1486; x_wconf 88' lang='lat' dir='ltr'>analogum,</span> <span class='ocrx_word' id='word_1_370' title='bbox 2252 1439 2359 1486; x_wconf 90' lang='lat' dir='ltr'>quod</span> <span class='ocrx_word' id='word_1_371' title='bbox 2376 1451 2485 1488; x_wconf 89' lang='lat' dir='ltr'>prae-</span> 
     </span>
     <span class='ocr_line' id='line_1_56' title="bbox 1417 1489 2485 1541; baseline 0.002 -14"><span class='ocrx_word' id='word_1_372' title='bbox 1417 1489 1565 1528; x_wconf 88' lang='lat' dir='ltr'>dicatur</span> <span class='ocrx_word' id='word_1_373' title='bbox 1598 1489 1810 1526; x_wconf 88' lang='lat' dir='ltr'>secundum</span> <span class='ocrx_word' id='word_1_374' title='bbox 1843 1489 1949 1539; x_wconf 91' lang='lat' dir='ltr'>prius</span> <span class='ocrx_word' id='word_1_375' title='bbox 1978 1498 2015 1527; x_wconf 90' lang='lat' dir='ltr'>et</span> <span class='ocrx_word' id='word_1_376' title='bbox 2041 1491 2241 1540; x_wconf 90' lang='lat' dir='ltr'>posterius.</span> <span class='ocrx_word' id='word_1_377' title='bbox 2276 1492 2350 1528; x_wconf 91' lang='lat' dir='ltr'>Per</span> <span class='ocrx_word' id='word_1_378' title='bbox 2381 1492 2485 1541; x_wconf 90' lang='lat' dir='ltr'>prius</span> 
     </span>
     <span class='ocr_line' id='line_1_57' title="bbox 1419 1542 2485 1591; baseline 0.001 -10"><span class='ocrx_word' id='word_1_379' title='bbox 1419 1543 1520 1581; x_wconf 90' lang='lat' dir='ltr'>enim</span> <span class='ocrx_word' id='word_1_380' title='bbox 1548 1542 1789 1591; x_wconf 90' lang='lat' dir='ltr'>praedicatur</span> <span class='ocrx_word' id='word_1_381' title='bbox 1818 1543 1866 1580; x_wconf 88' lang='lat' dir='ltr'>de</span> <span class='ocrx_word' id='word_1_382' title='bbox 1893 1544 2079 1591; x_wconf 89' lang='lat' dir='ltr'>honesto;</span> <span class='ocrx_word' id='word_1_383' title='bbox 2110 1552 2145 1582; x_wconf 92' lang='lat' dir='ltr'>et</span> <span class='ocrx_word' id='word_1_384' title='bbox 2165 1544 2416 1582; x_wconf 85' lang='lat' dir='ltr'>secundario·</span> <span class='ocrx_word' id='word_1_385' title='bbox 2438 1546 2485 1583; x_wconf 91' lang='lat' dir='ltr'>de</span> 
     </span>
     <span class='ocr_line' id='line_1_58' title="bbox 1420 1596 1989 1643; baseline -0.002 -8"><span class='ocrx_word' id='word_1_386' title='bbox 1420 1596 1651 1643; x_wconf 88' lang='lat' dir='ltr'>delectabili;</span> <span class='ocrx_word' id='word_1_387' title='bbox 1685 1596 1793 1633; x_wconf 89' lang='lat' dir='ltr'>tertio</span> <span class='ocrx_word' id='word_1_388' title='bbox 1823 1597 1870 1634; x_wconf 92' lang='lat' dir='ltr'>de</span> <span class='ocrx_word' id='word_1_389' title='bbox 1898 1597 1989 1634; x_wconf 88' lang='lat' dir='ltr'>utili.</span> 
     </span>
    </p>
   </div>
   <div class='ocr_carea' id='block_1_9' title="bbox 1616 1695 1777 1699">
    <p class='ocr_par' dir='ltr' id='par_1_14' title="bbox 1616 1695 1777 1699">
     <span class='ocr_line' id='line_1_59' title="bbox 1616 1695 1777 1699; baseline 0 0"><span class='ocrx_word' id='word_1_390' title='bbox 1616 1695 1777 1699; x_wconf 95' lang='lat' dir='ltr'> </span> 
     </span>
    </p>
   </div>
   <div class='ocr_carea' id='block_1_10' title="bbox 1420 1749 2487 1890">
    <p class='ocr_par' dir='ltr' id='par_1_15' title="bbox 1420 1749 2486 1817">
     <span class='ocr_line' id='line_1_60' title="bbox 1473 1749 2486 1783; baseline 0.001 -9"><span class='ocrx_word' id='word_1_391' title='bbox 1473 1749 1500 1782; x_wconf 88' lang='grc' dir='ltr'>η)</span> <span class='ocrx_word' id='word_1_392' title='bbox 1521 1752 1619 1774; x_wconf 80' lang='lat' dir='ltr'>tamen.</span> <span class='ocrx_word' id='word_1_393' title='bbox 1631 1763 1651 1767; x_wconf 95' lang='lat'>—</span> <span class='ocrx_word' id='word_1_394' title='bbox 1668 1750 1737 1774; x_wconf 84' lang='lat' dir='ltr'>enim</span> <span class='ocrx_word' id='word_1_395' title='bbox 1758 1750 1788 1774; x_wconf 92' lang='lat' dir='ltr'>D.</span> <span class='ocrx_word' id='word_1_396' title='bbox 1803 1764 1821 1768; x_wconf 95' lang='lat'><em>-</em></span> <span class='ocrx_word' id='word_1_397' title='bbox 1840 1750 1890 1774; x_wconf 90' lang='lat' dir='ltr'>Pro</span> <span class='ocrx_word' id='word_1_398' title='bbox 1909 1750 2004 1781; x_wconf 84' lang='lat' dir='ltr'>aliam,</span> <span class='ocrx_word' id='word_1_399' title='bbox 2020 1751 2161 1782; x_wconf 82' lang='lat' dir='ltr'>propriam</span> <span class='ocrx_word' id='word_1_400' title='bbox 2181 1751 2213 1775; x_wconf 84' lang='grc' dir='ltr'>Α.</span> <span class='ocrx_word' id='word_1_401' title='bbox 2232 1764 2251 1769; x_wconf 92' lang='grc'>-</span> <span class='ocrx_word' id='word_1_402' title='bbox 2269 1750 2319 1774; x_wconf 86' lang='lat' dir='ltr'>Pro</span> <span class='ocrx_word' id='word_1_403' title='bbox 2338 1751 2486 1783; x_wconf 79' lang='lat' dir='ltr'>appetibili-</span> 
     </span>
     <span class='ocr_line' id='line_1_61' title="bbox 1420 1785 2270 1817; baseline 0.002 -7"><span class='ocrx_word' id='word_1_404' title='bbox 1420 1785 1492 1814; x_wconf 76' lang='lat' dir='ltr'>tatis,</span> <span class='ocrx_word' id='word_1_405' title='bbox 1512 1785 1647 1817; x_wconf 80' lang='lat' dir='ltr'>appetitus</span> <span class='ocrx_word' id='word_1_406' title='bbox 1668 1786 1696 1810; x_wconf 89' lang='lat' dir='ltr'>B.</span> <span class='ocrx_word' id='word_1_407' title='bbox 2268 1785 2270 1787; x_wconf 81' lang='grc'><strong>’</strong></span> 
     </span>
    </p>

    <p class='ocr_par' dir='ltr' id='par_1_16' title="bbox 1472 1819 2136 1852">
     <span class='ocr_line' id='line_1_62' title="bbox 1472 1819 2136 1852; baseline 0.002 -7"><span class='ocrx_word' id='word_1_408' title='bbox 1472 1819 1496 1852; x_wconf 76' lang='grc' dir='ltr'>Θ)</span> <span class='ocrx_word' id='word_1_409' title='bbox 1517 1821 1550 1845; x_wconf 83' lang='lat' dir='ltr'>de</span> <span class='ocrx_word' id='word_1_410' title='bbox 1568 1820 1618 1846; x_wconf 81' lang='lat' dir='ltr'>his.</span> <span class='ocrx_word' id='word_1_411' title='bbox 1636 1834 1657 1840; x_wconf 88' lang='lat'>—</span> <span class='ocrx_word' id='word_1_412' title='bbox 1675 1820 1737 1846; x_wconf 87' lang='lat' dir='ltr'>Om.</span> <span class='ocrx_word' id='word_1_413' title='bbox 1752 1822 1782 1851; x_wconf 87' lang='grc' dir='ltr'>Α,</span> <span class='ocrx_word' id='word_1_414' title='bbox 1803 1821 1836 1846; x_wconf 86' lang='lat' dir='ltr'>de</span> <span class='ocrx_word' id='word_1_415' title='bbox 1853 1821 1891 1846; x_wconf 85' lang='lat' dir='ltr'>eis</span> <span class='ocrx_word' id='word_1_416' title='bbox 1910 1821 1986 1846; x_wconf 85' lang='lat' dir='ltr'>ceteri</span> <span class='ocrx_word' id='word_1_417' title='bbox 2006 1826 2032 1846; x_wconf 90' lang='lat' dir='ltr'>et</span> <span class='ocrx_word' id='word_1_418' title='bbox 2051 1822 2092 1847; x_wconf 83' lang='lat' dir='ltr'>ed.</span> <span class='ocrx_word' id='word_1_419' title='bbox 2111 1829 2136 1846; x_wconf 83' lang='lat' dir='ltr'>a.</span> 
     </span>
    </p>

    <p class='ocr_par' dir='ltr' id='par_1_17' title="bbox 1475 1856 2487 1890">
     <span class='ocr_line' id='line_1_63' title="bbox 1475 1856 2487 1890; baseline 0.002 -10"><span class='ocrx_word' id='word_1_420' title='bbox 1475 1856 1493 1888; x_wconf 89' lang='grc' dir='ltr'>ι)</span> <span class='ocrx_word' id='word_1_421' title='bbox 1512 1859 1539 1881; x_wconf 86' lang='lat' dir='ltr'>et</span> <span class='ocrx_word' id='word_1_422' title='bbox 1557 1856 1725 1882; x_wconf 77' lang='lat' dir='ltr'>secundario.</span> <span class='ocrx_word' id='word_1_423' title='bbox 1739 1871 1756 1875; x_wconf 97' lang='lat'><em>-</em></span> <span class='ocrx_word' id='word_1_424' title='bbox 1770 1860 1797 1881; x_wconf 80' lang='lat' dir='ltr'>et</span> <span class='ocrx_word' id='word_1_425' title='bbox 1815 1862 1874 1881; x_wconf 84' lang='lat' dir='ltr'>ante</span> <span class='ocrx_word' id='word_1_426' title='bbox 1893 1857 1973 1882; x_wconf 82' lang='lat' dir='ltr'>tertio</span> <span class='ocrx_word' id='word_1_427' title='bbox 1992 1862 2092 1890; x_wconf 89' lang='lat' dir='ltr'>ponunt</span> <span class='ocrx_word' id='word_1_428' title='bbox 2110 1857 2237 1888; x_wconf 81' lang='lat' dir='ltr'>ABGDE,</span> <span class='ocrx_word' id='word_1_429' title='bbox 2251 1862 2362 1890; x_wconf 88' lang='lat' dir='ltr'>utroque</span> <span class='ocrx_word' id='word_1_430' title='bbox 2382 1858 2439 1882; x_wconf 84' lang='lat' dir='ltr'>loco</span> <span class='ocrx_word' id='word_1_431' title='bbox 2458 1858 2487 1882; x_wconf 88' lang='lat' dir='ltr'>F.</span> 
     </span>
    </p>
   </div>
   <div class='ocr_carea' id='block_1_11' title="bbox 977 1952 1806 1987">
    <p class='ocr_par' dir='ltr' id='par_1_18' title="bbox 977 1952 1806 1987">
     <span class='ocr_line' id='line_1_64' title="bbox 977 1952 1806 1987; baseline -0.001 -1"><span class='ocrx_word' id='word_1_432' title='bbox 977 1953 1310 1987; x_wconf 74' lang='lat' dir='ltr'>Commentaria</span> <span class='ocrx_word' id='word_1_433' title='bbox 1333 1952 1584 1986; x_wconf 68' lang='lat' dir='ltr'>cardinalis</span> <span class='ocrx_word' id='word_1_434' title='bbox 1606 1952 1806 1986; x_wconf 76' lang='lat' dir='ltr'>Caietam</span> 
     </span>
    </p>
   </div>
   <div class='ocr_carea' id='block_1_12' title="bbox 293 2047 2487 2128">
    <p class='ocr_par' dir='ltr' id='par_1_19' title="bbox 293 2047 2487 2128">
     <span class='ocr_line' id='line_1_65' title="bbox 293 2047 2487 2128; baseline -0.002 -42"><span class='ocrx_word' id='word_1_435' title='bbox 293 2065 460 2128; x_wconf 70' lang='lat' dir='ltr'>Trruzus</span> <span class='ocrx_word' id='word_1_436' title='bbox 476 2054 588 2086; x_wconf 82' lang='lat' dir='ltr'>clarus.</span> <span class='ocrx_word' id='word_1_437' title='bbox 602 2071 622 2076; x_wconf 94' lang='lat'><em>-</em></span> <span class='ocrx_word' id='word_1_438' title='bbox 638 2053 674 2084; x_wconf 93' lang='lat' dir='ltr'>ln</span> <span class='ocrx_word' id='word_1_439' title='bbox 690 2062 822 2093; x_wconf 89' lang='lat' dir='ltr'>corpore</span> <span class='ocrx_word' id='word_1_440' title='bbox 842 2051 924 2082; x_wconf 82' lang='lat' dir='ltr'>duae</span> <span class='ocrx_word' id='word_1_441' title='bbox 940 2050 1175 2082; x_wconf 86' lang='lat' dir='ltr'>conclusiones:</span> <span class='ocrx_word' id='word_1_442' title='bbox 1190 2047 1294 2082; x_wconf 85' lang='lat' dir='ltr'>&#39;altera</span> <span class='ocrx_word' id='word_1_443' title='bbox 1315 2062 1364 2082; x_wconf 88' lang='lat' dir='ltr'>se·</span> <span class='ocrx_word' id='word_1_444' title='bbox 1390 2048 1395 2089; x_wconf 84' lang='grc' dir='ltr'>Ι</span> <span class='ocrx_word' id='word_1_445' title='bbox 1420 2050 1570 2081; x_wconf 91' lang='lat' dir='ltr'>dividitur</span> <span class='ocrx_word' id='word_1_446' title='bbox 1586 2051 1619 2081; x_wconf 92' lang='lat' dir='ltr'>in</span> <span class='ocrx_word' id='word_1_447' title='bbox 1635 2050 1818 2087; x_wconf 87' lang='lat' dir='ltr'>honestum,</span> <span class='ocrx_word' id='word_1_448' title='bbox 1831 2052 1907 2082; x_wconf 92' lang='lat' dir='ltr'>utile</span> <span class='ocrx_word' id='word_1_449' title='bbox 1922 2059 1952 2082; x_wconf 88' lang='lat' dir='ltr'>et</span> <span class='ocrx_word' id='word_1_450' title='bbox 1967 2051 2159 2083; x_wconf 88' lang='lat' dir='ltr'>delectabile.</span> <span class='ocrx_word' id='word_1_451' title='bbox 2176 2052 2261 2092; x_wconf 86' lang='lat' dir='ltr'>Ergo</span> <span class='ocrx_word' id='word_1_452' title='bbox 2276 2058 2306 2082; x_wconf 91' lang='lat' dir='ltr'>et</span> <span class='ocrx_word' id='word_1_453' title='bbox 2321 2052 2455 2082; x_wconf 87' lang='lat' dir='ltr'>bonum.</span> <span class='ocrx_word' id='word_1_454' title='bbox 2467 2069 2487 2073; x_wconf 85' lang='lat'>-</span> 
     </span>
    </p>
   </div>
   <div class='ocr_carea' id='block_1_13' title="bbox 289 2095 1365 2371">
    <p class='ocr_par' dir='ltr' id='par_1_20' title="bbox 291 2095 1365 2228">
     <span class='ocr_line' id='line_1_66' title="bbox 352 2095 1364 2138; baseline -0.005 -7"><span class='ocrx_word' id='word_1_455' title='bbox 352 2100 496 2131; x_wconf 86' lang='lat' dir='ltr'>cundum</span> <span class='ocrx_word' id='word_1_456' title='bbox 520 2107 729 2130; x_wconf 88' lang='lat' dir='ltr'>communem</span> <span class='ocrx_word' id='word_1_457' title='bbox 748 2096 953 2138; x_wconf 89' lang='lat' dir='ltr'>opinionem;</span> <span class='ocrx_word' id='word_1_458' title='bbox 978 2095 1073 2126; x_wconf 82' lang='lat' dir='ltr'>altera</span> <span class='ocrx_word' id='word_1_459' title='bbox 1094 2095 1232 2135; x_wconf 86' lang='lat' dir='ltr'>propria.</span> <span class='ocrx_word' id='word_1_460' title='bbox 1254 2096 1364 2126; x_wconf 78' lang='lat' dir='ltr'>Prima</span> 
     </span>
     <span class='ocr_line' id='line_1_67' title="bbox 291 2140 1365 2182; baseline -0.004 -7"><span class='ocrx_word' id='word_1_461' title='bbox 291 2150 354 2175; x_wconf 87' lang='lat' dir='ltr'>est:</span> <span class='ocrx_word' id='word_1_462' title='bbox 374 2144 463 2175; x_wconf 89' lang='lat' dir='ltr'>Haec</span> <span class='ocrx_word' id='word_1_463' title='bbox 477 2143 591 2174; x_wconf 85' lang='lat' dir='ltr'>divisio</span> <span class='ocrx_word' id='word_1_464' title='bbox 609 2142 722 2173; x_wconf 89' lang='lat' dir='ltr'>dicitur</span> <span class='ocrx_word' id='word_1_465' title='bbox 737 2141 865 2182; x_wconf 83' lang='lat' dir='ltr'>proprie</span> <span class='ocrx_word' id='word_1_466' title='bbox 882 2151 948 2172; x_wconf 87' lang='lat' dir='ltr'>esse</span> <span class='ocrx_word' id='word_1_467' title='bbox 963 2142 1041 2172; x_wconf 90' lang='lat' dir='ltr'>boni</span> <span class='ocrx_word' id='word_1_468' title='bbox 1056 2141 1200 2172; x_wconf 85' lang='lat' dir='ltr'>humani.</span> <span class='ocrx_word' id='word_1_469' title='bbox 1215 2140 1365 2171; x_wconf 86' lang='lat' dir='ltr'>Secunda</span> 
     </span>
     <span class='ocr_line' id='line_1_68' title="bbox 292 2185 1281 2228; baseline -0.004 -8"><span class='ocrx_word' id='word_1_470' title='bbox 292 2195 353 2220; x_wconf 87' lang='lat' dir='ltr'>est:</span> <span class='ocrx_word' id='word_1_471' title='bbox 370 2189 459 2220; x_wconf 82' lang='lat' dir='ltr'>Haec</span> <span class='ocrx_word' id='word_1_472' title='bbox 482 2187 596 2218; x_wconf 88' lang='lat' dir='ltr'>divisio</span> <span class='ocrx_word' id='word_1_473' title='bbox 616 2186 744 2228; x_wconf 89' lang='lat' dir='ltr'>proprie</span> <span class='ocrx_word' id='word_1_474' title='bbox 760 2193 806 2216; x_wconf 89' lang='lat' dir='ltr'>est</span> <span class='ocrx_word' id='word_1_475' title='bbox 829 2185 907 2216; x_wconf 90' lang='lat' dir='ltr'>boni</span> <span class='ocrx_word' id='word_1_476' title='bbox 926 2186 959 2216; x_wconf 91' lang='lat' dir='ltr'>in</span> <span class='ocrx_word' id='word_1_477' title='bbox 982 2196 1021 2217; x_wconf 88' lang='lat' dir='ltr'>eo</span> <span class='ocrx_word' id='word_1_478' title='bbox 1042 2187 1131 2227; x_wconf 93' lang='lat' dir='ltr'>quod</span> <span class='ocrx_word' id='word_1_479' title='bbox 1148 2186 1281 2216; x_wconf 89' lang='lat' dir='ltr'>bonum.</span> 
     </span>
    </p>

    <p class='ocr_par' dir='ltr' id='par_1_21' title="bbox 289 2230 1363 2371">
     <span class='ocr_line' id='line_1_69' title="bbox 342 2230 1363 2273; baseline -0.005 -9"><span class='ocrx_word' id='word_1_480' title='bbox 342 2233 502 2264; x_wconf 87' lang='lat' dir='ltr'>Probatur</span> <span class='ocrx_word' id='word_1_481' title='bbox 525 2238 659 2273; x_wconf 85' lang='lat' dir='ltr'>utraque</span> <span class='ocrx_word' id='word_1_482' title='bbox 684 2231 737 2270; x_wconf 60' lang='lat' dir='ltr'>sic.</span> <span class='ocrx_word' id='word_1_483' title='bbox 761 2230 935 2262; x_wconf 89' lang='lat' dir='ltr'>Terminus</span> <span class='ocrx_word' id='word_1_484' title='bbox 959 2230 1132 2271; x_wconf 88' lang='lat' dir='ltr'>corporalis</span> <span class='ocrx_word' id='word_1_485' title='bbox 1156 2236 1264 2260; x_wconf 90' lang='lat' dir='ltr'>motus</span> <span class='ocrx_word' id='word_1_486' title='bbox 1288 2239 1363 2260; x_wconf 92' lang='lat' dir='ltr'>con-</span> 
     </span>
     <span class='ocr_line' id='line_1_70' title="bbox 289 2273 1363 2317; baseline -0.005 -8"><span class='ocrx_word' id='word_1_487' title='bbox 289 2277 451 2309; x_wconf 85' lang='lat' dir='ltr'>venienter</span> <span class='ocrx_word' id='word_1_488' title='bbox 474 2276 624 2308; x_wconf 89' lang='lat' dir='ltr'>dividitur</span> <span class='ocrx_word' id='word_1_489' title='bbox 647 2285 703 2317; x_wconf 88' lang='lat' dir='ltr'>per</span> <span class='ocrx_word' id='word_1_490' title='bbox 726 2285 763 2306; x_wconf 86' lang='lat' dir='ltr'>ea</span> <span class='ocrx_word' id='word_1_491' title='bbox 786 2285 868 2316; x_wconf 82' lang='lat' dir='ltr'>quae</span> <span class='ocrx_word' id='word_1_492' title='bbox 892 2282 967 2306; x_wconf 92' lang='lat' dir='ltr'>sunt</span> <span class='ocrx_word' id='word_1_493' title='bbox 990 2274 1242 2316; x_wconf 82' lang='lat' dir='ltr'>proportionalia</span> <span class='ocrx_word' id='word_1_494' title='bbox 1265 2273 1363 2304; x_wconf 89' lang='lat' dir='ltr'>hone-</span> 
     </span>
     <span class='ocr_line' id='line_1_71' title="bbox 291 2319 1363 2371; baseline -0.005 -17"><span class='ocrx_word' id='word_1_495' title='bbox 291 2329 352 2359; x_wconf 85' lang='lat' dir='ltr'>sto,</span> <span class='ocrx_word' id='word_1_496' title='bbox 364 2322 439 2371; x_wconf 38' lang='lat' dir='ltr'>,utili</span> <span class='ocrx_word' id='word_1_497' title='bbox 456 2329 487 2354; x_wconf 89' lang='lat' dir='ltr'>et</span> <span class='ocrx_word' id='word_1_498' title='bbox 501 2321 687 2353; x_wconf 84' lang='lat' dir='ltr'>delectabili.</span> <span class='ocrx_word' id='word_1_499' title='bbox 703 2320 788 2360; x_wconf 80' lang='lat' dir='ltr'>Ergo</span> <span class='ocrx_word' id='word_1_500' title='bbox 805 2321 959 2351; x_wconf 89' lang='lat' dir='ltr'>terminus</span> <span class='ocrx_word' id='word_1_501' title='bbox 975 2327 1084 2351; x_wconf 90' lang='lat' dir='ltr'>motus</span> <span class='ocrx_word' id='word_1_502' title='bbox 1104 2319 1266 2360; x_wconf 88' lang='lat' dir='ltr'>appetitivi</span> <span class='ocrx_word' id='word_1_503' title='bbox 1283 2319 1363 2349; x_wconf 92' lang='lat' dir='ltr'>bene</span> 
     </span>
    </p>
   </div>
   <div class='ocr_carea' id='block_1_14' title="bbox 1419 2095 2488 2360">
    <p class='ocr_par' dir='ltr' id='par_1_22' title="bbox 1419 2095 2488 2360">
     <span class='ocr_line' id='line_1_72' title="bbox 1419 2095 2487 2127; baseline 0 -2"><span class='ocrx_word' id='word_1_504' title='bbox 1419 2096 1617 2126; x_wconf 87' lang='lat' dir='ltr'>Antecedens</span> <span class='ocrx_word' id='word_1_505' title='bbox 1651 2096 1824 2127; x_wconf 86' lang='lat' dir='ltr'>declaratur</span> <span class='ocrx_word' id='word_1_506' title='bbox 1847 2106 1884 2126; x_wconf 86' lang='lat' dir='ltr'>ex</span> <span class='ocrx_word' id='word_1_507' title='bbox 1907 2095 2062 2127; x_wconf 87' lang='lat' dir='ltr'>divisione</span> <span class='ocrx_word' id='word_1_508' title='bbox 2094 2096 2220 2127; x_wconf 91' lang='lat' dir='ltr'>termini</span> <span class='ocrx_word' id='word_1_509' title='bbox 2244 2102 2352 2127; x_wconf 89' lang='lat' dir='ltr'>motus</span> <span class='ocrx_word' id='word_1_510' title='bbox 2385 2096 2417 2126; x_wconf 93' lang='lat' dir='ltr'>in</span> <span class='ocrx_word' id='word_1_511' title='bbox 2442 2105 2487 2125; x_wconf 88' lang='lat' dir='ltr'>se-</span> 
     </span>
     <span class='ocr_line' id='line_1_73' title="bbox 1420 2139 2486 2181; baseline 0 -12"><span class='ocrx_word' id='word_1_512' title='bbox 1420 2139 1563 2170; x_wconf 89' lang='lat' dir='ltr'>cundum</span> <span class='ocrx_word' id='word_1_513' title='bbox 1587 2140 1665 2181; x_wconf 92' lang='lat' dir='ltr'>quid</span> <span class='ocrx_word' id='word_1_514' title='bbox 1689 2147 1719 2171; x_wconf 92' lang='lat' dir='ltr'>et</span> <span class='ocrx_word' id='word_1_515' title='bbox 1742 2140 1936 2180; x_wconf 88' lang='lat' dir='ltr'>simpliciter:</span> <span class='ocrx_word' id='word_1_516' title='bbox 1958 2148 1988 2171; x_wconf 91' lang='lat' dir='ltr'>et</span> <span class='ocrx_word' id='word_1_517' title='bbox 2016 2151 2123 2171; x_wconf 89' lang='lat' dir='ltr'>rursus</span> <span class='ocrx_word' id='word_1_518' title='bbox 2147 2140 2272 2171; x_wconf 88' lang='lat' dir='ltr'>termini</span> <span class='ocrx_word' id='word_1_519' title='bbox 2295 2139 2486 2180; x_wconf 88' lang='lat' dir='ltr'>simpliciter,</span> 
     </span>
     <span class='ocr_line' id='line_1_74' title="bbox 1419 2184 2487 2226; baseline 0 -12"><span class='ocrx_word' id='word_1_520' title='bbox 1419 2185 1452 2214; x_wconf 93' lang='lat' dir='ltr'>in</span> <span class='ocrx_word' id='word_1_521' title='bbox 1476 2184 1578 2224; x_wconf 85' lang='lat' dir='ltr'>ipsam</span> <span class='ocrx_word' id='word_1_522' title='bbox 1602 2194 1670 2214; x_wconf 92' lang='lat' dir='ltr'>rem</span> <span class='ocrx_word' id='word_1_523' title='bbox 1693 2184 1925 2221; x_wconf 89' lang='lat' dir='ltr'>terminantem,</span> <span class='ocrx_word' id='word_1_524' title='bbox 1947 2192 1976 2216; x_wconf 91' lang='lat' dir='ltr'>et</span> <span class='ocrx_word' id='word_1_525' title='bbox 2000 2185 2140 2226; x_wconf 87' lang='lat' dir='ltr'>quietem</span> <span class='ocrx_word' id='word_1_526' title='bbox 2164 2185 2196 2215; x_wconf 91' lang='lat' dir='ltr'>in</span> <span class='ocrx_word' id='word_1_527' title='bbox 2212 2194 2257 2215; x_wconf 85' lang='lat' dir='ltr'>ea.</span> <span class='ocrx_word' id='word_1_528' title='bbox 2279 2184 2487 2224; x_wconf 89' lang='lat' dir='ltr'>Consequen-</span> 
     </span>
     <span class='ocr_line' id='line_1_75' title="bbox 1420 2228 2488 2270; baseline -0.003 -10"><span class='ocrx_word' id='word_1_529' title='bbox 1420 2229 1463 2260; x_wconf 89' lang='lat' dir='ltr'>tia</span> <span class='ocrx_word' id='word_1_530' title='bbox 1486 2239 1561 2259; x_wconf 86' lang='lat' dir='ltr'>vero</span> <span class='ocrx_word' id='word_1_531' title='bbox 1585 2229 1688 2269; x_wconf 83' lang='lat' dir='ltr'>prima</span> <span class='ocrx_word' id='word_1_532' title='bbox 1716 2229 1884 2269; x_wconf 87' lang='lat' dir='ltr'>probatur:</span> <span class='ocrx_word' id='word_1_533' title='bbox 1910 2229 1985 2270; x_wconf 90' lang='lat' dir='ltr'>quia</span> <span class='ocrx_word' id='word_1_534' title='bbox 2015 2229 2168 2260; x_wconf 86' lang='lat' dir='ltr'>terminus</span> <span class='ocrx_word' id='word_1_535' title='bbox 2193 2235 2300 2259; x_wconf 90' lang='lat' dir='ltr'>motus</span> <span class='ocrx_word' id='word_1_536' title='bbox 2326 2228 2488 2268; x_wconf 87' lang='lat' dir='ltr'>appetitivi</span> 
     </span>
     <span class='ocr_line' id='line_1_76' title="bbox 1421 2273 2486 2314; baseline -0.002 -10"><span class='ocrx_word' id='word_1_537' title='bbox 1421 2284 1457 2305; x_wconf 85' lang='lat' dir='ltr'>ex</span> <span class='ocrx_word' id='word_1_538' title='bbox 1481 2274 1703 2304; x_wconf 87' lang='lat' dir='ltr'>terminatione</span> <span class='ocrx_word' id='word_1_539' title='bbox 1718 2280 1826 2304; x_wconf 89' lang='lat' dir='ltr'>motus</span> <span class='ocrx_word' id='word_1_540' title='bbox 1851 2274 2022 2314; x_wconf 85' lang='lat' dir='ltr'>corporalis</span> <span class='ocrx_word' id='word_1_541' title='bbox 2038 2273 2216 2304; x_wconf 87' lang='lat' dir='ltr'>innotescit.</span> <span class='ocrx_word' id='word_1_542' title='bbox 2235 2273 2379 2304; x_wconf 88' lang='lat' dir='ltr'>Secunda</span> <span class='ocrx_word' id='word_1_543' title='bbox 2395 2281 2486 2302; x_wconf 87' lang='lat' dir='ltr'>vero:</span> 
     </span>
     <span class='ocr_line' id='line_1_77' title="bbox 1420 2317 2465 2360; baseline -0.003 -11"><span class='ocrx_word' id='word_1_544' title='bbox 1420 2319 1496 2360; x_wconf 88' lang='lat' dir='ltr'>quia</span> <span class='ocrx_word' id='word_1_545' title='bbox 1520 2319 1644 2349; x_wconf 88' lang='lat' dir='ltr'>bonum</span> <span class='ocrx_word' id='word_1_546' title='bbox 1668 2325 1714 2349; x_wconf 87' lang='lat' dir='ltr'>est</span> <span class='ocrx_word' id='word_1_547' title='bbox 1737 2318 1769 2348; x_wconf 90' lang='lat' dir='ltr'>id</span> <span class='ocrx_word' id='word_1_548' title='bbox 1793 2318 1882 2359; x_wconf 90' lang='lat' dir='ltr'>quod</span> <span class='ocrx_word' id='word_1_549' title='bbox 1909 2318 2076 2359; x_wconf 81' lang='lat' dir='ltr'>appetitur.</span> <span class='ocrx_word' id='word_1_550' title='bbox 2096 2336 2116 2341; x_wconf 90' lang='lat'><em>-</em></span> <span class='ocrx_word' id='word_1_551' title='bbox 2136 2318 2254 2349; x_wconf 88' lang='lat' dir='ltr'>Omnia</span> <span class='ocrx_word' id='word_1_552' title='bbox 2278 2324 2351 2348; x_wconf 91' lang='lat' dir='ltr'>sunt</span> <span class='ocrx_word' id='word_1_553' title='bbox 2375 2317 2465 2347; x_wconf 84' lang='lat' dir='ltr'>clara.</span> 
     </span>
    </p>
   </div>
   <div class='ocr_carea' id='block_1_15' title="bbox 953 2817 1822 3055">
    <p class='ocr_par' dir='ltr' id='par_1_23' title="bbox 953 2817 1822 3055">
     <span class='ocr_line' id='line_1_78' title="bbox 953 2817 1822 3055; baseline 0 1123"><span class='ocrx_word' id='word_1_554' title='bbox 953 2817 1822 3055; x_wconf 95' lang='lat' dir='ltr'> </span> 
     </span>
    </p>
   </div>
   <div class='ocr_carea' id='block_1_16' title="bbox 436 3653 940 3679">
    <p class='ocr_par' dir='ltr' id='par_1_24' title="bbox 436 3653 940 3679">
     <span class='ocr_line' id='line_1_79' title="bbox 436 3653 940 3679; baseline -0.004 0"><span class='ocrx_word' id='word_1_555' title='bbox 436 3656 546 3679; x_wconf 70' lang='lat' dir='ltr'>Summa</span> <span class='ocrx_word' id='word_1_556' title='bbox 565 3654 667 3678; x_wconf 64' lang='lat' dir='ltr'>Timon.</span> <span class='ocrx_word' id='word_1_557' title='bbox 689 3654 719 3677; x_wconf 89' lang='lat' dir='ltr'>D.</span> <span class='ocrx_word' id='word_1_558' title='bbox 738 3653 852 3678; x_wconf 73' lang='grc' dir='ltr'><strong>ΤΗοΜΑΕ</strong></span> <span class='ocrx_word' id='word_1_559' title='bbox 871 3654 904 3678; x_wconf 89' lang='lat' dir='ltr'>T.</span> <span class='ocrx_word' id='word_1_560' title='bbox 923 3654 940 3677; x_wconf 95' lang='lat' dir='ltr'>l.</span> 
     </span>
    </p>
   </div>
  </div>
 </body>
</html>
