2768 4178
31 923 99 945 Cf.
115 929 142 944 su
160 929 185 945 ra
205 929 245 951 qu.

31 956 57 977 11,
71 950 159 972 Intro.

30 1453 40 1462 ·
55 1452 104 1480 Qu.
118 1458 185 1474 xvnt.

30 1507 40 1516 '¹
58 1505 106 1533 Qu.
121 1511 167 1527 xvr.

34 2824 111 2851 ’.Ωιι
125 2829 181 2851 xm,
204 2826 247 2845 art.

31 2857 55 2879 9,
70 2850 97 2872 ad
112 2856 133 2872 2.

33 2926 127 2948 'Vers-
141 2933 174 2956 33.

275 283 346 319 166

987 285 1256 333 QUAESTIO
1285 284 1390 332 XIV,
1421 284 1719 322 ARTICULUS
1750 285 1764 321 I

822 485 1234 563 QUAESTIO
1272 485 1931 562 DECIMAQUARTA

1102 605 1187 646 DE
1220 604 1503 646 SCIENTIA
1537 606 1640 646 DEI

1009 713 1048 737 IN
1083 712 1292 738 SEXDECIM
1326 713 1567 748 ARTlCULOS
1602 713 1742 744 DlVISA

342 820 411 845 osr
435 807 781 845 considerationem
806 819 940 844 eorum
970 819 1068 855 quae
1098 807 1146 844 ad
1175 806 1346 844 divinam

274 818 593 900 psubstantiam
630 861 837 910 pertinent,
873 867 988 897 restat
1025 859 1347 897 considerandum

274 916 320 953 de
340 915 399 952 his
419 927 518 964 quae
546 915 735 964 pertinent
754 915 802 952 ad
822 914 1087 963 operationem
1107 913 1225 962 ipsius
1244 913 1275 950 ³⁸.
1298 914 1347 950 Et

274 969 363 1018 quia
393 968 563 1017 operatio
593 969 785 1016 quaedam
816 975 871 1004 est
900 979 998 1016 quae
1028 975 1159 1004 manet
1186 966 1225 1004 in
1254 979 1343 1016 ope-

273 1030 379 1059 rante
399 1029 431 1068 α,
462 1022 654 1071 quaedam
683 1033 778 1058 vero
800 1032 898 1070 quae
917 1019 1092 1069 procedit
1119 1020 1158 1057 in
1188 1020 1346 1057 exterio-

273 1088 355 1113 rem
386 1075 577 1121 effectum,
606 1073 731 1123 primo
762 1086 920 1122 agemus
950 1073 997 1111 de
1027 1073 1181 1111 scientia
1211 1081 1247 1110 et
1273 1086 1343 1111 vo-

272 1130 413 1165 luntate
439 1131 547 1175 (nam
566 1127 773 1175 intelligere
797 1127 836 1164 in
855 1126 1082 1175 intelligente
1103 1134 1169 1173 est,
1192 1134 1228 1164 et
1245 1127 1345 1164 velle

272 1182 310 1219 in
324 1182 511 1228 volente);
533 1188 569 1218 et
582 1180 835 1229 postmodum
850 1180 870 1202 ²¹⁶
885 1179 934 1217 de
953 1180 1124 1229 potentia
1142 1180 1228 1228 Dei,
1245 1193 1344 1230 quae

273 1235 534 1272 consideratur
559 1242 602 1271 ut
624 1234 854 1283 principium
881 1234 1114 1282 operationis
1134 1233 1286 1271 divinae
1306 1234 1345 1271 in

273 1289 452 1326 effectum
474 1287 699 1325 exteriorem
718 1286 972 1337 procedentiS.
995 1287 1098 1334 Quia
1119 1299 1214 1325 vero
1238 1287 1344 1325 intel-

271 1342 386 1390 ligere
413 1342 611 1391 quoddam
630 1341 763 1379 vivere
785 1348 857 1388 est,
882 1348 970 1390 post
996 1340 1344 1378 considerationem

273 1395 425 1433 divinae
459 1395 658 1443 scientiae,
695 1394 1019 1432 considerandum
1050 1394 1118 1431 erit
1144 1393 1162 1423 β
1191 1394 1239 1432 de
1267 1394 1345 1431 vita

272 1449 400 1487 divina
414 1450 444 1487 ²¹⁶.
475 1450 524 1486 Et
543 1448 632 1497 quia
656 1447 811 1485 scientia
829 1460 1012 1485 verorum
1035 1455 1100 1495 est,
1132 1448 1201 1485 erit
1228 1447 1343 1485 etiarn

273 1502 597 1540 considerandum
617 1503 666 1539 de
684 1501 843 1538 veritate
864 1509 901 1539 et
920 1501 1078 1539 falsitate
1098 1501 1128 1538 ³⁸.
1160 1503 1343 1549 Rursum,

272 1556 362 1604 quia
387 1569 503 1593 omne
525 1555 719 1604 cognitum
740 1555 778 1591 in
799 1562 1053 1603 cognoscente
1081 1562 1147 1602 est,
1178 1554 1344 1592 rationes

271 1617 401 1647 autem
421 1621 550 1647 rerum
570 1609 784 1646 secundum
805 1608 912 1657 quod
931 1615 1020 1645 sunt
1038 1608 1077 1645 in
1096 1609 1181 1645 Deo
1203 1620 1344 1657 cogno-

271 1671 413 1711 scente,
435 1663 543 1700 ideae
562 1670 762 1709 vocantur,
785 1674 875 1699 cum
898 1661 1204 1699 consideratione
1225 1661 1344 1699 scien-

270 1717 344 1754 tiae
365 1716 434 1754 erit
449 1716 563 1753 etiam
575 1721 590 1743 ⁷
605 1715 848 1764 adiungenda
868 1715 1122 1753 consideratio
1143 1715 1191 1752 de
1206 1715 1301 1752 ideis
1311 1714 1342 1752 ²¹⁸.

272 1770 383 1808 Circa
411 1770 608 1807 scientiam
635 1782 730 1806 vero
761 1777 995 1818 quaeruntur
1023 1768 1228 1811 sexdecim.

324 1823 472 1861 Primo:
501 1831 630 1860 utrum
659 1823 698 1860 in
726 1824 812 1860 Deo
842 1822 888 1860 sit
916 1822 1083 1860 scientia.

1457 808 1653 846 Secundo:
1682 815 1812 846 utrum
1841 809 1948 846 Deus
1975 808 2156 858 intelligat
2183 810 2364 859 seipsum.

1450 861 1605 898 Tertio:
1634 868 1764 898 utrum
1793 863 2096 911 comprehendat
2123 876 2176 901 se.

1455 913 1624 960 Quarto:
1654 921 1784 952 utrum
1817 927 1930 952 suurn
1967 915 2173 965 intelligere
2210 916 2256 954 sit
2288 929 2356 954 sua
2384 918 2472 955 sub-

1508 974 1656 1004 stantia.

1455 1020 1618 1067 Quinto:
1648 1027 1776 1058 utrum
1804 1021 1983 1070 intelligat
2011 1022 2083 1059 alia
2112 1034 2135 1059 a
2162 1035 2215 1061 se.

1454 1074 1592 1111 Sexto:
1621 1081 1751 1111 utrum
1783 1075 1924 1112 habeat
1953 1074 2000 1111 de
2029 1075 2082 1112 eis
2114 1076 2311 1125 propriam
2346 1078 2474 1127 cogni-

1506 1135 1662 1165 tionem.

1455 1181 1650 1230 Septimo:
1679 1188 1809 1218 utrum
1838 1180 1994 1218 scientia
2021 1181 2094 1218 Dei
2121 1182 2168 1219 sit
2195 1182 2417 1223 discursiva.

1454 1235 1623 1272 Octavo:
1652 1242 1782 1272 utrum
1811 1234 1965 1272 scientia
1993 1234 2066 1271 Dei
2095 1235 2141 1272 sit
2170 1248 2285 1274 causa
2313 1250 2452 1277 rerum.

1453 1289 1591 1325 Nono:
1619 1295 1750 1325 utrum
1779 1288 1935 1326 scientia
1954 1288 2027 1325 Dei
2047 1288 2092 1325 sit
2112 1301 2249 1327 eorum
2273 1303 2373 1339 quae
2392 1304 2473 1330 non

1507 1349 1605 1378 sunt.

1452 1394 1634 1432 Decimo:
1663 1401 1792 1432 utrum
1821 1394 1868 1432 sit
1894 1396 2099 1433 malorum.

1452 1447 1689 1486 Undecimo:
1718 1455 1848 1485 utrum
1877 1448 1924 1486 sit
1951 1448 2211 1497 singularium.

1453 1501 1719 1539 Duodecimo:
1748 1509 1877 1540 utrum
1907 1502 1954 1540 sit
1980 1501 2230 1541 infinitorum.

1452 1554 1752 1593 Decimotertio:
1789 1563 1919 1593 utrum
1955 1555 2001 1593 sit
2036 1556 2337 1606 contingentium
2375 1558 2474 1596 futu-

1506 1620 1651 1646 rorum.

1452 1661 1773 1711 Decimoquarto:
1803 1668 1932 1699 utrum
1960 1662 2007 1700 sit
2035 1663 2337 1702 enuntiabilium.

1453 1715 1770 1764 Decimoquinto:
1791 1722 1919 1753 utrum
1935 1715 2091 1754 scientia
2109 1717 2183 1754 Dei
2203 1717 2249 1755 sit
2266 1717 2473 1756 variabilis.

1452 1769 1746 1806 Decimosexto:
1784 1776 1914 1806 utrum
1950 1770 2057 1807 Deus
2095 1771 2143 1809 de
2181 1771 2298 1808 rebus
2334 1772 2475 1809 habeat

1506 1822 1782 1872 speculativam
1811 1822 2008 1860 scientiam
2035 1824 2098 1861 vel
2126 1823 2346 1873 practicam.

1093 1931 1415 1974 ARTICULUS
1447 1931 1654 1974 PRIMUS

999 2027 1173 2058 UTRUM
1202 2027 1250 2057 1N
1278 2026 1379 2058 DEo
1403 2026 1480 2057 SIT
1508 2025 1745 2058 sc1ENT1A

539 2108 547 2132 1
567 2107 650 2137 Sem„
671 2107 730 2132 dist.
748 2115 820 2139 ων,
840 2112 888 2132 art.
906 2114 926 2138 1;
947 2107 956 2131 l
979 2107 1055 2132 Cont.
1077 2108 1165 2137 Gent„
1185 2114 1241 2138 cap.
1259 2113 1331 2137 xuv3
1352 2106 1394 2131 De
1418 2106 1508 2136 Ver-it„
1528 2114 1573 2139 qu.
1592 2114 1619 2137 u,
1640 2111 1687 2132 art.
1706 2114 1727 2137 ¹3
1749 2106 1895 2139 Compend.
1915 2106 2015 2137 77:201..
2035 2114 2090 2140 cap.
2108 2115 2201 2138 xxvm;

1199 2142 1246 2166 Xll
1265 2142 1394 2174 Metaph„
1415 2142 1473 2167 lect.
1492 2149 1546 2167 vm.

391 2260 433 2293 ,713
484 2243 506 2268 D
536 2243 673 2268 PmMUM
702 2243 755 2268 sxc
784 2242 1025 2268 PROCEDITUR.
1054 2230 1216 2268 Videtur
1235 2229 1342 2279 quod

399 2285 400 2289 ’
484 2284 522 2322 in
551 2285 636 2321 Deo
666 2296 745 2321 non
774 2283 821 2320 sit
849 2283 1016 2321 scientia.
1048 2283 1213 2321 Scientia
1237 2283 1342 2321 enim

309 2338 405 2386 ίἦν»
431 2336 634 2388 {habitus
655 2345 726 2374 est:
748 2337 813 2386 qui
832 2338 917 2374 Deo
939 2349 1017 2374 non
1039 2336 1230 2385 competit,
1252 2349 1341 2373 cum

329 2343 530 2428 &asu
558 2390 709 2428 medius
746 2390 843 2428 inter
878 2389 1090 2439 potentiam
1129 2398 1166 2427 et
1200 2397 1340 2427 actum.

272 2443 374 2491 Ergo
404 2443 560 2481 scientia
589 2456 669 2481 non
698 2451 754 2480 est
781 2443 820 2480 in
848 2444 945 2480 Deo.

327 2508 361 2533 2.
392 2497 626 2545 PRAETEREA,
648 2497 815 2544 scientia,
846 2509 933 2533 cum
962 2496 1008 2534 sit
1037 2496 1341 2544 conclusionum,

273 2557 328 2586 est
357 2550 548 2598 quaedam
578 2550 742 2599 cognitio
772 2551 823 2587 ab
849 2550 923 2587 alio
953 2557 1118 2597 causata,
1139 2550 1278 2587 scilicet
1298 2562 1343 2587 ex

273 2602 487 2651 cognitione
516 2604 805 2653 principiorum.
837 2604 914 2640 Sed
942 2603 1034 2641 nihil
1063 2611 1262 2641 causatum
1287 2611 1344 2641 est

272 2656 311 2693 in
339 2657 436 2693 Deo.
468 2658 570 2705 Ergo
599 2656 755 2695 scientia
783 2669 862 2694 non
892 2665 947 2694 est
974 2656 1013 2694 in
1041 2657 1139 2694 Deo.

329 2710 362 2746 3.
393 2711 636 2758 PRAETEREA,
667 2710 792 2747 omnis
830 2709 986 2747 scientia
1018 2710 1081 2747 vel
1117 2709 1344 2748 universalis

272 2763 335 2800 vel
362 2763 596 2812 particularis
626 2771 692 2801 est.
724 2763 802 2800 Sed
830 2763 868 2800 in
897 2765 982 2800 Deo
1012 2775 1092 2800 non
1117 2770 1172 2800 est
1189 2763 1344 2801 univer-

274 2817 351 2853 sale
390 2824 425 2853 et
460 2817 707 2866 particulare,
737 2824 778 2853 ut
816 2829 859 2853 ex
898 2816 1156 2876 superioribus
1181 2816 1200 2839 ’¹‘
1227 2824 1341 2866 patet.

274 2871 377 2918 Ergo
407 2869 445 2906 in
474 2871 558 2907 Deo
589 2882 668 2907 non
699 2877 754 2906 est
782 2870 949 2907 scientia.

329 2924 403 2960 SED
423 2935 569 2960 CONTRA
589 2935 654 2960 EST
674 2923 778 2972 quod
794 2924 1002 2971 Apostolus
1023 2923 1111 2960 dicit
1130 2924 1244 2961 Rom.
1260 2922 1342 2960 XI*:

279 2976 311 3014 O
338 2977 492 3013 altitudo
520 2977 738 3013 divitiarum
765 2977 971 3025 sapientiae
999 2982 1035 3013 et
1060 2977 1237 3014 scientiae
1259 2977 1344 3014 Dei.

328 3031 554 3067 Responzo
579 3042 764 3067 DICENDUM
784 3029 889 3078 quod
909 3029 947 3066 in
966 3031 1051 3067 Deo
1071 3029 1344 3079 perfectissime

276 3090 331 3119 est
350 3083 515 3120 scientia.
546 3083 607 3120 Ad
629 3083 735 3120 cuius
756 3082 1000 3131 evidentiam,
1022 3082 1345 3121 considerandum

275 3143 330 3172 est
364 3136 470 3185 quod
504 3136 772 3184 cognoscentia
801 3149 823 3173 a
851 3149 929 3173 non
961 3136 1279 3185 cognoscentibus
1307 3136 1345 3173 in

273 3189 353 3225 hoc.
387 3189 684 3238 distinguuntur,
714 3189 804 3238 quia
841 3201 920 3226 non
959 3189 1227 3238 cognoscentia
1255 3188 1345 3226 nihil

274 3242 417 3279 habent
436 3240 449 3264 ⁸
477 3243 547 3280 nisi
576 3243 742 3280 formam
772 3254 881 3279 suam
910 3250 1076 3289 tantum;
1106 3242 1174 3280 sed
1203 3254 1344 3291 cogno·

275 3308 384 3332 scens
413 3303 545 3333 natum
575 3303 631 3333 est
659 3296 801 3333 habere
837 3295 1002 3332 formam
1033 3296 1146 3333 etiam
1175 3295 1228 3333 rei
1257 3295 1345 3332 alte—

275 3348 376 3396 rius,
420 3361 509 3385 nam
549 3348 694 3398 species
733 3348 870 3397 cogniti
909 3356 965 3386 est
1002 3348 1039 3386 in
1077 3355 1342 3397 cognoscente.

275 3401 385 3438 Unde
415 3402 660 3439 manifestum
694 3409 749 3439 est
781 3402 886 3450 quod
920 3409 1053 3439 natura
1088 3403 1141 3439 rei
1171 3414 1250 3439 non
1279 3413 1342 3438 co—

329 3517 356 3549 α)
376 3521 511 3549 operante.
524 3531 542 3536 —
561 3522 590 3543 ut
609 3518 757 3551 intelligere
776 3521 802 3542 et
822 3517 886 3542 velle
905 3517 974 3542 addit
993 3518 1022 3542 Β.

330 3551 355 3584 β)
375 3553 434 3577 erit.
447 3566 467 3573 --
484 3556 523 3578 est
542 3554 603 3578 Pab.

329 3589 356 3620 γ)
375 3588 465 3612 etiam.
484 3601 502 3607 —-
520 3588 581 3613 Om.
602 3588 700 3613 BCDE.

1396 2230 1611 2278 gnoscentis
1631 2238 1688 2267 est
1708 2230 1829 2278 tnagis
1858 2238 2049 2268 coarctata
2077 2238 2114 2268 et
2139 2230 2315 2269 limitata:
2340 2239 2476 2270 natura

1397 2290 1526 2320 autem
1550 2295 1680 2320 rerum
1703 2283 2017 2331 cognoscentium
2042 2284 2160 2321 habet
2181 2284 2372 2322 maiorem
2392 2297 2475 2322 am-

1396 2335 1623 2385 plitudinem
1663 2344 1699 2373 et
1734 2336 2010 2374 extensionem.
2051 2337 2214 2386 Propter
2250 2338 2357 2387 quod
2385 2338 2475 2376 dicit

1398 2389 1668 2438 Philosophus,
1686 2391 1735 2426 111
1756 2389 1802 2427 de
1820 2390 1963 2427 Anima
1978 2389 2010 2438 *,
2031 2390 2137 2440 quod
2156 2391 2287 2428 anima
2307 2397 2363 2428 est
2382 2385 2489 2440 quos

1397 2443 1600 2480 dammodo
1636 2443 1776 2480 omnia.
1817 2443 2034 2480 Coarctatio
2068 2450 2199 2481 autem
2234 2444 2383 2482 formae
2417 2452 2474 2483 est

1397 2508 1467 2546 per
1485 2495 1698 2533 materiam.
1725 2496 1838 2534 Unde
1859 2504 1896 2534 et
1920 2508 2036 2546 supra
2050 2496 2071 2518 ’⁸‘
2090 2497 2253 2535 diximus
2273 2497 2380 2547 quod
2398 2498 2474 2536 for-

1398 2561 1503 2597 mae,
1533 2549 1749 2587 secundum
1778 2550 1884 2599 quod
1913 2557 2000 2587 sunt
2031 2549 2152 2598 magis
2180 2549 2472 2601 immateriales,

1397 2602 1611 2640 secundum
1639 2603 1715 2640 hoc
1743 2603 1864 2651 magis
1887 2604 2076 2641 accedunt
2095 2603 2144 2640 ad
2163 2604 2360 2653 quandam
2387 2604 2473 2643 infi-

1397 2655 1567 2694 nitatem.
1597 2657 1706 2694 Patet
1730 2655 1842 2704 igitur
1865 2656 1972 2706 quod
1995 2656 2294 2695 immaterialitas
2314 2657 2473 2697 alicuius

1398 2709 1452 2747 rei
1481 2716 1537 2747 est
1564 2709 1659 2747 ratio
1688 2711 1795 2758 quod
1822 2709 1868 2747 sit
1897 2709 2172 2758 cognoscitiva3
2193 2717 2230 2748 et
2257 2711 2473 2750 secundum

1398 2762 1562 2801 modum
1599 2762 1925 2800 immaterialitatis
1963 2770 2019 2801 est
2055 2763 2196 2801 modus
2235 2763 2470 2812 cognitionis.

1398 2816 1510 2854 Unde
1540 2816 1579 2853 in
1599 2817 1631 2853 II
1658 2817 1704 2853 de
1725 2817 1868 2854 Anima
1887 2816 1907 2838 '¹‘
1936 2816 2072 2854 dicitur
2095 2816 2202 2866 quod
2220 2818 2372 2866 plantae
2391 2830 2472 2856 non
2500 2830 2510 2841 ·

2501 2405 2717 2456 ἶὲἳῗιῑῗοὲὶᾶὶιῖ

2500 2508 2510 2519 ·
2519 2506 2611 2535 Quam.
2618 2510 2662 2530 nrt.
2668 2512 2715 2536 m.

1400 2876 1652 2918 cognoscunt,
1672 2877 1829 2919 propter
1848 2882 1958 2907 suam
1981 2869 2296 2908 materialitatem.
2326 2871 2472 2908 Sensus
2518 2872 2525 2922 J

1398 2930 1528 2960 autem
1558 2922 1839 2971 cognoscitivus
1860 2931 1926 2971 est,
1947 2923 2036 2973 quia
2059 2923 2275 2972 receptivus
2304 2930 2360 2960 est
2387 2936 2472 2974 spe-

1401 2976 1543 3013 cierum
1570 2975 1651 3013 sine
1680 2976 1856 3013 materia:
1887 2985 1924 3014 et
1948 2977 2160 3014 intellectus
2178 2975 2304 3014 adhuc
2323 2977 2446 3025 magis
2460 2983 2472 2998 ⁸

1400 3029 1694 3077 cognoscitivus,
1716 3029 1806 3078 quia
1836 3030 1956 3078 magis
1981 3036 2176 3079 separatus
2197 3037 2253 3067 est
2272 3042 2294 3066 a
2314 3030 2472 3068 materia

1401 3090 1437 3119 et
1464 3082 1671 3130 immixtus,
1691 3090 1734 3119 ut
1758 3082 1893 3120 dicitur
1921 3083 1959 3120 in
1979 3084 2029 3120 111
2058 3082 2104 3120 de
2122 3082 2264 3120 Anima
2282 3082 2314 3120 ²¹³.
2344 3083 2469 3132 Unde,
2498 3091 2508 3101 ·
2528 3089 2578 3119 cuv

1401 3147 1488 3172 cum
1517 3137 1623 3173 Deus
1652 3135 1699 3173 sit
1726 3135 1764 3172 in
1793 3149 1949 3173 summo
1978 3135 2326 3184 immaterialitatis,
2355 3144 2398 3174 ut
2425 3149 2471 3174 ex
2497 3149 2532 3166 vu

1400 3189 1660 3238 superioribus
1684 3189 1704 3211 '¹‘
1733 3196 1855 3238 patet,
1897 3188 2065 3239 sequitur
2098 3189 2202 3238 quod
2235 3188 2316 3238 ipse
2354 3189 2400 3227 sit
2431 3190 2471 3228 in
2498 3197 2507 3206 ·

1400 3254 1555 3279 summo
1586 3241 1820 3290 cognitionis.

1453 3297 1512 3332 AD
1533 3307 1670 3333 PRIMUM
1690 3307 1788 3333 ERGO
1808 3306 1993 3333 Dtcnnnum
2017 3294 2134 3344 quod,
2162 3294 2252 3343 quia
2270 3295 2470 3345 perfectio-

1399 3360 1467 3385 nes
1494 3348 1748 3397 procedentes
1768 3361 1791 3386 a
1809 3349 1895 3386 Deo
1923 3347 1962 3384 in
1983 3355 2186 3396 creaturaS,
2209 3348 2329 3386 altiori
2348 3348 2468 3387 modo

1400 3409 1487 3438 sunt
1506 3401 1544 3438 in
1559 3402 1645 3438 Deo
1666 3401 1691 3449 ς,
1707 3409 1748 3438 ut
1767 3413 1882 3450 supra
1895 3400 1915 3423 ²⁸⁸
1930 3400 2073 3438 dictum
2094 3409 2160 3450 est,
2178 3409 2330 3451 oportet
2348 3401 2467 3452 quod,
2496 3416 2507 3428 ·
2566 3431 2573 3439 .

1453 3516 1475 3548 ε)
1494 3516 1583 3541 adhuc
1602 3516 1698 3549 magIs.
1710 3529 1728 3535 ·—
1741 3518 1781 3541 est
1798 3514 1886 3540 adhuc
1905 3515 1993 3548 magis
2011 3516 2042 3547 A,
2061 3514 2150 3541 adhuc
2169 3515 2257 3549 magis
2275 3518 2315 3541 est
2333 3515 2361 3545 Β,
2380 3514 2470 3542 ιιάὴκε

1398 3554 1438 3577 est
1457 3551 1543 3584 magis
1562 3551 1661 3576 CEFG.

1451 3585 1477 3618 ζ)
1497 3586 1524 3611 in
1545 3586 1612 3612 Deo.
1629 3599 1649 3604 -
1666 3593 1745 3619 quam
1772 3586 1798 3611 in
1818 3586 1950 3611 creaturis
1969 3586 2040 3612 addit
2058 3586 2088 3612 Β.
2106 3599 2125 3606 -
2143 3587 2211 3612 Ante
2229 3592 2324 3611 nomen
2347 3586 2470 3612 omittunt

329 3622 354 3655 ὃ)
375 3630 426 3648 non
450 3624 636 3656 cognoscentia
661 3624 727 3648 m'h1'l
751 3623 856 3648 habent.
874 3637 892 3642 -
911 3623 937 3648 in
959 3630 1010 3648 non
1035 3622 1254 3656 cognoscentibus
1277 3621 1344 3648 nihil
1397 3621 1507 3654 aliquod
1525 3622 1545 3646 B
1565 3626 1590 3646 et
1610 3621 1667 3646 edd.
1687 3621 1733 3647 Pb.

276 3659 353 3684 habet
372 3659 536 3692 CDEGpAF,
556 3667 607 3684 non
628 3666 789 3692 cognoscens
809 3659 875 3684 nihi!
893 3659 971 3684 habet
990 3659 1080 3684 BsAF.
