2768 4178
317 266 391 302 382
973 266 1239 313 QUAESTIO
1268 266 1449 313 XXXVI,
1477 265 1774 302 ARTICULUS
1804 266 1853 301 III

1124 409 1441 451 ARTICULUS
1470 409 1698 451 TERTIUS

743 504 899 534 UTRUM
923 502 1112 533 spmrrus
1137 501 1333 532 SANCTUS
1357 501 1592 533 PROCEDAT
1616 504 1645 532 A
1669 502 1811 532 PATRE
1830 503 1914 533 PER
1938 503 2087 534 FlLlUM

908 582 917 606 Ι
938 582 1020 609 Sent„
1041 581 1099 604 dist.
1118 588 1162 612 111,
1182 585 1228 605 art.
1249 580 1278 610 33
1301 581 1401 605 Contra
1420 587 1525 605 errores
1547 581 1651 611 Graec„
1671 586 1743 613 parte
1761 582 1790 612 ΙΙ,
1810 589 1865 614 cap.
1879 589 1913 607 1x.

377 710 386 718 ,
443 689 516 740 μή(
535 684 558 708 D
578 683 738 708 TERTmM
758 683 810 707 sm
831 681 1069 707 raom-:orrum
1099 668 1259 705 Videtur
1282 669 1388 718 quod

451 709 516 782 ‘'{fji}
538 724 697 773 Spiritus
728 725 888 760 Sanctus
918 735 996 760 non
1023 722 1206 771 procedat
1225 734 1247 758 a
1275 722 1387 758 Patre

422 790 464 824 ,νς
479 764 604 826 ‘iz—sper
642 777 792 814 Filium.
833 776 950 823 Quod
989 775 1090 811 enim
1128 774 1302 823 procedit
1338 775 1386 810 ab

432 818 663 878 qe&aliquo
692 842 760 878 per
788 829 954 877 aliquem
974 835 1002 874 α,
1031 840 1111 865 non
1138 827 1311 876 procedit
1339 827 1386 863 ab

324 895 368 920 eo
399 883 631 921 immediate.
659 883 699 919 Si
718 883 828 930 igitur
852 882 1012 930 Spiritus
1033 882 1194 918 Sanctus
1214 880 1387 929 procedit

323 949 345 973 a
373 938 483 973 Patre
511 949 581 985 per
610 936 760 982 Filium,
782 948 860 972 non
879 934 1050 984 procedit
1070 946 1092 970 a
1110 935 1222 970 Patre
1250 933 1386 969 imme-

324 990 432 1027 diate.
464 990 580 1036 Quod
608 989 758 1026 videtur
786 988 1073 1026 inconveniens.

377 1055 411 1079 2.
446 1044 684 1088 PRAETEREA,
719 1041 750 1077 si
783 1041 941 1089 Spiritus
970 1042 1131 1078 Sanctus
1165 1039 1337 1089 procedit
1365 1053 1387 1077 a

322 1096 431 1132 Patre
461 1108 530 1144 per
558 1094 707 1141 Filium,
729 1106 808 1131 non
836 1094 1009 1143 procedit
1038 1106 1060 1130 a
1084 1093 1178 1131 Filio
1209 1092 1279 1129 nisi
1299 1106 1387 1141 pro-

322 1155 405 1196 pter
441 1150 605 1185 Patrem.
646 1147 724 1184 Sed
753 1153 911 1196 propter
948 1147 1049 1195 quod
1075 1147 1386 1195 unumquodque,

81 1212 294 1267 {1¹1f‘ffes'sfiiil
322 1207 356 1238 et
383 1201 475 1238 illud
500 1201 624 1250 magis
642 1200 672 1238 ³⁸.
703 1201 806 1248 Ergo
836 1200 956 1248 magis
983 1199 1156 1249 procedit
1180 1198 1197 1228 β
1225 1212 1248 1236 a
1276 1200 1386 1236 Patre

82 1256 134 1287 le’ct.
145 1255 180 1287 νι.ι

181 1292 196 1326 β

181 1953 198 1978 Υ

322 1267 436 1304 quam
468 1267 489 1291 a
518 1254 623 1291 Filio.

377 1309 411 1345 3.
442 1309 675 1353 PRAETEREA,
701 1306 816 1343 Filius
835 1306 951 1343 habet
971 1318 1054 1343 esse
1082 1318 1151 1355 per
1177 1306 1388 1353 generatio-

322 1373 424 1398 nem.
456 1361 495 1398 Si
523 1360 633 1408 igitur
667 1359 826 1408 Spiritus
857 1360 1018 1396 Sanctus
1047 1367 1103 1396 est
1130 1372 1152 1396 a
1181 1360 1291 1396 Patre
1319 1371 1389 1408 per

323 1414 471 1461 Filium,
502 1413 672 1462 sequitur
700 1413 806 1461 quod
832 1413 935 1462 prius
964 1419 1164 1461 generetur
1192 1412 1323 1459 Filius,
1354 1419 1389 1449 et

321 1474 456 1516 postea
475 1467 658 1515 procedat
677 1465 838 1514 Spiritus
860 1467 1032 1503 Sanctus.
1055 1466 1103 1502 Et
1123 1465 1174 1502 sic
1193 1465 1387 1514 processio

323 1520 483 1569 Spiritus
512 1520 639 1556 Sancti
657 1531 737 1556 non
766 1527 821 1556 est
849 1526 1013 1556 aeterna.
1045 1519 1162 1565 Quod
1183 1526 1238 1555 est
1256 1519 1389 1556 haere-

322 1573 453 1610 ticum.

375 1639 412 1674 4.
442 1627 676 1673 PRAETEREA,
699 1637 787 1662 curn
816 1625 951 1673 aliquis
981 1625 1115 1663 dicitur
1132 1637 1202 1673 per
1222 1624 1388 1674 aliquem

323 1679 494 1728 operari,
524 1686 649 1727 potest
677 1691 697 1715 e
727 1690 916 1715 converso
946 1678 1040 1715 dici:
1080 1678 1175 1715 sicut
1203 1678 1305 1715 enim
1335 1678 1388 1715 di-

324 1733 444 1769 cimus
465 1732 570 1781 quod
598 1744 663 1768 rex
684 1739 864 1781 operatur
882 1744 952 1780 per
975 1731 1170 1777 ballivum,
1192 1731 1242 1768 ita
1261 1739 1388 1780 potest

325 1785 396 1823 dici
417 1785 523 1835 quod
547 1785 709 1822 ballivus
729 1792 909 1833 operatur
927 1797 996 1833 per
1021 1797 1160 1833 regem.
1188 1786 1265 1822 Sed
1285 1786 1388 1822 nullo

323 1839 442 1876 modo
473 1838 634 1875 dicimus
663 1838 768 1886 quod
797 1838 911 1874 Filius
940 1838 1053 1887 spiret
1082 1837 1265 1887 Spiritum
1295 1840 1389 1876 San—

324 1900 425 1929 ctum
454 1904 523 1940 per
550 1893 714 1928 Patrem.
750 1892 853 1939 Ergo
883 1892 985 1928 nullo
1014 1891 1133 1928 modo
1161 1899 1287 1940 potest
1316 1892 1388 1929 dici

324 1945 428 1994 quod
447 1946 559 1982 Pater
579 1944 693 1993 spiret
713 1944 895 1993 Spiritum
917 1945 1099 1981 Sanctum
1115 1949 1129 1971 ⁷
1148 1957 1217 1993 per
1236 1945 1387 1983 Filium.

378 1999 452 2035 SED
490 2009 635 2035 CONTRA
663 2009 729 2034 EST
761 1998 867 2046 quod
896 1997 1062 2034 Hilarius
1092 1997 1195 2044 dicit,
1226 1998 1264 2035 in
1292 1998 1388 2035 libro

84 2057 219 2085 'Lib-2111,
230 2063 296 2085 n·57-
323 2052 369 2088 de
401 2053 437 2088 T
433 2051 556 2088 rin.*:
592 2051 782 2088 Conserva
810 2052 919 2097 hanc,
949 2063 1029 2097 oro,
1047 2051 1147 2099 fidei
1172 2063 1279 2088 meae
1306 2052 1390 2088 reli-

187 2699 198 2715 Ε

323 2105 492 2155 gionem,
523 2110 563 2141 ut
586 2116 734 2152 semper
760 2104 946 2141 obtineam
974 2105 1142 2150 Patrem,
1170 2105 1309 2141 scilicet
1334 2111 1368 2142 te
1377 2119 1390 2150 ;

325 2164 360 2194 et
384 2158 523 2194 Filium
552 2163 656 2194 tuum
687 2169 761 2193 una
790 2163 910 2194 tecum
938 2158 1117 2202 adorem‚·
1145 2163 1181 2194 et
1211 2158 1389 2206 Spiritum

326 2212 504 2247 Sanctum
541 2216 667 2256 tuum,
706 2210 771 2258 qui
800 2216 855 2246 est
882 2222 955 2258 per
987 2211 1229 2260 Unigenitum
1264 2217 1389 2257 tuum,

320 2275 555 2312 promerear.

380 2318 605 2353 RESPONDEO
634 2328 817 2353 DICENDUM
842 2315 946 2364 quod
965 2315 1004 2353 in
1025 2316 1205 2352 omnibus
1233 2316 1391 2353 locutio—

326 2370 436 2407 nibus
464 2370 503 2406 in
529 2369 666 2418 quibus
696 2369 830 2406 dicitur
858 2368 990 2417 aliquis
1018 2381 1087 2417 per
1115 2368 1280 2418 aliquem
1301 2382 1391 2418 ope-

327 2423 416 2469 rari,
446 2423 542 2459 haec
565 2420 579 2444 ὃ
606 2422 838 2471 praepositio
870 2434 943 2470 per
977 2422 1148 2469 designat
1185 2422 1223 2459 in
1252 2422 1390 2459 causali

326 2477 491 2525 aliquam
512 2488 667 2513 causam
696 2487 763 2512 seu
786 2474 1013 2523 principium
1044 2475 1139 2512 illius
1165 2483 1281 2512 actus.
1314 2476 1391 2513 Sed

326 2541 412 2566 cum
432 2528 528 2566 actio
549 2529 595 2566 sit
613 2528 741 2566 media
761 2528 856 2564 inter
880 2527 1020 2564 faciens
1041 2536 1077 2564 et
1097 2528 1250 2576 facturn,
1272 2541 1391 2577 quan-

326 2583 453 2631 doque
480 2582 572 2619 illud
601 2582 750 2618 causale
780 2581 839 2617 cui
869 2581 1082 2628 adiungitur
1109 2582 1204 2618 haec
1227 2594 1390 2631 praepo—

325 2635 408 2672 sitio
432 2647 515 2683 per,
546 2643 601 2672 est
630 2647 743 2672 causa
771 2634 929 2671 actionis
954 2634 1166 2671 secundum
1193 2635 1297 2682 quod
1317 2635 1391 2673 exit

325 2689 372 2725 ab
401 2696 546 2736 agente.
576 2689 625 2725 Et
643 2696 733 2725 tunc
753 2695 808 2724 est
836 2700 950 2724 causa
978 2687 1103 2735 agenti
1122 2693 1133 2708 ’
1156 2688 1261 2737 quod
1287 2696 1388 2736 agat;

325 2741 405 2778 sive
435 2741 481 2778 sit
509 2754 623 2778 causa
650 2741 784 2787 finalis,
811 2740 891 2777 sive
912 2740 1092 2787 formalis,
1115 2740 1194 2777 sive
1216 2741 1390 2779 effectiva

324 2795 385 2831 vel
406 2794 573 2831 motiva:
603 2794 726 2831 fin'alis
759 2794 927 2843 quidem,
957 2801 998 2830 ut
1026 2794 1056 2830 si
1082 2793 1254 2831 dicamus
1283 2790 1389 2843 quod

324 2847 454 2884 artifex
483 2855 660 2896 operatur
691 2859 763 2896 per
799 2847 1034 2895 cupiditatem
1063 2847 1162 2884 lucri
1169 2861 1182 2892 ‚·
1219 2848 1388 2885 formalis

323 2913 437 2948 vero,
467 2909 508 2938 ut
533 2900 548 2927 ζ
576 2900 606 2937 si
635 2901 804 2938 dicamus
833 2901 938 2948 quod
966 2908 1144 2949 operatur
1169 2912 1242 2949 per
1268 2907 1388 2939 artem

322 2966 430 2991 suam
441 2967 454 2999 ,·
490 2954 636 2991 motiva
663 2966 776 2999 vero,
807 2953 838 2990 si
865 2953 1037 2990 dicamus
1067 2953 1171 3002 quod
1209 2963 1390 3003 operatur

316 3018 390 3055 per
426 3007 624 3056 imperium
661 3006 824 3043 alterius.
869 3006 1112 3055 Quandoque
1144 3019 1238 3044 vero
1274 3008 1387 3045 dictio

324 3060 482 3097 causalis
512 3060 571 3097 cui
600 3060 814 3108 adiungitur
842 3060 938 3096 haec
965 3060 1196 3108 praepositio
1219 3072 1302 3109 per,
1334 3069 1389 3098 est

325 3125 437 3150 causa
472 3113 629 3150 actionis
667 3113 879 3150 secundum
913 3113 1017 3161 quod
1052 3113 1275 3151 terminatur
1297 3119 1311 3137 ·’
1339 3114 1387 3151 ad

323 3166 481 3213 factum3
503 3174 542 3203 ut
558 3178 647 3203 cum
663 3166 836 3211 dicimus,
853 3167 994 3215 artifex
1007 3172 1185 3214 operatur
1199 3179 1271 3215 per
1285 3179 1387 3205 mar-

324 3219 460 3256 tellum.
491 3220 582 3256 Non
608 3219 709 3256 enim
739 3219 969 3267 significatur
1001 3221 1105 3268 quod
1125 3221 1319 3257 martellus
1342 3220 1387 3257 sit

324 3284 437 3309 causa
466 3272 596 3310 artifici
625 3272 730 3320 quod
759 3280 859 3320 agat:
885 3273 951 3309 sed
971 3273 1075 3320 quod
1096 3272 1141 3309 sit
1161 3285 1275 3310 causa
1303 3273 1388 3310 arti-

324 3325 449 3362 ficiato
469 3333 510 3362 ut
529 3326 576 3362 ab
597 3325 740 3362 artifice
759 3325 960 3374 procedat;
987 3332 1022 3361 et
1041 3327 1146 3373 quod
1166 3327 1241 3363 hoc
1260 3326 1387 3376 ipsum

377 3438 404 3469 α)
423 3438 545 3470 aliquem.
562 3452 581 3458 -
599 3439 701 3471 aliquid
719 3438 820 3463 codices
840 3444 865 3464 et
883 3439 933 3464 ab.

378 3471 403 3505 β)
418 3474 549 3505 procedit.
567 3488 586 3492 -
600 3475 728 3506 procedet
746 3474 845 3499 ABDE.

376 3509 402 3540 γ)
424 3509 497 3541 Ergo
517 3510 625 3534 nullo...
641 3510 778 3535 Sanctum.
795 3522 815 3530 ·-·
834 3510 909 3543 Ergo
930 3518 1012 3543 neque
1032 3511 1114 3536 Pater
1133 3512 1243 3537 codices.

377 3542 401 3574 δ)
422 3544 493 3569 haec.
510 3557 530 3563 —
548 3545 609 3569 Om.
629 3545 740 3570 codices.
758 3559 776 3564 —
792 3553 843 3577 per
862 3554 915 3570 om.
935 3546 1080 3571 ABCDFG.
1097 3560 1117 3566 —
1135 3548 1185 3572 Pro
1210 3547 1324 3577 causali,
1344 3554 1388 3572 ca—

324 3578 394 3603 suali
407 3579 508 3603 codices
523 3585 548 3604 et
562 3580 614 3608 ab,·
627 3581 686 3604 item
703 3580 807 3605 inferius
822 3582 929 3606 casuale
943 3587 967 3606 et
977 3582 1091 3607 casualis
1096 3589 1105 3611 ,⁴
1119 3583 1151 3608 cf.
1161 3583 1308 3607 Comment.
1322 3591 1347 3608 n.
1357 3590 1386 3608 ιι.

378 3614 400 3646 ε)
419 3614 518 3647 agenti.
536 3628 554 3633 —
572 3615 677 3647 agentis
696 3616 749 3641 BD.
768 3630 785 3634 —
804 3617 854 3640 Pro
874 3617 914 3641 vel
933 3622 991 3641 ante
1010 3618 1117 3648 motiva,
1133 3618 1188 3643 sive
1207 3618 1270 3644 Pab.

1442 669 1582 706 habeat
1601 667 1613 689 ⁰
1641 670 1689 706 ab
1719 669 1873 707 artifice.
1903 692 1927 698 -
1957 671 2006 707 Et
2033 671 2108 707 hoc
2138 678 2193 707 est
2221 672 2326 719 quod
2353 672 2510 720 quidam

1444 722 1593 770 dicunt,
1635 723 1740 771 quod
1773 723 1867 760 haec
1900 723 2132 772 praepositio
2170 736 2244 772 per
2276 725 2510 774 quandoque

1442 782 1548 811 notat
1571 775 1835 812 auctoritatem
1863 777 1903 813 in
1932 785 2047 823 recto,
2076 785 2117 813 ut
2146 790 2235 814 cum
2265 777 2410 825 dicitur,
2441 791 2512 816 rex

1442 833 1622 876 operatur
1639 840 1713 876 per
1731 829 1931 865 ballivum:
1955 829 2188 878 quandoque
2209 838 2337 867 autem
2358 831 2396 868 in
2417 832 2511 868 obli-

1442 893 1533 929 quo,
1557 888 1599 917 ut
1619 893 1706 917 cum
1728 881 1874 928 dicitur,
1899 882 2057 919 ballivus
2076 889 2254 931 operatur
2275 895 2349 932 per
2367 897 2509 935 regem.

1497 933 1598 980 Quia
1626 933 1736 981 igitur
1764 933 1880 970 Filius
1913 935 2028 971 habet
2055 948 2078 971 a
2107 937 2216 972 Patre
2247 937 2351 985 quod
2385 938 2433 974 ab
2464 951 2510 975 eo

1441 986 1625 1035 procedat
1647 986 1806 1035 Spiritus
1827 987 1999 1034 Sanctus,
2028 996 2155 1036 potest
2175 989 2246 1026 dici
2274 990 2380 1038 quod
2399 991 2513 1030 Pater

1441 1052 1511 1088 per
1547 1039 1684 1076 Filium
1722 1039 1837 1088 spirat
1865 1040 2046 1088 Spiritum
2077 1042 2282 1088 Sanctum;
2315 1044 2378 1080 vel
2406 1044 2512 1092 quod

1444 1093 1603 1141 Spiritus
1642 1094 1802 1129 Sanctus
1839 1093 2023 1142 procedat
2055 1106 2077 1130 a
2104 1095 2216 1131 Patre
2250 1107 2321 1144 per
2349 1097 2509 1146 Filium,

1442 1146 1549 1194 quod
1577 1145 1680 1182 idem
1711 1153 1776 1182 est.

1495 1201 1555 1236 AD
1592 1211 1729 1236 PRlMUM
1767 1210 1865 1235 ERGO
1904 1211 2089 1236 DiCENDuM
2126 1201 2232 1249 quod
2268 1201 2308 1239 in
2345 1202 2512 1251 qualibet

1443 1252 1590 1289 actione
1621 1260 1676 1289 est
1705 1253 1781 1290 duo
1813 1252 2072 1289 considerare:
2102 1253 2243 1291 scilicet
2270 1255 2511 1304 suppositum

1442 1317 1571 1353 agens,
1602 1314 1638 1342 et
1663 1305 1844 1343 virtutem
1873 1318 1949 1354 qua
1974 1305 2066 1353 agit;
2096 1306 2192 1344 sicut
2218 1307 2314 1356 ignis
2343 1309 2512 1347 calefacit

1444 1359 1580 1396 calore.
1621 1358 1660 1396 Si
1689 1359 1800 1407 igitur
1837 1359 1874 1395 in
1913 1360 2023 1395 Patre
2059 1367 2095 1396 et
2123 1360 2219 1397 Filio
2248 1361 2512 1400 consideretur

1441 1411 1560 1448 virtus
1589 1424 1664 1460 qua
1693 1412 1835 1461 spirant
1864 1412 2046 1461 Spiritum
2077 1413 2272 1462 Sanctum,
2302 1427 2382 1452 non
2411 1415 2511 1454 cadit

1442 1464 1493 1501 ibi
1522 1465 1678 1514 aliquod
1706 1465 1898 1502 medium:
1929 1465 2017 1514 quia
2045 1466 2141 1503 haec
2159 1466 2279 1504 virtus
2305 1476 2361 1505 est
2378 1480 2455 1507 una
2476 1476 2512 1506 et

1444 1519 1592 1556 eadem.
1633 1518 1673 1556 Si
1701 1526 1830 1555 autem
1860 1518 2149 1556 considerentur
2185 1520 2290 1569 ipsae
2323 1533 2511 1570 personae

1443 1572 1639 1621 spirantes,
1669 1572 1733 1619 sic,
1763 1584 1852 1609 cum
1882 1572 2040 1620 Spiritus
2070 1573 2232 1610 Sanctus
2257 1574 2513 1613 communiter

1442 1625 1624 1674 procedat
1644 1638 1666 1662 a
1684 1626 1795 1662 Patre
1817 1633 1852 1662 et
1880 1625 1989 1672 Filio,
2009 1625 2201 1663 invenitur
2230 1627 2391 1676 Spiritus
2417 1628 2513 1666 San-

1443 1686 1524 1715 ctus
1559 1678 1780 1715 immediate
1809 1690 1831 1714 a
1865 1679 1976 1715 Patre
2014 1679 2244 1727 procedere,
2283 1680 2511 1729 inquantum

1443 1739 1499 1768 est
1518 1732 1566 1768 ab
1587 1744 1651 1777 eo;
1682 1740 1719 1768 et
1747 1731 1924 1778 mediate,
1951 1731 2178 1780 inquantum
2208 1741 2263 1770 est
2282 1746 2304 1770 a
2324 1733 2432 1772 Filio.
2463 1735 2513 1772 Et

1442 1785 1496 1822 sic
1525 1784 1660 1822 dicitur
1693 1784 1903 1834 procedere
1932 1797 1954 1821 a
1982 1785 2092 1821 Patre
2120 1797 2190 1834 per
2218 1786 2368 1824 Filium.
2408 1787 2513 1824 Sicut

1444 1838 1557 1875 etiam
1593 1838 1690 1874 Abel
1727 1837 1912 1886 processit
1946 1837 2167 1875 immediate
2202 1839 2251 1876 ab
2278 1839 2428 1888 Adam,
2458 1840 2513 1878 in-

1443 1898 1629 1940 quantum
1658 1890 1786 1927 Adam
1816 1890 1883 1927 fuit
1910 1898 2019 1939 pater
2049 1891 2147 1937 eius;
2178 1899 2215 1928 et
2242 1892 2428 1940 mediate,
2457 1893 2514 1931 in-

1443 1951 1630 1993 quantum
1651 1945 1736 1980 Eva
1764 1943 1832 1980 fuit
1859 1951 1982 1980 mater
2010 1944 2102 1991 eius,
2133 1957 2231 1993 quae
2260 1946 2445 1994 processit
2463 1947 2513 1984 ab

1443 1998 1592 2043 Adam3
1630 1997 1716 2033 licet
1749 1997 1824 2034 hoc
1863 1998 2081 2046 exemplum
2121 1997 2324 2036 materialis
2360 2011 2513 2051 proces-

1444 2050 1561 2087 sionis
1590 2050 1762 2099 ineptum
1790 2050 1967 2087 videatur
1990 2051 2038 2088 ad
2059 2051 2348 2099 significandam
2376 2052 2513 2091 imma-

1443 2104 1614 2141 terialem
1643 2103 1930 2152 processionem
1960 2103 2176 2141 divinarum
2204 2117 2467 2154 personarum.

1498 2159 1557 2194 AD
1577 2169 1767 2194 SECUNDUM
1786 2168 1971 2194 DICENDUM
1991 2157 2109 2205 quod,
2131 2158 2162 2194 si
2181 2158 2296 2195 Filius
2323 2159 2514 2209 acciperet

1445 2223 1467 2247 a
1494 2211 1607 2247 Patre
1645 2210 1758 2246 aliam
1786 2210 1967 2247 virtutem
2004 2223 2167 2248 numero
2203 2211 2253 2248 ad
2289 2212 2512 2263 spirandum

1446 2263 1628 2312 Spiritum
1659 2263 1864 2309 Sanctum,
1894 2272 2117 2311 sequeretur
2149 2265 2255 2313 quod
2293 2273 2392 2303 esset
2419 2266 2514 2304 sicut

1446 2328 1560 2353 causa
1580 2316 1748 2353 secunda
1769 2323 1804 2352 et
1823 2315 2134 2354 instrumentalis:
2158 2325 2193 2354 et
2212 2317 2265 2354 sic
2285 2318 2406 2366 magis
2424 2331 2513 2368 pro-

1447 2370 1596 2406 cederet
1624 2381 1647 2406 a
1676 2370 1788 2405 Patre
1821 2381 1940 2417 quam
1970 2381 1992 2405 a
2021 2369 2129 2407 Filio.
2170 2371 2247 2407 Sed
2274 2383 2352 2408 una
2381 2379 2418 2408 et
2449 2384 2511 2410 ea-

1446 2423 1535 2459 dem
1556 2434 1718 2459 numero
1738 2421 1857 2471 virtus
1877 2421 2056 2470 spirativa
2076 2430 2131 2460 est
2150 2423 2188 2460 in
2208 2424 2320 2461 Patre
2341 2432 2376 2461 et
2396 2425 2511 2462 Filio:

1446 2483 1482 2512 et
1509 2475 1596 2513 ideo
1626 2475 1833 2524 aequaliter
1861 2475 2034 2524 procedit
2053 2477 2101 2513 ab
2121 2483 2295 2526 utroque.
2326 2477 2433 2515 Licet
2447 2477 2512 2515 ali-

1445 2529 1599 2577 quando
1617 2528 1761 2565 dicatur
1775 2528 2030 2577 principaliter
2048 2529 2109 2566 vel
2130 2529 2283 2579 proprie
2302 2531 2513 2578 procedere

1445 2582 1492 2619 de
1521 2583 1653 2629 Patre,
1683 2589 1840 2630 propter
1866 2582 1942 2618 hoc
1970 2582 2077 2631 quod
2115 2582 2231 2622 Filius
2268 2583 2384 2620 habet
2411 2584 2512 2622 hanc

1443 2635 1621 2673 virtutem
1651 2647 1673 2671 a
1701 2635 1824 2671 Patre.

1497 2690 1555 2725 An
1575 2699 1735 2725 ”snm-ium
1755 2699 1939 2724 mceunum
1959 2688 2076 2736 quod,
2098 2688 2194 2727 sicut
2213 2689 2407 2737 generatio
2427 2690 2511 2728 Filii

1444 2749 1500 2778 est
1528 2749 1728 2778 coaeterna
1757 2741 1962 2789 generanti,
1991 2742 2094 2779 unde
2123 2754 2202 2780 non
2231 2742 2335 2791 prius
2351 2743 2420 2780 fuit
2439 2744 2511 2781 Pa-

1442 2802 1498 2832 ter
1526 2806 1645 2843 quam
1674 2794 1841 2842 gigneret
1869 2794 2027 2840 Filium;
2058 2795 2107 2832 ita
2135 2796 2330 2844 processio
2352 2796 2512 2845 Spiritus

1444 2848 1571 2885 Sancti
1600 2855 1655 2884 est
1675 2855 1876 2884 coaeterna
1896 2860 1966 2885 suo
1986 2848 2184 2897 principio.
2214 2849 2325 2887 Unde
2345 2861 2424 2887 non
2444 2849 2513 2887 fuit

1442 2901 1546 2950 prius
1575 2901 1691 2938 Filius
1719 2900 1878 2948 genitus,
1904 2914 2022 2949 quam
2052 2901 2212 2951 Spiritus
2233 2902 2394 2939 Sanctus
2422 2915 2511 2952 pro-

1443 2954 1611 2992 cederet:
1642 2954 1710 2991 sed
1737 2961 1940 3002 utrumque
1969 2962 2166 2993 aeternum
2196 2963 2252 2992 est
2269 2962 2288 2992 ¹.

1495 3009 1554 3045 An
1575 3019 1747 3050 QUARTUM
1767 3019 1951 3044 mei-:NDUM
1971 3009 2088 3058 quod,
2111 3019 2198 3045 cum
2220 3008 2355 3058 aliquis
2374 3008 2510 3046 dicitur

1441 3073 1510 3110 per
1539 3060 1680 3110 aliquid
1709 3060 1879 3110 operari,
1910 3073 1989 3098 non
2022 3073 2176 3111 semper
2209 3061 2387 3111 recipitur
2420 3074 2510 3100 con-

1440 3114 1588 3151 versio:
1618 3126 1698 3150 non
1726 3113 1827 3150 enim
1857 3113 2018 3151 dicimus
2053 3115 2158 3163 quod
2195 3115 2390 3152 martellus
2419 3128 2507 3165 ope-

1441 3175 1543 3204 retur
1570 3179 1638 3215 per
1665 3166 1827 3204 fabrum.
1858 3167 2031 3205 Dicimus
2059 3175 2189 3205 autem
2218 3168 2323 3217 quod
2349 3168 2510 3206 ballivus

1442 3228 1621 3269 operatur
1648 3232 1717 3269 per
1742 3232 1892 3268 regern:
1923 3221 2012 3269 quia
2041 3221 2168 3258 ballivi
2189 3230 2244 3259 est
2263 3233 2387 3270 agere,
2419 3234 2508 3259 cum

1442 3273 1488 3310 sit
1525 3273 1703 3310 dominus
1740 3273 1798 3310 sui
1827 3281 1943 3311 actus.
1983 3274 2146 3311 Martelli
2181 3283 2311 3312 autem
2345 3287 2424 3312 non
2453 3282 2510 3312 est

1442 3339 1574 3375 agere,
1605 3326 1673 3363 sed
1701 3327 1826 3364 solum
1854 3326 1934 3375 agi:
1964 3328 2066 3365 unde
2096 3340 2174 3365 non
2201 3328 2419 3377 designatur
2438 3327 2508 3365 nisi

1495 3441 1519 3473 ζ)
1540 3444 1578 3466 ut.
1594 3455 1614 3462 -
1633 3442 1694 3467 Om.
1714 3442 1825 3466 codices.
1842 3455 1861 3460 -
1880 3441 1931 3465 Pro
1950 3442 2031 3466 altero
2051 3442 2179 3472 dicamus,
2199 3442 2307 3468 dicatur
2325 3439 2436 3468 codices.

1494 3477 1520 3508 η)
1541 3477 1711 3502 terminatur.
1728 3490 1747 3495 —
1766 3477 1961 3501 determinatur
1980 3477 2042 3502 Pab.

1495 3509 1518 3544 θ)
1538 3515 1563 3537 et
1579 3512 1650 3544 quod
1663 3512 1712 3537 hoc
1731 3511 1816 3544 ipsum
1835 3512 1940 3536 habeat.
1951 3526 1970 3530 -
1982 3515 2008 3537 et
2028 3513 2098 3544 quod
2117 3513 2201 3545 ipsum
2215 3513 2311 3539 habeat
2325 3513 2396 3546 pBD,
2415 3516 2441 3538 et
2455 3520 2508 3545 per

1442 3547 1507 3579 (per
1525 3555 1577 3572 om.
1593 3543 1618 3579 b)
1638 3547 1686 3572 hoc
1705 3547 1790 3579 ipsum
1807 3547 1904 3572 habeat
1922 3554 1977 3572 esse
1996 3549 2054 3573 edd.
2073 3549 2128 3576 ab,
2148 3551 2174 3574 et
2193 3549 2242 3574 hoc
2260 3549 2345 3581 ipsum
2365 3548 2460 3574 habeat
2478 3548 2509 3574 P.

1495 3583 1513 3614 ι)
1532 3583 1579 3608 sed
1598 3586 1740 3615 utrumque
1764 3585 1902 3607 aeternum
1922 3586 1969 3608 est.
1986 3596 2007 3603 —
2024 3587 2049 3609 et
2068 3584 2106 3609 sic
2125 3587 2267 3617 utrumque
2283 3586 2422 3609 aeternum
2442 3583 2507 3609 dici-

1441 3621 1486 3643 tur
1505 3618 1534 3642 B.
