2768 4178
72 3370 149 3390 'Aru
178 3384 183 3390 .

315 255 392 299 418

315 334 437 369 cundo,
462 333 541 363 ratio
566 332 694 363 secundi
718 332 808 362 dicti:
841 332 915 372 quia
939 331 1072 371 dignitas
1096 341 1160 371 qua
1183 330 1284 362 differt
1307 341 1377 371 per-

314 388 392 407 sona
416 378 453 407 ab
478 376 649 417 hypostasi,
670 383 754 406 tenet
771 386 803 406 se
820 386 856 406 ex
875 383 961 415 parte
981 382 1120 406 naturae.
1138 376 1276 405 Persona
1292 375 1376 405 enim

314 421 399 452 addit
427 431 521 460 supra
544 420 757 460 hypostasim,
782 429 818 450 ex
836 417 928 459 'parte
956 426 1100 455 naturae,
1129 418 1377 449 intellectualita-

314 472 394 495 tem:
419 475 455 495 ex
478 471 564 504 parte
588 471 694 494 autem
717 463 816 503 ipsius
839 463 1004 499 individui,
1029 463 1107 493 nihil
1130 462 1256 502 penitus
1281 463 1376 498 addit,

313 515 349 539 ut
373 515 458 548 patet
487 518 524 538 ex
554 506 736 538 definitione
763 507 875 538 Boetii.
909 507 1018 542 Unde,
1051 506 1125 547 quia
1154 506 1320 536 relationes
1345 517 1377 536 se

313 559 419 583 tenent
443 562 479 582 ex
494 558 580 591 parte
596 551 864 587 individuationis,
890 551 1005 581 falsum
1029 557 1075 581 est
1098 550 1186 590 quod
1209 550 1376 580 relationes

313 597 375 627 sint
397 596 602 636 proprietates
626 605 798 635 personae,
823 602 854 626 et
877 605 942 625 non
965 594 1162 635 hypostasis:
1193 600 1268 624 sunt
1291 594 1376 624 enim

312 650 411 681 aeque
434 641 585 670 abstracta
608 649 743 679 persona
766 646 796 670 et
819 638 1007 679 hypostasis,
1033 648 1069 668 ex
1090 644 1177 678 parte
1200 638 1376 668 individua-

311 684 421 720 tionis;
442 683 596 724 quamvis,
614 693 651 713 ex
665 690 752 723 parte
769 690 898 714 naturae
914 682 1074 723 dignioris,
1092 691 1228 722 persona
1245 682 1284 712 sit
1299 682 1376 722 quid

311 728 411 768 magis
434 727 687 758 determinatum.

370 772 422 802 IX.
453 772 487 802 In
517 771 723 812 responsione
753 771 793 801 ad
823 771 1015 806 secundum,
1046 769 1170 800 adverte
1210 769 1315 809 quod,
1341 775 1377 799 ut

1017 252 1282 299 QUAESTIO
1312 253 1398 300 XL,
1428 253 1724 290 ARTICULUS
1754 253 1806 289 lV

1432 332 1545 362 dicitur
1561 332 1588 362 V
1607 333 1790 372 Metaphys.
1806 332 1832 368 *,
1851 342 1916 362 non
1932 332 2115 363 inconvenit
2133 333 2291 373 quaedam
2306 333 2367 364 dici
2382 334 2426 365 ad
2441 334 2500 365 ali-

1431 376 1508 415 quid
1536 376 1714 406 secundum
1738 375 1868 406 nomina
1896 375 2058 416 specifica,
2084 386 2165 417 quae
2193 387 2259 407 non
2289 377 2437 408 dicuntur
2459 378 2500 408 ad

1432 419 1511 449 illud
1528 420 1704 450 secundum
1728 420 1860 450 nomina
1883 419 2034 459 generica.
2059 420 2100 451 Et
2123 427 2290 460 propterea
2305 431 2372 456 non
2388 421 2498 452 incon-

1432 463 1518 494 venit
1548 463 1690 494 similiter
1713 463 1851 494 accidere
1880 464 1913 494 in
1942 464 2122 504 proposito:
2153 464 2270 495 scilicet
2297 466 2386 505 quod
2408 465 2499 496 Pater

1431 507 1539 537 Patris
1562 508 1693 538 nomine
1710 514 1740 538 et
1758 518 1790 538 re
1814 507 1965 538 referatur
1983 509 2022 538 ad
2041 508 2066 538 F
2068 508 2175 544 ilium;
2195 518 2357 548 personae
2379 516 2496 545 autem,

1430 561 1463 581 re
1479 551 1620 591 quidem,
1646 552 1701 582 sed
1724 562 1790 582 non
1814 552 1945 582 nomine
1968 551 2120 582 referatur
2143 552 2182 582 ad
2202 553 2350 583 eundem.
2375 552 2503 584 Accidit

1430 604 1515 625 enlm
1538 595 1600 626 hoc
1624 595 1714 636 quia,
1740 602 1775 626 ut
1797 595 1830 625 in
1853 596 1955 626 littera
1978 595 2106 632 dicitur,
2131 596 2315 635 paternitate
2338 597 2429 627 Pater
2452 603 2499 628 est

1430 645 1460 668 et
1482 639 1573 669 Pater
1596 646 1626 670 et
1649 649 1799 679 persona:
1825 641 1879 670 sed
1897 649 2040 680 persona
2064 639 2217 680 significat
2241 650 2308 670 esse
2330 640 2416 670 illam
2442 650 2498 680 per

1430 683 1565 712 modum
1594 683 1740 714 absoluti.
1765 701 1784 706 -
1808 684 1879 714 Dixi
1909 691 2016 714 autem
2045 684 2122 714 haec
2151 691 2281 724 propter
2311 690 2497 724 argumenta

1429 726 1560 756 Aureoli
1578 733 1608 757 et
1626 727 1721 758 Scoti.
1748 728 1838 764 Quae
1862 728 1992 758 tacenda
2016 728 2140 758 censui:
2166 738 2203 758 ex
2225 728 2287 758 hoc
2305 727 2390 758 enirn
2406 728 2496 759 facile

1429 769 1605 800 solvuntur.

1089 913 1407 955 ARTICULUS
1438 913 1711 965 QUARTUS

643 1004 798 1034 UTRUM
822 1003 965 1034 Acrus
988 1001 1266 1034 NOTIONALES
1289 1001 1761 1032 PRAEINTELLIGANTUR
1785 1001 2156 1034 PROPRIETATIBUS

570 1078 579 1102 Ι
599 1078 681 1107 Sent.,
702 1078 759 1102 dist.
778 1084 854 1107 xxvn,
873 1085 917 1109 qu.
935 1085 953 1108 1,
973 1082 1019 1102 art.
1041 1084 1068 1108 2;
1089 1077 1130 1102 De
1149 1077 1217 1105 Por„
1237 1083 1281 1108 qu.
1294 1083 1348 1105 vm,
1367 1080 1414 1100 art.
1436 1075 1459 1106 3,
1479 1076 1510 1100 ad
1530 1083 1558 1108 7;
1579 1084 1623 1108 qu.
1641 1084 1669 1105 x,
1689 1081 1736 1101 art.
1757 1076 1786 1107 33
1808 1077 1951 1108 Compend-
1974 1077 2070 1107 771eol„
2091 1085 2147 1110 cap.
2165 1085 2235 1103 um.

362 1177 386 1189 x
427 1177 487 1202 κ(
501 1176 506 1179 -
520 1171 542 1195 D
563 1170 734 1200 QUARTUM
754 1169 806 1194 sm
825 1169 1064 1194 PROCEDrrUR.
1089 1156 1249 1194 Videtur
1268 1155 1374 1204 quod

330 1197 624 1270 55¹⁸}st
662 1210 873 1247 notionales
910 1209 1255 1258 praeintelligantur
1285 1221 1373 1258 pro—

325 1260 375 1311 ’,’,
422 1282 442 1318 '2‘-
462 1252 490 1306 ἦ
521 1264 750 1312 prietatibus.
790 1263 890 1300 Dicit
918 1263 1020 1300 enim
1049 1263 1247 1311 Magister,
1276 1274 1372 1298 xxvn

366 1329 377 1342 *
397 1316 455 1349 sae*
478 1306 603 1354 dist.
634 1318 647 1353 I
677 1318 775 1353 Sent.
796 1322 829 1356 α,
859 1316 964 1364 quod
991 1328 1138 1364 semper
1163 1317 1277 1352 Pater
1304 1321 1373 1361 est,

310 1371 397 1419 quia
425 1371 557 1419 genuit
580 1381 727 1418 semper
752 1368 904 1406 Filium.
934 1369 984 1405 Et
1010 1369 1061 1406 ita
1087 1368 1239 1406 videtur
1267 1368 1373 1416 quod

309 1423 522 1471 generatio,
552 1423 764 1460 secundum
801 1421 1049 1469 intellectum,
1077 1423 1281 1470 praecedat
1307 1434 1374 1470 pa-

309 1477 533 1513 ternitatem.

364 1542 398 1566 2.
429 1530 666 1574 PRAETEREA,
702 1528 825 1565 omnis
854 1527 983 1564 relatio
1013 1528 1305 1577 praesupponit,
1335 1528 1373 1566 in

309 1583 509 1629 intellectu,
525 1581 563 1618 id
578 1593 691 1629 supra
712 1581 817 1629 quod
837 1580 1033 1626 fundatur;
1054 1581 1148 1617 sicut
1166 1581 1373 1629 aequalitas

310 1634 569 1684 quantitatem.
609 1634 686 1671 Sed
717 1633 921 1682 paternitas
959 1641 1015 1670 est
1051 1634 1180 1671 relatio
1218 1634 1374 1671 fundata

310 1701 424 1737 super
443 1687 590 1724 actione
611 1699 708 1734 quae
730 1694 785 1723 est
803 1686 1008 1734 generatio.
1039 1687 1141 1734 Ergo
1170 1687 1373 1735 paternitas

309 1740 581 1790 praesupponit
607 1739 902 1787 generationem.

365 1795 398 1831 3.
436 1794 664 1839 PRAETEREA,
700 1792 794 1829 sicut
820 1805 860 1828 se
888 1792 1004 1829 habet
1030 1792 1222 1840 generatio
1251 1793 1374 1830 activa

287 1834 290 1836 ¹
310 1847 359 1884 ad
385 1846 661 1896 paternitatem,
687 1845 736 1882 ita
756 1857 810 1882 se—
825 1845 939 1881 habet
966 1845 1140 1882 nativitas
1159 1846 1208 1882 ad
1226 1845 1373 1882 filiatio-

309 1912 410 1937 nem.
442 1899 519 1935 Sed
546 1898 675 1935 filiatio
704 1897 977 1946 praesupponit
1001 1897 1256 1936 nativitatem:
1286 1898 1372 1936 ideo

311 1953 411 1989 enim
442 1951 556 1988 Filius
586 1959 652 1997 est,
677 1952 766 1998 quia
794 1958 904 1987 natus
925 1958 980 1987 est
997 1949 1024 1987 β.
1056 1952 1157 1999 Ergo
1187 1958 1224 1988 et
1250 1959 1374 2000 pater-

309 2006 404 2042 nitas
431 2004 705 2053 praesupponit
732 2003 1027 2051 generationem.

364 2059 437 2094 SED
467 2068 631 2103 CONTRA,
661 2056 853 2104 generatio
888 2064 943 2093 est
977 2056 1147 2105 operatio
1185 2069 1372 2105 personae

309 2110 440 2151 Patris.
471 2110 548 2147 Sed
576 2109 779 2158 paternitas
807 2109 996 2146 constituit
1014 2122 1220 2158 personam
1239 2110 1371 2148 Patris.

309 2165 411 2211 Ergo
435 2162 539 2212 prius
569 2170 634 2209 est,
664 2162 878 2200 secundum
906 2162 1150 2211 intellectum,
1170 2163 1373 2212 paternitas

310 2229 426 2266 quam
454 2215 657 2263 generatio.

364 2270 588 2305 RESPONDEO
615 2279 798 2304 mOENDUM
827 2267 944 2316 quod,
965 2269 1178 2306 secundum
1206 2268 1288 2306 illos
1309 2269 1373 2318 qui

312 2321 440 2359 dicunt
467 2320 571 2370 quod
599 2320 847 2370 proprietates
875 2332 954 2357 non
979 2320 1211 2369 distinguunt
1229 2329 1266 2358 et
1285 2334 1374 2359 con-

311 2375 464 2412 stituunt
491 2374 726 2423 hypostases,
756 2373 824 2410 sed
851 2373 1094 2411 manifestant
1120 2374 1374 2423 hypostases⁷

312 2427 501 2464 distinctas
530 2434 566 2463 et
595 2426 830 2472 constitutas,
870 2426 1041 2463 absolute
1079 2426 1297 2468 dicendum>
1319 2435 1375 2465 est

311 2480 414 2529 quod
442 2480 661 2526 relationes,
691 2479 902 2516 secundum
939 2479 1100 2516 modum
1128 2480 1371 2528 intelligendi,

311 2541 596 2582 consequuntur
614 2539 719 2569 actus
737 2531 965 2578 notionales3
994 2539 1037 2568 ut
1056 2532 1130 2569 dici
1148 2533 1267 2582 possit
1285 2533 1372 2570 sim-

308 2586 452 2635 pliciter
478 2586 583 2635 quod
612 2585 699 2634 quia
726 2590 895 2635 generat,
925 2590 980 2622 est
1002 2586 1126 2623 Pater.

364 2639 439 2676 Sed
469 2638 722 2688 supponendo
743 2637 848 2685 quod
867 2637 1068 2675 relationes
1089 2638 1318 2686 distinguant
1337 2646 1373 2676 et

310 2691 535 2728 constituant
562 2692 786 2740 hypostases
815 2690 853 2727 in
881 2690 1030 2738 divinis,
1060 2699 1211 2740 oportet
1243 2691 1372 2729 distin-

310 2744 433 2781 ctione
451 2744 515 2781 uti.
541 2744 642 2790 Quia
661 2743 765 2791 origo
786 2743 1016 2791 significatur
1034 2743 1073 2781 in
1093 2744 1229 2781 divinis
1249 2745 1370 2782 active

310 2804 346 2834 et
372 2797 542 2846 passive:
572 2796 694 2834 active
723 2796 897 2844 quidem,
928 2796 1023 2833 sicut
1050 2797 1242 2845 generatio
1271 2797 1371 2835 attri-

309 2850 435 2887 buitur
449 2849 559 2897 Patri‚
577 2857 613 2886 et
632 2849 794 2898 spiratio,
811 2857 963 2898 sumpta
978 2862 1048 2898 pro
1070 2857 1155 2887 actu
1174 2849 1368 2899 notionali,

309 2902 519 2940 attribuitur
537 2902 638 2940 Patri
658 2909 694 2939 et
714 2901 829 2948 Filio;
858 2902 1009 2951 passive
1029 2910 1170 2950 autem,
1191 2902 1287 2940 sicut
1305 2915 1370 2941 na-

361 3016 388 3048 α)
407 3016 417 3040 l
431 3016 505 3041 Sent.
522 3029 541 3035 —
558 3016 567 3040 1
581 3015 643 3040 libri
658 3015 731 3040 Sent.
744 3015 864 3040 ABCDE.
882 3030 901 3035 -
919 3016 946 3041 In
959 3021 1028 3041 textu
1044 3018 1085 3042 cit.
1099 3025 1147 3050 pro
1160 3024 1266 3049 semper
1278 3018 1368 3047 Pater,

308 3051 389 3076 Pater
406 3058 509 3084 semper
533 3051 614 3076 Pater
631 3051 667 3082 B,
686 3051 769 3075 Pater
791 3058 893 3083 semper
911 3052 981 3081 Pab:
1000 3057 1059 3085 post
1081 3053 1174 3085 genuit
1193 3052 1230 3078 Pb
1247 3053 1370 3078 omittunt

307 3093 453 3154 semifre'st.
470 3135 488 3140 -
506 3121 567 3146 Om.
582 3121 738 3146 ACEFGab.

1427 1155 1551 1192 tivitas
1571 1155 1784 1193 attribuitur
1798 1154 1812 1177 δ
1830 1156 1938 1203 Filio,
1957 1164 1992 1194 et
2010 1156 2205 1205 processio
2227 1157 2380 1206 Spiritui
2401 1158 2496 1196 San-

1428 1216 1500 1245 cto.
1527 1208 1701 1256 Origines
1722 1209 1824 1246 enim
1843 1209 1995 1258 passive
2015 1209 2258 1258 significatae,
2279 1210 2497 1259 simpliciter

1427 1262 1680 1310 praecedunt,
1715 1262 1928 1299 secundum
1965 1262 2217 1310 intellectum,
2246 1263 2496 1312 proprietates

1427 1326 1679 1363 personarum
1698 1315 2000 1363 procedentium,
2018 1315 2132 1352 etiam
2147 1317 2384 1364 personales:
2406 1316 2496 1364 quia

1427 1367 1533 1415 origo
1571 1367 1722 1416 passive
1761 1367 1988 1415 significata,
2022 1368 2253 1416 significatur
2283 1375 2325 1406 ut
2354 1368 2419 1407 via
2446 1369 2496 1408 ad

1427 1432 1633 1468 personam
1652 1420 1882 1469 proprietate
1903 1421 2157 1459 constitutam.
2178 1442 2202 1448 -
2223 1421 2402 1458 Similiter
2429 1429 2465 1459 et
2483 1427 2495 1443 ”

2527 343 2536 352 ·
2548 342 2581 364 Ca
2600 358 2606 364 .
2615 349 2654 365 xv.
2665 353 2677 359 -
2686 342 2739 365 Did.

2526 368 2579 423 ssb9
2581 410 2587 416 .
2594 369 2623 396 V,
2639 375 2690 397 cap.
2700 376 2740 396 xv,

1428 1472 1534 1521 origo
1563 1473 1685 1510 active
1714 1473 1936 1521 significata,
1965 1474 2070 1523 prior
2098 1482 2168 1521 est,
2199 1475 2413 1512 seeundum
2440 1474 2495 1512 in-
2541 1480 2543 1482 ’

1427 1526 1629 1573 tellectum,
1659 1538 1777 1575 quam
1801 1527 1931 1563 relatio
1950 1539 2138 1576 personae
2159 1527 2376 1575 originantis
2396 1539 2495 1577 quae

1428 1591 1507 1615 non
1536 1587 1593 1616 est
1618 1579 1849 1628 personalis:
1879 1580 1975 1616 sicut
2006 1587 2112 1617 actus
2148 1580 2350 1617 notionalis
2377 1579 2495 1630 spira·

1427 1631 1551 1679 tionis,
1573 1633 1787 1670 secundum
1806 1632 2050 1681 intellectum,
2070 1632 2264 1682 praecedit
2285 1633 2495 1682 proprieta-

1427 1691 1505 1721 tem
1526 1685 1724 1722 relativam
1753 1685 2030 1723 innominatam
2060 1698 2308 1723 communem
2338 1685 2440 1723 Patri
2459 1693 2495 1723 et

1429 1737 1536 1774 Filio.
1556 1758 1580 1765 -
1602 1737 1679 1774 Sed
1715 1737 1927 1786 proprietas
1963 1739 2175 1787 personalis
2211 1738 2333 1776 Patris
2369 1745 2496 1788 potest

1429 1789 1661 1827 considerari
1691 1790 1899 1839 dupliciter.
1929 1791 2017 1829 Uno
2046 1791 2179 1839 modo,
2199 1798 2241 1828 ut
2259 1798 2317 1828 est
2345 1790 2494 1829 relatio:

1429 1850 1464 1879 et
1483 1842 1535 1880 sic
1554 1843 1704 1891 iterum,
1725 1844 1938 1881 secundum
1957 1843 2201 1891 intellectum,
2221 1842 2496 1893 praesupponit

1428 1903 1556 1932 actum
1577 1895 1827 1942 notionalem3
1848 1897 1937 1945 quia
1957 1897 2100 1944 relatio,
2121 1897 2349 1946 inquantum
2369 1897 2495 1935 huius-

1428 1948 1550 1995 modi,
1580 1949 1758 1986 fundatur
1785 1962 1899 1999 super
1926 1957 2066 1987 actum.
2095 1949 2182 1987 Alio
2207 1950 2339 1997 modo,
2359 1962 2496 1988 secun-

1429 2001 1522 2038 dum
1541 2002 1647 2051 quod
1676 2009 1732 2039 est
1755 2002 1995 2040 constitutiva
2014 2015 2224 2052 personae:
2254 2010 2291 2040 et
2309 2003 2362 2040 sic
2381 2010 2495 2052 opor-

1427 2061 1479 2091 tet
1507 2054 1613 2103 quod
1639 2055 1958 2104 praeintelligatur
1994 2055 2124 2093 relatio
2158 2055 2256 2093 actui
2287 2055 2493 2105 notionali,

1428 2107 1524 2145 sicut
1550 2120 1716 2157 persona
1744 2121 1859 2157 agens
1886 2108 2196 2158 praeintelligitur
2223 2108 2372 2147 actioni.

1481 2162 1540 2198 AD
1569 2173 1706 2198 PRIMUM
1734 2173 1832 2199 ERGO
1861 2174 2045 2200 DlCENDUM
2065 2162 2182 2211 quod,
2203 2174 2292 2200 cum
2313 2161 2494 2210 Magister

1429 2213 1517 2251 dicit
1544 2214 1650 2263 quod
1678 2214 1766 2263 quia
1793 2221 1963 2264 generat,
1991 2221 2045 2252 est
2069 2217 2200 2261 Pater,
2229 2215 2365 2264 accipit
2383 2215 2398 2242 ἶ
2425 2217 2495 2253 n‘o-

1427 2278 1517 2303 men
1544 2267 1664 2304 Patris
1692 2268 1904 2304 secundum
1939 2269 2044 2316 quod
2072 2268 2243 2316 designat
2270 2267 2494 2306 relationem

1427 2327 1594 2356 tantum:
1634 2332 1712 2357 non
1750 2327 1878 2357 autem
1916 2321 2129 2358 secundum
2167 2320 2287 2370 quod'
2310 2321 2495 2369 significat

1427 2384 1632 2421 personam
1649 2372 1926 2411 subsistentem.
1949 2372 2012 2410 Sic
2032 2373 2134 2410 enim
2150 2380 2342 2423 oporteret
2362 2386 2382 2410 e
2403 2386 2494 2411 con-

1427 2438 1542 2464 verso
1572 2425 1698 2463 dicere
1725 2425 1831 2474 quod
1859 2425 1947 2474 quia
1973 2427 2088 2463 Pater
2114 2432 2177 2473 est,
2205 2431 2375 2476 generat.

1480 2481 1539 2515 An
1567 2489 1758 2516 SECUNDUM
1785 2490 1968 2516 mcENDUM
1996 2479 2103 2527 quod
2126 2478 2291 2516 obiectio
2320 2479 2382 2517 illa
2404 2491 2493 2528 pro-

1428 2532 1525 2569 cedit
1554 2531 1602 2568 de
1628 2531 1864 2580 paternitate,
1893 2532 2106 2569 secundum
2127 2531 2232 2581 quod
2260 2539 2316 2569 est
2342 2531 2492 2570 relatio:

1427 2592 1464 2622 et
1490 2597 1570 2621 non
1598 2584 1811 2621 secundum
1830 2585 1935 2634 quod
1957 2592 2013 2622 est
2031 2584 2273 2623 constitutiva
2290 2584 2491 2634 personae.

1479 2639 1538 2674 An
1566 2648 1726 2675 ‘reanum
1753 2649 1938 2675 morannum
1966 2637 2072 2687 quod
2095 2637 2269 2676 nativitas
2289 2646 2345 2676 est
2362 2637 2424 2675 via
2443 2636 2493 2676 ad

1424 2702 1631 2739 personam
1659 2689 1759 2727 Filii:
1798 2697 1835 2727 et
1862 2690 1970 2736 ideo,
2000 2690 2214 2728 secundum
2242 2690 2490 2739 intellectum,

1423 2743 1618 2792 praecedit
1644 2742 1883 2791 filiationem,
1914 2743 2028 2781 etiam
2056 2744 2268 2782 secundum
2297 2743 2402 2793 quod
2436 2751 2493 2781 est

1425 2796 1666 2834 constitutiva
1693 2808 1882 2844 personae
1912 2796 2005 2834 Filii.
2037 2796 2113 2835 Sed
2141 2796 2333 2845 generatio
2367 2796 2491 2834 activa

1423 2849 1655 2898 significatur
1668 2856 1709 2885 ut
1722 2849 1968 2898 progrediens
1984 2862 2006 2887 a
2020 2862 2185 2899 persona
2198 2849 2336 2887 Patris:
2353 2857 2390 2887 et
2402 2849 2489 2887 ideo

1423 2901 1698 2952 praesupponit
1724 2902 1994 2951 proprietatem
2022 2902 2263 2952 personalem
2293 2902 2424 2940 Patris.

1474 3018 1501 3050 γ)
1517 3017 1682 3051 hypostases.
1690 3030 1710 3036 -
1722 3017 1783 3042 Om.
1795 3017 1870 3042 codd.
1879 3031 1898 3036 -
1909 3017 1960 3042 Pro
1974 3020 2014 3042 est
2025 3021 2086 3049 post
2099 3016 2248 3045 dicendum,
2262 3019 2330 3041 esset
2343 3015 2489 3042 BCDEFG.

1476 3051 1500 3085 δ)
1520 3052 1686 3078 attribuitur.
1703 3066 1722 3071 —
1740 3052 1802 3077 Om.
1821 3052 1923 3077 codices
1942 3057 1968 3077 et
1986 3053 2027 3078 ed.
2045 3059 2070 3078 a.
2087 3065 2107 3072 -
2125 3051 2189 3076 ltem
2208 3051 2294 3076 statim
2312 3054 2347 3077 et.

1476 3087 1499 3119 ε)
1518 3090 1551 3113 et.
1569 3101 1588 3107 -
1606 3088 1668 3112 0m.
1687 3087 1809 3112 Ancon.

1477 3122 1501 3155 ζ)
1521 3123 1627 3155 acct'pIt.
1643 3136 1663 3142 -
1680 3122 1812 3154 accipitur
1830 3122 1858 3147 P.

989 3201 1318 3235 Commentario.
1340 3201 1589 3235 Cardinalis
1611 3201 1811 3235 Caietam

369 3289 474 3309 trusus
498 3279 570 3310 satis
594 3289 630 3310 ex
653 3279 909 3320 praecedentibus
933 3287 979 3311 est
1001 3281 1111 3312 clarus.
1133 3299 1153 3304 —
1176 3281 1211 3312 In
1236 3291 1368 3322 corpore

311 3291 434 3353 Tduo
459 3323 546 3354 facit:
572 3323 690 3363 primo,
718 3324 886 3363 respondet
909 3325 1085 3356 secundum
1104 3325 1291 3366 opinionem
1316 3335 1368 3356 su—

310 3366 413 3407 perius
428 3367 446 3386 *
468 3367 573 3397 minus
596 3367 779 3407 probatam;
804 3368 954 3405 secundo,
979 3369 1149 3410 respondet
1171 3369 1257 3400 iuxta
1283 3369 1368 3400 viam

311 3419 406 3450 quam
433 3411 573 3451 sequitur

368 3454 404 3484 11.
421 3454 536 3490 Quoad
547 3455 700 3495 primum,
721 3455 892 3492 conclusio,
910 3457 1086 3487 secundum
1100 3456 1181 3493 illos,
1198 3463 1245 3488 est
1259 3456 1367 3488 unica:

310 3497 487 3527 Relationes
511 3506 748 3539 consequuntur
778 3506 864 3530 actus
888 3500 1074 3530 n0tionales.
1092 3517 1110 3524 -
1126 3500 1167 3532 Et
1190 3500 1368 3532 manifesta-

310 3546 374 3570 tur:
398 3541 472 3581 quia
495 3542 580 3581 apud
603 3552 657 3573 eos
681 3552 745 3573 non
770 3543 966 3583 distinguunt
980 3554 1037 3574 nec
1054 3545 1251 3576 constituunt
1266 3545 1368 3586 hypo—

311 3591 415 3620 stases,
440 3591 496 3615 etc.

1482 3281 1532 3312 111.
1563 3281 1681 3318 Quoad
1712 3282 1906 3320 secundum,
1939 3281 2044 3322 primo
2078 3280 2240 3321 distinguit
2272 3281 2427 3322 originem
2454 3282 2488 3313 in

1422 3326 1558 3356 activam
1575 3332 1606 3356 et
1622 3326 1800 3366 passivam,
1825 3325 2057 3356 manifestando
2082 3335 2133 3355 eas
2157 3325 2380 3367 exemplariter.
2398 3344 2419 3349 -
2433 3325 2486 3357 Se-

1424 3369 1539 3406 cundo,
1556 3369 1647 3410 ponit
1663 3369 1903 3401 conclusionem
1918 3379 2017 3400 unam
2033 3369 2072 3400 de
2091 3369 2211 3410 origine
2225 3369 2365 3410 passiva:
2385 3369 2485 3410 Origo

1423 3413 1544 3453 passive
1567 3413 1725 3454 praecedit
1753 3413 1959 3454 proprietates
1987 3422 2194 3454 personarum
2225 3413 2484 3454 procedentium,

1423 3457 1518 3487 etiam
1537 3457 1727 3497 personales.
1751 3458 1920 3488 Probatur:
1946 3457 2020 3498 quia
2039 3457 2230 3497 significatur
2245 3464 2282 3489 ut
2294 3457 2346 3488 via
2361 3458 2401 3488 ad
2416 3467 2484 3499 per-

1423 3510 1535 3531 sonam
1562 3501 1753 3541 proprietate
1780 3500 1992 3532 constitutam.
2011 3518 2029 3524 -
2046 3501 2174 3538 Tertio,
2199 3501 2291 3542 ponit
2313 3501 2484 3532 secundam

1423 3544 1670 3581 conclusionem,
1687 3545 1726 3575 de
1745 3544 1865 3585 origine
1888 3545 2002 3576 active:
2027 3545 2126 3586 Origo
2149 3546 2248 3576 active
2266 3545 2422 3586 praecedit
2436 3554 2483 3576 re-

1421 3587 1574 3618 lationem
1598 3588 1780 3628 originantis
1810 3598 1876 3619 non
1903 3589 2113 3629 personalem.
2144 3589 2186 3620 Et
2212 3589 2427 3620 manifestatur
2448 3589 2483 3619 in
