<?xml version="1.0" encoding="UTF-8"?>
<!DOCTYPE html PUBLIC "-//W3C//DTD XHTML 1.0 Transitional//EN"
    "http://www.w3.org/TR/xhtml1/DTD/xhtml1-transitional.dtd">
<html xmlns="http://www.w3.org/1999/xhtml" xml:lang="en" lang="en">
 <head>
  <title>
</title>
<meta http-equiv="Content-Type" content="text/html;charset=utf-8" />
  <meta name='ocr-system' content='tesseract 3.04.00' />
  <meta name='ocr-capabilities' content='ocr_page ocr_carea ocr_par ocr_line ocrx_word'/>
</head>
<body>
  <div class='ocr_page' id='page_1' title='image "./operaomniaiussui04thom/operaomniaiussui04thom_0440.png"; bbox 0 0 2768 4178; ppageno 0'>
   <div class='ocr_carea' id='block_1_1' title="bbox 90 1884 302 1933">
    <p class='ocr_par' dir='ltr' id='par_1_1' title="bbox 90 1884 302 1933">
     <span class='ocr_line' id='line_1_1' title="bbox 95 1884 302 1915; baseline 0 -9"><span class='ocrx_word' id='word_1_1' title='bbox 95 1887 103 1893; x_wconf 89' lang='lat'>¹</span> <span class='ocrx_word' id='word_1_2' title='bbox 116 1885 173 1915; x_wconf 63' lang='lat' dir='ltr'>Can.</span> <span class='ocrx_word' id='word_1_3' title='bbox 189 1891 235 1906; x_wconf 88' lang='lat' dir='ltr'>xxv</span> <span class='ocrx_word' id='word_1_4' title='bbox 253 1884 302 1906; x_wconf 86' lang='lat' dir='ltr'>Sir-</span> 
     </span>
     <span class='ocr_line' id='line_1_2' title="bbox 90 1917 173 1933; baseline 0 -1"><span class='ocrx_word' id='word_1_5' title='bbox 90 1917 173 1933; x_wconf 76' lang='lat' dir='ltr'>mlens.</span> 
     </span>
    </p>
   </div>
   <div class='ocr_carea' id='block_1_2' title="bbox 90 2042 225 2071">
    <p class='ocr_par' dir='ltr' id='par_1_2' title="bbox 90 2042 225 2071">
     <span class='ocr_line' id='line_1_3' title="bbox 90 2042 225 2071; baseline 0 -8"><span class='ocrx_word' id='word_1_6' title='bbox 90 2043 99 2052; x_wconf 72' lang='grc'><em>“</em></span> <span class='ocrx_word' id='word_1_7' title='bbox 114 2042 180 2063; x_wconf 84' lang='lat' dir='ltr'>Vers.</span> <span class='ocrx_word' id='word_1_8' title='bbox 196 2048 225 2071; x_wconf 84' lang='lat'>¹3·</span> 
     </span>
    </p>
   </div>
   <div class='ocr_carea' id='block_1_3' title="bbox 187 2521 203 2536">
    <p class='ocr_par' dir='ltr' id='par_1_3' title="bbox 187 2521 203 2536">
     <span class='ocr_line' id='line_1_4' title="bbox 187 2521 203 2536; baseline 0 0"><span class='ocrx_word' id='word_1_9' title='bbox 187 2521 203 2536; x_wconf 82' lang='grc' dir='ltr'><strong>α</strong></span> 
     </span>
    </p>
   </div>
   <div class='ocr_carea' id='block_1_4' title="bbox 90 2623 303 2777">
    <p class='ocr_par' dir='ltr' id='par_1_4' title="bbox 90 2623 303 2777">
     <span class='ocr_line' id='line_1_5' title="bbox 91 2623 301 2652; baseline 0.005 -8"><span class='ocrx_word' id='word_1_10' title='bbox 91 2625 100 2633; x_wconf 89' lang='grc'>·</span> <span class='ocrx_word' id='word_1_11' title='bbox 125 2623 223 2652; x_wconf 80' lang='lat' dir='ltr'>Diatog.</span> <span class='ocrx_word' id='word_1_12' title='bbox 259 2624 301 2645; x_wconf 85' lang='lat' dir='ltr'>Se-</span> 
     </span>
     <span class='ocr_line' id='line_1_6' title="bbox 90 2650 303 2678; baseline 0 -7"><span class='ocrx_word' id='word_1_13' title='bbox 90 2650 191 2678; x_wconf 81' lang='lat' dir='ltr'>xaginta</span> <span class='ocrx_word' id='word_1_14' title='bbox 203 2651 303 2678; x_wconf 78' lang='lat' dir='ltr'>quinque</span> 
     </span>
     <span class='ocr_line' id='line_1_7' title="bbox 91 2676 301 2707; baseline -0.005 -9"><span class='ocrx_word' id='word_1_15' title='bbox 91 2676 198 2707; x_wconf 65' lang='lat' dir='ltr'>Quaen„</span> <span class='ocrx_word' id='word_1_16' title='bbox 214 2683 252 2704; x_wconf 89' lang='lat' dir='ltr'>qu.</span> <span class='ocrx_word' id='word_1_17' title='bbox 265 2682 301 2703; x_wconf 76' lang='lat' dir='ltr'>vn,</span> 
     </span>
     <span class='ocr_line' id='line_1_8' title="bbox 90 2706 302 2733; baseline 0.005 -9"><span class='ocrx_word' id='word_1_18' title='bbox 90 2706 149 2733; x_wconf 76' lang='lat' dir='ltr'>mter</span> <span class='ocrx_word' id='word_1_19' title='bbox 163 2709 233 2731; x_wconf 76' lang='lat' dir='ltr'>opera</span> <span class='ocrx_word' id='word_1_20' title='bbox 247 2709 302 2731; x_wconf 83' lang='lat' dir='ltr'>sup-</span> 
     </span>
     <span class='ocr_line' id='line_1_9' title="bbox 91 2733 161 2756; baseline 0 -6"><span class='ocrx_word' id='word_1_21' title='bbox 91 2733 161 2756; x_wconf 75' lang='lat' dir='ltr'>posit.</span> 
     </span>
     <span class='ocr_line' id='line_1_10' title="bbox 93 2756 173 2777; baseline 0 0"><span class='ocrx_word' id='word_1_22' title='bbox 93 2759 102 2765; x_wconf 62' lang='lat'>*</span> <span class='ocrx_word' id='word_1_23' title='bbox 115 2756 173 2777; x_wconf 85' lang='lat' dir='ltr'>lbid.</span> 
     </span>
    </p>
   </div>
   <div class='ocr_carea' id='block_1_5' title="bbox 331 288 409 324">
    <p class='ocr_par' dir='ltr' id='par_1_5' title="bbox 331 288 409 324">
     <span class='ocr_line' id='line_1_11' title="bbox 331 288 409 324; baseline 0 -11"><span class='ocrx_word' id='word_1_24' title='bbox 331 288 409 324; x_wconf 91' lang='lat'>422</span> 
     </span>
    </p>
   </div>
   <div class='ocr_carea' id='block_1_6' title="bbox 1034 275 1821 322">
    <p class='ocr_par' dir='ltr' id='par_1_6' title="bbox 1034 275 1821 322">
     <span class='ocr_line' id='line_1_12' title="bbox 1034 275 1821 322; baseline -0.003 -9"><span class='ocrx_word' id='word_1_25' title='bbox 1034 275 1300 322; x_wconf 89' lang='lat' dir='ltr'>QUAESTIO</span> <span class='ocrx_word' id='word_1_26' title='bbox 1330 277 1433 322; x_wconf 87' lang='lat' dir='ltr'>XLI,</span> <span class='ocrx_word' id='word_1_27' title='bbox 1463 275 1760 312; x_wconf 91' lang='lat' dir='ltr'>ARTICULUS</span> <span class='ocrx_word' id='word_1_28' title='bbox 1790 276 1821 311; x_wconf 91' lang='lat' dir='ltr'>II</span> 
     </span>
    </p>
   </div>
   <div class='ocr_carea' id='block_1_7' title="bbox 334 353 2519 460">
    <p class='ocr_par' dir='ltr' id='par_1_7' title="bbox 334 353 2519 460">
     <span class='ocr_line' id='line_1_13' title="bbox 334 353 2518 404; baseline 0 -13"><span class='ocrx_word' id='word_1_29' title='bbox 334 355 427 392; x_wconf 92' lang='lat' dir='ltr'>dum</span> <span class='ocrx_word' id='word_1_30' title='bbox 456 362 576 401; x_wconf 89' lang='lat' dir='ltr'>actus,</span> <span class='ocrx_word' id='word_1_31' title='bbox 607 362 643 391; x_wconf 90' lang='lat' dir='ltr'>et</span> <span class='ocrx_word' id='word_1_32' title='bbox 670 367 844 391; x_wconf 89' lang='lat' dir='ltr'>seorsum</span> <span class='ocrx_word' id='word_1_33' title='bbox 874 367 942 404; x_wconf 88' lang='lat' dir='ltr'>per</span> <span class='ocrx_word' id='word_1_34' title='bbox 967 355 1128 391; x_wconf 87' lang='lat' dir='ltr'>modum</span> <span class='ocrx_word' id='word_1_35' title='bbox 1158 354 1395 391; x_wconf 88' lang='lat' dir='ltr'>relationum.</span> <span class='ocrx_word' id='word_1_36' title='bbox 1424 353 1426 379; x_wconf 82' lang='lat'><strong>¹</strong></span> <span class='ocrx_word' id='word_1_37' title='bbox 1452 355 1618 391; x_wconf 91' lang='lat' dir='ltr'>sionem:</span> <span class='ocrx_word' id='word_1_38' title='bbox 1650 354 1701 390; x_wconf 88' lang='lat' dir='ltr'>sic</span> <span class='ocrx_word' id='word_1_39' title='bbox 1731 362 1859 390; x_wconf 86' lang='lat' dir='ltr'>autem</span> <span class='ocrx_word' id='word_1_40' title='bbox 1889 366 1967 390; x_wconf 89' lang='lat' dir='ltr'>non</span> <span class='ocrx_word' id='word_1_41' title='bbox 2005 353 2160 402; x_wconf 92' lang='lat' dir='ltr'>ponitur</span> <span class='ocrx_word' id='word_1_42' title='bbox 2188 353 2285 390; x_wconf 89' lang='lat' dir='ltr'>actio</span> <span class='ocrx_word' id='word_1_43' title='bbox 2313 354 2352 392; x_wconf 90' lang='lat' dir='ltr'>in</span> <span class='ocrx_word' id='word_1_44' title='bbox 2381 355 2518 392; x_wconf 87' lang='lat' dir='ltr'>divinis</span> 
     </span>
     <span class='ocr_line' id='line_1_14' title="bbox 334 406 2519 460; baseline 0 -16"><span class='ocrx_word' id='word_1_45' title='bbox 334 409 382 444; x_wconf 91' lang='lat' dir='ltr'>Et</span> <span class='ocrx_word' id='word_1_46' title='bbox 410 408 462 444; x_wconf 92' lang='lat' dir='ltr'>sic</span> <span class='ocrx_word' id='word_1_47' title='bbox 489 415 592 456; x_wconf 89' lang='lat' dir='ltr'>patet</span> <span class='ocrx_word' id='word_1_48' title='bbox 619 407 724 455; x_wconf 90' lang='lat' dir='ltr'>quod</span> <span class='ocrx_word' id='word_1_49' title='bbox 750 415 837 444; x_wconf 88' lang='lat' dir='ltr'>sunt</span> <span class='ocrx_word' id='word_1_50' title='bbox 863 407 967 444; x_wconf 90' lang='lat' dir='ltr'>idem</span> <span class='ocrx_word' id='word_1_51' title='bbox 987 408 1199 444; x_wconf 90' lang='lat' dir='ltr'>secundum</span> <span class='ocrx_word' id='word_1_52' title='bbox 1215 419 1308 454; x_wconf 85' lang='lat' dir='ltr'>rem,</span> <span class='ocrx_word' id='word_1_53' title='bbox 1330 407 1398 444; x_wconf 92' lang='lat' dir='ltr'>sed</span> <span class='ocrx_word' id='word_1_54' title='bbox 1451 407 1634 456; x_wconf 84' lang='lat' dir='ltr'>personiS.</span> <span class='ocrx_word' id='word_1_55' title='bbox 1665 407 1776 444; x_wconf 85' lang='lat' dir='ltr'>Unde</span> <span class='ocrx_word' id='word_1_56' title='bbox 1805 419 1884 443; x_wconf 90' lang='lat' dir='ltr'>non</span> <span class='ocrx_word' id='word_1_57' title='bbox 1912 414 2107 456; x_wconf 90' lang='lat' dir='ltr'>ponuntur</span> <span class='ocrx_word' id='word_1_58' title='bbox 2135 406 2185 443; x_wconf 91' lang='lat' dir='ltr'>ibi</span> <span class='ocrx_word' id='word_1_59' title='bbox 2212 407 2422 460; x_wconf 84' lang='lat' dir='ltr'>passiones,</span> <span class='ocrx_word' id='word_1_60' title='bbox 2448 408 2519 445; x_wconf 89' lang='lat' dir='ltr'>nisi</span> 
     </span>
    </p>
   </div>
   <div class='ocr_carea' id='block_1_8' title="bbox 334 460 1368 507">
    <p class='ocr_par' dir='ltr' id='par_1_8' title="bbox 334 460 1368 507">
     <span class='ocr_line' id='line_1_15' title="bbox 334 460 1368 507; baseline 0 -11"><span class='ocrx_word' id='word_1_61' title='bbox 334 460 511 497; x_wconf 84' lang='lat' dir='ltr'>differunt</span> <span class='ocrx_word' id='word_1_62' title='bbox 539 461 664 496; x_wconf 88' lang='lat' dir='ltr'>solum</span> <span class='ocrx_word' id='word_1_63' title='bbox 693 461 906 497; x_wconf 89' lang='lat' dir='ltr'>secundum</span> <span class='ocrx_word' id='word_1_64' title='bbox 930 460 1092 497; x_wconf 91' lang='lat' dir='ltr'>modum</span> <span class='ocrx_word' id='word_1_65' title='bbox 1121 460 1368 507; x_wconf 88' lang='lat' dir='ltr'>significandi.</span> 
     </span>
    </p>
   </div>
   <div class='ocr_carea' id='block_1_9' title="bbox 1452 458 2518 508">
    <p class='ocr_par' dir='ltr' id='par_1_9' title="bbox 1452 458 2518 508">
     <span class='ocr_line' id='line_1_16' title="bbox 1452 458 2518 508; baseline -0.002 -10"><span class='ocrx_word' id='word_1_66' title='bbox 1452 461 1576 498; x_wconf 86' lang='lat' dir='ltr'>solum</span> <span class='ocrx_word' id='word_1_67' title='bbox 1597 467 1605 481; x_wconf 79' lang='lat'><strong><em>¹</em></strong></span> <span class='ocrx_word' id='word_1_68' title='bbox 1632 459 1879 508; x_wconf 84' lang='lat' dir='ltr'>grammatice</span> <span class='ocrx_word' id='word_1_69' title='bbox 1907 461 2114 508; x_wconf 90' lang='lat' dir='ltr'>loquendo,</span> <span class='ocrx_word' id='word_1_70' title='bbox 2145 466 2329 507; x_wconf 90' lang='lat' dir='ltr'>quantum</span> <span class='ocrx_word' id='word_1_71' title='bbox 2359 458 2411 497; x_wconf 43' lang='lat' dir='ltr'>ad*</span> <span class='ocrx_word' id='word_1_72' title='bbox 2435 473 2518 497; x_wconf 90' lang='lat' dir='ltr'>mo-</span> 
     </span>
    </p>
   </div>
   <div class='ocr_carea' id='block_1_10' title="bbox 386 512 2519 561">
    <p class='ocr_par' dir='ltr' id='par_1_10' title="bbox 386 512 2519 561">
     <span class='ocr_line' id='line_1_17' title="bbox 386 512 2519 561; baseline 0 -12"><span class='ocrx_word' id='word_1_73' title='bbox 386 515 443 549; x_wconf 87' lang='lat' dir='ltr'>AD</span> <span class='ocrx_word' id='word_1_74' title='bbox 480 524 639 550; x_wconf 79' lang='lat' dir='ltr'>TERTmM</span> <span class='ocrx_word' id='word_1_75' title='bbox 671 524 855 550; x_wconf 79' lang='lat' dir='ltr'>DlCENDUM</span> <span class='ocrx_word' id='word_1_76' title='bbox 889 513 993 561; x_wconf 90' lang='lat' dir='ltr'>quod</span> <span class='ocrx_word' id='word_1_77' title='bbox 1027 512 1145 559; x_wconf 81' lang='lat' dir='ltr'>actio,</span> <span class='ocrx_word' id='word_1_78' title='bbox 1184 512 1396 549; x_wconf 91' lang='lat' dir='ltr'>secundum</span> <span class='ocrx_word' id='word_1_79' title='bbox 1451 514 1545 550; x_wconf 93' lang='lat' dir='ltr'>dum</span> <span class='ocrx_word' id='word_1_80' title='bbox 1579 513 1835 561; x_wconf 86' lang='lat' dir='ltr'>significandi;</span> <span class='ocrx_word' id='word_1_81' title='bbox 1875 512 1970 549; x_wconf 90' lang='lat' dir='ltr'>sicut</span> <span class='ocrx_word' id='word_1_82' title='bbox 2001 512 2103 549; x_wconf 91' lang='lat' dir='ltr'>Patri</span> <span class='ocrx_word' id='word_1_83' title='bbox 2136 512 2375 549; x_wconf 87' lang='lat' dir='ltr'>attribuimus</span> <span class='ocrx_word' id='word_1_84' title='bbox 2407 525 2519 561; x_wconf 91' lang='lat' dir='ltr'>gene-</span> 
     </span>
    </p>
   </div>
   <div class='ocr_carea' id='block_1_11' title="bbox 333 565 1397 614">
    <p class='ocr_par' dir='ltr' id='par_1_11' title="bbox 333 565 1397 614">
     <span class='ocr_line' id='line_1_18' title="bbox 333 565 1397 614; baseline 0.001 -12"><span class='ocrx_word' id='word_1_85' title='bbox 333 565 438 613; x_wconf 88' lang='lat' dir='ltr'>quod</span> <span class='ocrx_word' id='word_1_86' title='bbox 466 565 644 614; x_wconf 85' lang='lat' dir='ltr'>importat</span> <span class='ocrx_word' id='word_1_87' title='bbox 673 565 857 613; x_wconf 87' lang='lat' dir='ltr'>originem</span> <span class='ocrx_word' id='word_1_88' title='bbox 886 574 1026 611; x_wconf 91' lang='lat' dir='ltr'>motus,</span> <span class='ocrx_word' id='word_1_89' title='bbox 1047 565 1157 602; x_wconf 88' lang='lat' dir='ltr'>infert</span> <span class='ocrx_word' id='word_1_90' title='bbox 1185 578 1231 602; x_wconf 83' lang='lat' dir='ltr'>ex</span> <span class='ocrx_word' id='word_1_91' title='bbox 1251 578 1291 602; x_wconf 91' lang='lat' dir='ltr'>se</span> <span class='ocrx_word' id='word_1_92' title='bbox 1311 578 1397 614; x_wconf 91' lang='lat' dir='ltr'>pas-</span> 
     </span>
    </p>
   </div>
   <div class='ocr_carea' id='block_1_12' title="bbox 387 677 784 710">
    <p class='ocr_par' dir='ltr' id='par_1_12' title="bbox 387 677 784 710">
     <span class='ocr_line' id='line_1_19' title="bbox 387 677 784 710; baseline 0.003 -8"><span class='ocrx_word' id='word_1_93' title='bbox 387 678 405 710; x_wconf 90' lang='grc' dir='ltr'>ι)</span> <span class='ocrx_word' id='word_1_94' title='bbox 424 678 517 702; x_wconf 83' lang='lat' dir='ltr'>solum.</span> <span class='ocrx_word' id='word_1_95' title='bbox 536 692 555 696; x_wconf 98' lang='lat'><em>-</em></span> <span class='ocrx_word' id='word_1_96' title='bbox 575 677 704 702; x_wconf 84' lang='lat' dir='ltr'>Omittunt</span> <span class='ocrx_word' id='word_1_97' title='bbox 722 678 784 703; x_wconf 86' lang='lat' dir='ltr'>Pab.</span> 
     </span>
    </p>
   </div>
   <div class='ocr_carea' id='block_1_13' title="bbox 1452 566 1948 614">
    <p class='ocr_par' dir='ltr' id='par_1_13' title="bbox 1452 566 1948 614">
     <span class='ocr_line' id='line_1_20' title="bbox 1452 566 1948 614; baseline -0.002 -11"><span class='ocrx_word' id='word_1_98' title='bbox 1452 579 1546 612; x_wconf 88' lang='lat' dir='ltr'>rare,</span> <span class='ocrx_word' id='word_1_99' title='bbox 1577 573 1614 602; x_wconf 91' lang='lat' dir='ltr'>et</span> <span class='ocrx_word' id='word_1_100' title='bbox 1642 566 1736 602; x_wconf 93' lang='lat' dir='ltr'>Filio</span> <span class='ocrx_word' id='word_1_101' title='bbox 1766 566 1948 614; x_wconf 85' lang='lat' dir='ltr'>generari.</span> 
     </span>
    </p>
   </div>
   <div class='ocr_carea' id='block_1_14' title="bbox 1012 758 1838 793">
    <p class='ocr_par' dir='ltr' id='par_1_14' title="bbox 1012 758 1838 793">
     <span class='ocr_line' id='line_1_21' title="bbox 1012 758 1838 793; baseline 0.002 -2"><span class='ocrx_word' id='word_1_102' title='bbox 1012 758 1342 792; x_wconf 78' lang='lat' dir='ltr'>Commentaria</span> <span class='ocrx_word' id='word_1_103' title='bbox 1366 759 1615 792; x_wconf 78' lang='lat' dir='ltr'>Oardinalis</span> <span class='ocrx_word' id='word_1_104' title='bbox 1638 759 1838 793; x_wconf 73' lang='lat' dir='ltr'>Caietam</span> 
     </span>
    </p>
   </div>
   <div class='ocr_carea' id='block_1_15' title="bbox 330 846 1397 1241">
    <p class='ocr_par' dir='ltr' id='par_1_15' title="bbox 335 846 1396 933">
     <span class='ocr_line' id='line_1_22' title="bbox 392 846 1396 888; baseline -0.001 -11"><span class='ocrx_word' id='word_1_105' title='bbox 392 858 499 878; x_wconf 67' lang='lat' dir='ltr'>nurus</span> <span class='ocrx_word' id='word_1_106' title='bbox 522 858 558 878; x_wconf 86' lang='lat' dir='ltr'>ex</span> <span class='ocrx_word' id='word_1_107' title='bbox 579 847 743 888; x_wconf 81' lang='lat' dir='ltr'>praedictis</span> <span class='ocrx_word' id='word_1_108' title='bbox 774 854 874 887; x_wconf 83' lang='lat' dir='ltr'>patet:</span> <span class='ocrx_word' id='word_1_109' title='bbox 900 853 974 878; x_wconf 92' lang='lat' dir='ltr'>sunt</span> <span class='ocrx_word' id='word_1_110' title='bbox 997 847 1082 878; x_wconf 90' lang='lat' dir='ltr'>enim</span> <span class='ocrx_word' id='word_1_111' title='bbox 1109 853 1195 877; x_wconf 86' lang='lat' dir='ltr'>actus</span> <span class='ocrx_word' id='word_1_112' title='bbox 1219 846 1396 878; x_wconf 82' lang='lat' dir='ltr'>notionales</span> 
     </span>
     <span class='ocr_line' id='line_1_23' title="bbox 335 859 946 933; baseline 0.003 -13"><span class='ocrx_word' id='word_1_113' title='bbox 335 859 561 933; x_wconf 85' lang='lat' dir='ltr'>Tgenerare,</span> <span class='ocrx_word' id='word_1_114' title='bbox 586 892 723 932; x_wconf 81' lang='lat' dir='ltr'>spirare,</span> <span class='ocrx_word' id='word_1_115' title='bbox 747 891 864 929; x_wconf 86' lang='lat' dir='ltr'>dicere,</span> <span class='ocrx_word' id='word_1_116' title='bbox 889 898 946 922; x_wconf 87' lang='lat' dir='ltr'>etc.</span> 
     </span>
    </p>

    <p class='ocr_par' dir='ltr' id='par_1_16' title="bbox 330 934 1397 1196">
     <span class='ocr_line' id='line_1_24' title="bbox 391 934 1396 976; baseline -0.001 -11"><span class='ocrx_word' id='word_1_117' title='bbox 391 936 426 965; x_wconf 89' lang='lat' dir='ltr'>In</span> <span class='ocrx_word' id='word_1_118' title='bbox 450 946 582 976; x_wconf 89' lang='lat' dir='ltr'>corpore</span> <span class='ocrx_word' id='word_1_119' title='bbox 606 935 699 966; x_wconf 85' lang='lat' dir='ltr'>unica</span> <span class='ocrx_word' id='word_1_120' title='bbox 722 942 768 966; x_wconf 90' lang='lat' dir='ltr'>est</span> <span class='ocrx_word' id='word_1_121' title='bbox 791 935 964 972; x_wconf 86' lang='lat' dir='ltr'>conclusio,</span> <span class='ocrx_word' id='word_1_122' title='bbox 982 934 1164 975; x_wconf 86' lang='lat' dir='ltr'>responsiva</span> <span class='ocrx_word' id='word_1_123' title='bbox 1183 934 1327 975; x_wconf 85' lang='lat' dir='ltr'>quaesito</span> <span class='ocrx_word' id='word_1_124' title='bbox 1351 934 1396 964; x_wconf 85' lang='lat' dir='ltr'>af-</span> 
     </span>
     <span class='ocr_line' id='line_1_25' title="bbox 331 978 1397 1018; baseline -0.001 -9"><span class='ocrx_word' id='word_1_125' title='bbox 331 979 502 1010; x_wconf 85' lang='lat' dir='ltr'>firmative:</span> <span class='ocrx_word' id='word_1_126' title='bbox 527 983 625 1012; x_wconf 91' lang='lat' dir='ltr'>Actus</span> <span class='ocrx_word' id='word_1_127' title='bbox 649 979 826 1010; x_wconf 85' lang='lat' dir='ltr'>notionales</span> <span class='ocrx_word' id='word_1_128' title='bbox 850 979 1038 1010; x_wconf 81' lang='lat' dir='ltr'>attribuendi</span> <span class='ocrx_word' id='word_1_129' title='bbox 1058 985 1132 1010; x_wconf 90' lang='lat' dir='ltr'>sunt</span> <span class='ocrx_word' id='word_1_130' title='bbox 1150 978 1303 1018; x_wconf 86' lang='lat' dir='ltr'>personis.</span> <span class='ocrx_word' id='word_1_131' title='bbox 1322 995 1340 1001; x_wconf 98' lang='lat'><em>-</em></span> <span class='ocrx_word' id='word_1_132' title='bbox 1357 978 1397 1008; x_wconf 88' lang='lat' dir='ltr'>Et</span> 
     </span>
     <span class='ocr_line' id='line_1_26' title="bbox 331 1023 1395 1063; baseline -0.002 -9"><span class='ocrx_word' id='word_1_133' title='bbox 331 1024 482 1063; x_wconf 88' lang='lat' dir='ltr'>probatur</span> <span class='ocrx_word' id='word_1_134' title='bbox 505 1025 557 1056; x_wconf 89' lang='lat' dir='ltr'>sic.</span> <span class='ocrx_word' id='word_1_135' title='bbox 591 1026 625 1055; x_wconf 89' lang='lat' dir='ltr'>In</span> <span class='ocrx_word' id='word_1_136' title='bbox 649 1023 762 1053; x_wconf 88' lang='lat' dir='ltr'>divinis</span> <span class='ocrx_word' id='word_1_137' title='bbox 790 1023 932 1063; x_wconf 90' lang='lat' dir='ltr'>personis</span> <span class='ocrx_word' id='word_1_138' title='bbox 961 1031 1006 1055; x_wconf 90' lang='lat' dir='ltr'>est</span> <span class='ocrx_word' id='word_1_139' title='bbox 1036 1023 1194 1054; x_wconf 85' lang='lat' dir='ltr'>distinctio</span> <span class='ocrx_word' id='word_1_140' title='bbox 1218 1023 1395 1053; x_wconf 86' lang='lat' dir='ltr'>secundum</span> 
     </span>
     <span class='ocr_line' id='line_1_27' title="bbox 331 1066 1395 1109; baseline -0.001 -12"><span class='ocrx_word' id='word_1_141' title='bbox 331 1067 476 1098; x_wconf 87' lang='lat' dir='ltr'>ordinem</span> <span class='ocrx_word' id='word_1_142' title='bbox 499 1069 643 1109; x_wconf 87' lang='lat' dir='ltr'>originis:</span> <span class='ocrx_word' id='word_1_143' title='bbox 670 1077 744 1107; x_wconf 86' lang='lat' dir='ltr'>ergo</span> <span class='ocrx_word' id='word_1_144' title='bbox 767 1077 892 1098; x_wconf 88' lang='lat' dir='ltr'>necesse</span> <span class='ocrx_word' id='word_1_145' title='bbox 916 1067 976 1098; x_wconf 82' lang='lat' dir='ltr'>fuit</span> <span class='ocrx_word' id='word_1_146' title='bbox 998 1074 1085 1098; x_wconf 85' lang='lat' dir='ltr'>actus</span> <span class='ocrx_word' id='word_1_147' title='bbox 1109 1066 1287 1097; x_wconf 89' lang='lat' dir='ltr'>notionales</span> <span class='ocrx_word' id='word_1_148' title='bbox 1311 1066 1395 1097; x_wconf 87' lang='lat' dir='ltr'>attri-</span> 
     </span>
     <span class='ocr_line' id='line_1_28' title="bbox 331 1110 1394 1152; baseline -0.001 -11"><span class='ocrx_word' id='word_1_149' title='bbox 331 1112 425 1141; x_wconf 90' lang='lat' dir='ltr'>buere</span> <span class='ocrx_word' id='word_1_150' title='bbox 441 1113 592 1152; x_wconf 89' lang='lat' dir='ltr'>personis.</span> <span class='ocrx_word' id='word_1_151' title='bbox 605 1131 626 1135; x_wconf 93' lang='lat'><em>-</em></span> <span class='ocrx_word' id='word_1_152' title='bbox 637 1112 677 1142; x_wconf 92' lang='lat' dir='ltr'>Et</span> <span class='ocrx_word' id='word_1_153' title='bbox 693 1111 844 1152; x_wconf 88' lang='lat' dir='ltr'>probatur</span> <span class='ocrx_word' id='word_1_154' title='bbox 858 1112 1001 1152; x_wconf 82' lang='lat' dir='ltr'>sequela:</span> <span class='ocrx_word' id='word_1_155' title='bbox 1024 1111 1098 1152; x_wconf 89' lang='lat' dir='ltr'>quia</span> <span class='ocrx_word' id='word_1_156' title='bbox 1113 1110 1298 1141; x_wconf 90' lang='lat' dir='ltr'>huiusmodi</span> <span class='ocrx_word' id='word_1_157' title='bbox 1315 1110 1394 1140; x_wconf 92' lang='lat' dir='ltr'>ordo</span> 
     </span>
     <span class='ocr_line' id='line_1_29' title="bbox 330 1154 1323 1196; baseline 0 -11"><span class='ocrx_word' id='word_1_158' title='bbox 330 1165 396 1185; x_wconf 90' lang='lat' dir='ltr'>non</span> <span class='ocrx_word' id='word_1_159' title='bbox 417 1163 520 1196; x_wconf 91' lang='lat' dir='ltr'>potest</span> <span class='ocrx_word' id='word_1_160' title='bbox 539 1156 761 1187; x_wconf 89' lang='lat' dir='ltr'>convenienter</span> <span class='ocrx_word' id='word_1_161' title='bbox 780 1155 934 1195; x_wconf 90' lang='lat' dir='ltr'>designari</span> <span class='ocrx_word' id='word_1_162' title='bbox 954 1155 1012 1185; x_wconf 90' lang='lat' dir='ltr'>nisi</span> <span class='ocrx_word' id='word_1_163' title='bbox 1033 1166 1107 1186; x_wconf 90' lang='lat' dir='ltr'>curn</span> <span class='ocrx_word' id='word_1_164' title='bbox 1126 1155 1173 1185; x_wconf 93' lang='lat' dir='ltr'>his</span> <span class='ocrx_word' id='word_1_165' title='bbox 1193 1154 1323 1185; x_wconf 85' lang='lat' dir='ltr'>actibus.</span> 
     </span>
    </p>

    <p class='ocr_par' dir='ltr' id='par_1_17' title="bbox 388 1198 1392 1241">
     <span class='ocr_line' id='line_1_30' title="bbox 388 1198 1392 1241; baseline -0.001 -12"><span class='ocrx_word' id='word_1_166' title='bbox 388 1200 424 1230; x_wconf 93' lang='lat' dir='ltr'>II.</span> <span class='ocrx_word' id='word_1_167' title='bbox 443 1200 477 1230; x_wconf 92' lang='lat' dir='ltr'>In</span> <span class='ocrx_word' id='word_1_168' title='bbox 493 1200 698 1241; x_wconf 86' lang='lat' dir='ltr'>responsione</span> <span class='ocrx_word' id='word_1_169' title='bbox 717 1200 756 1230; x_wconf 86' lang='lat' dir='ltr'>ad</span> <span class='ocrx_word' id='word_1_170' title='bbox 772 1200 958 1236; x_wconf 89' lang='lat' dir='ltr'>secundum,</span> <span class='ocrx_word' id='word_1_171' title='bbox 976 1200 1100 1230; x_wconf 90' lang='lat' dir='ltr'>adverte</span> <span class='ocrx_word' id='word_1_172' title='bbox 1117 1199 1206 1240; x_wconf 93' lang='lat' dir='ltr'>quod</span> <span class='ocrx_word' id='word_1_173' title='bbox 1222 1199 1287 1229; x_wconf 93' lang='lat' dir='ltr'>duo</span> <span class='ocrx_word' id='word_1_174' title='bbox 1304 1198 1392 1229; x_wconf 90' lang='lat' dir='ltr'>dicit:</span> 
     </span>
    </p>
   </div>
   <div class='ocr_carea' id='block_1_16' title="bbox 1450 846 2519 1231">
    <p class='ocr_par' dir='ltr' id='par_1_18' title="bbox 1451 846 2519 1063">
     <span class='ocr_line' id='line_1_31' title="bbox 1451 846 2519 890; baseline 0.004 -14"><span class='ocrx_word' id='word_1_175' title='bbox 1451 846 1567 878; x_wconf 87' lang='lat' dir='ltr'>scilicet</span> <span class='ocrx_word' id='word_1_176' title='bbox 1590 847 1679 887; x_wconf 86' lang='lat' dir='ltr'>quod</span> <span class='ocrx_word' id='word_1_177' title='bbox 1703 847 1842 879; x_wconf 85' lang='lat' dir='ltr'>actiones</span> <span class='ocrx_word' id='word_1_178' title='bbox 1865 848 1942 879; x_wconf 79' lang='lat' dir='ltr'>istae</span> <span class='ocrx_word' id='word_1_179' title='bbox 1970 855 2044 879; x_wconf 89' lang='lat' dir='ltr'>sunt</span> <span class='ocrx_word' id='word_1_180' title='bbox 2065 848 2151 879; x_wconf 90' lang='lat' dir='ltr'>idem</span> <span class='ocrx_word' id='word_1_181' title='bbox 2179 849 2301 880; x_wconf 87' lang='lat' dir='ltr'>realiter</span> <span class='ocrx_word' id='word_1_182' title='bbox 2328 849 2424 890; x_wconf 19' lang='lat' dir='ltr'>quod*</span> <span class='ocrx_word' id='word_1_183' title='bbox 2438 849 2519 880; x_wconf 79' lang='lat' dir='ltr'>rela-</span> 
     </span>
     <span class='ocr_line' id='line_1_32' title="bbox 1451 890 2518 933; baseline 0.003 -13"><span class='ocrx_word' id='word_1_184' title='bbox 1451 890 1570 927; x_wconf 88' lang='lat' dir='ltr'>tiones;</span> <span class='ocrx_word' id='word_1_185' title='bbox 1595 897 1626 921; x_wconf 90' lang='lat' dir='ltr'>et</span> <span class='ocrx_word' id='word_1_186' title='bbox 1649 892 1738 932; x_wconf 93' lang='lat' dir='ltr'>quod</span> <span class='ocrx_word' id='word_1_187' title='bbox 1762 891 1909 922; x_wconf 86' lang='lat' dir='ltr'>differunt</span> <span class='ocrx_word' id='word_1_188' title='bbox 1931 893 2052 923; x_wconf 87' lang='lat' dir='ltr'>ratione</span> <span class='ocrx_word' id='word_1_189' title='bbox 2076 893 2114 923; x_wconf 86' lang='lat' dir='ltr'>ab</span> <span class='ocrx_word' id='word_1_190' title='bbox 2139 893 2191 924; x_wconf 90' lang='lat' dir='ltr'>eis.</span> <span class='ocrx_word' id='word_1_191' title='bbox 2217 893 2258 923; x_wconf 87' lang='lat' dir='ltr'>Et</span> <span class='ocrx_word' id='word_1_192' title='bbox 2281 893 2422 933; x_wconf 89' lang='lat' dir='ltr'>primum</span> <span class='ocrx_word' id='word_1_193' title='bbox 2444 902 2518 933; x_wconf 92' lang='lat' dir='ltr'>pro-</span> 
     </span>
     <span class='ocr_line' id='line_1_33' title="bbox 1451 935 2517 975; baseline 0.004 -11"><span class='ocrx_word' id='word_1_194' title='bbox 1451 935 1557 965; x_wconf 83' lang='lat' dir='ltr'>batur:</span> <span class='ocrx_word' id='word_1_195' title='bbox 1582 935 1657 975; x_wconf 87' lang='lat' dir='ltr'>quia</span> <span class='ocrx_word' id='word_1_196' title='bbox 1681 935 1771 971; x_wconf 90' lang='lat' dir='ltr'>actio,</span> <span class='ocrx_word' id='word_1_197' title='bbox 1790 936 1948 966; x_wconf 81' lang='lat' dir='ltr'>subtracto</span> <span class='ocrx_word' id='word_1_198' title='bbox 1968 944 2071 972; x_wconf 86' lang='lat' dir='ltr'>motu,</span> <span class='ocrx_word' id='word_1_199' title='bbox 2086 946 2152 966; x_wconf 91' lang='lat' dir='ltr'>non</span> <span class='ocrx_word' id='word_1_200' title='bbox 2176 944 2222 967; x_wconf 91' lang='lat' dir='ltr'>est</span> <span class='ocrx_word' id='word_1_201' title='bbox 2237 936 2297 967; x_wconf 90' lang='lat' dir='ltr'>nisi</span> <span class='ocrx_word' id='word_1_202' title='bbox 2321 937 2441 974; x_wconf 87' lang='lat' dir='ltr'>relatio,</span> <span class='ocrx_word' id='word_1_203' title='bbox 2459 943 2517 968; x_wconf 89' lang='lat' dir='ltr'>etc.</span> 
     </span>
     <span class='ocr_line' id='line_1_34' title="bbox 1451 978 2514 1020; baseline 0.004 -12"><span class='ocrx_word' id='word_1_204' title='bbox 1451 978 1634 1009; x_wconf 90' lang='lat' dir='ltr'>Secundum</span> <span class='ocrx_word' id='word_1_205' title='bbox 1656 987 1750 1009; x_wconf 90' lang='lat' dir='ltr'>vero:</span> <span class='ocrx_word' id='word_1_206' title='bbox 1776 979 1850 1020; x_wconf 83' lang='lat' dir='ltr'>quia</span> <span class='ocrx_word' id='word_1_207' title='bbox 1874 979 1913 1010; x_wconf 84' lang='lat' dir='ltr'>de</span> <span class='ocrx_word' id='word_1_208' title='bbox 1937 979 2050 1010; x_wconf 87' lang='lat' dir='ltr'>divinis</span> <span class='ocrx_word' id='word_1_209' title='bbox 2074 980 2269 1011; x_wconf 85' lang='lat' dir='ltr'>sensibilium</span> <span class='ocrx_word' id='word_1_210' title='bbox 2289 991 2387 1012; x_wconf 70' lang='lat' dir='ltr'>morer</span> <span class='ocrx_word' id='word_1_211' title='bbox 2401 981 2514 1012; x_wconf 84' lang='lat' dir='ltr'>intelli-</span> 
     </span>
     <span class='ocr_line' id='line_1_35' title="bbox 1451 1022 1888 1063; baseline 0.005 -11"><span class='ocrx_word' id='word_1_212' title='bbox 1451 1022 1555 1062; x_wconf 85' lang='lat' dir='ltr'>gimus</span> <span class='ocrx_word' id='word_1_213' title='bbox 1580 1030 1610 1053; x_wconf 92' lang='lat' dir='ltr'>et</span> <span class='ocrx_word' id='word_1_214' title='bbox 1632 1023 1806 1063; x_wconf 86' lang='lat' dir='ltr'>loquimur,</span> <span class='ocrx_word' id='word_1_215' title='bbox 1831 1030 1888 1054; x_wconf 88' lang='lat' dir='ltr'>etc.</span> 
     </span>
    </p>

    <p class='ocr_par' dir='ltr' id='par_1_19' title="bbox 1450 1066 2518 1231">
     <span class='ocr_line' id='line_1_36' title="bbox 1504 1066 2516 1108; baseline 0.003 -11"><span class='ocrx_word' id='word_1_216' title='bbox 1504 1067 1546 1097; x_wconf 94' lang='lat' dir='ltr'>Et</span> <span class='ocrx_word' id='word_1_217' title='bbox 1564 1066 1615 1097; x_wconf 91' lang='lat' dir='ltr'>hic</span> <span class='ocrx_word' id='word_1_218' title='bbox 1634 1073 1680 1098; x_wconf 92' lang='lat' dir='ltr'>est</span> <span class='ocrx_word' id='word_1_219' title='bbox 1698 1067 1789 1098; x_wconf 91' lang='lat' dir='ltr'>locus</span> <span class='ocrx_word' id='word_1_220' title='bbox 1804 1077 1871 1108; x_wconf 92' lang='lat' dir='ltr'>quo</span> <span class='ocrx_word' id='word_1_221' title='bbox 1888 1074 2020 1099; x_wconf 86' lang='lat' dir='ltr'>utuntur</span> <span class='ocrx_word' id='word_1_222' title='bbox 2037 1067 2174 1099; x_wconf 81' lang='lat' dir='ltr'>dicentes</span> <span class='ocrx_word' id='word_1_223' title='bbox 2191 1068 2350 1100; x_wconf 74' lang='lat' dir='ltr'>actionem</span> <span class='ocrx_word' id='word_1_224' title='bbox 2363 1079 2430 1100; x_wconf 85' lang='lat' dir='ltr'>esse</span> <span class='ocrx_word' id='word_1_225' title='bbox 2443 1069 2516 1100; x_wconf 86' lang='lat' dir='ltr'>sub-</span> 
     </span>
     <span class='ocr_line' id='line_1_37' title="bbox 1450 1110 2518 1154; baseline 0.002 -13"><span class='ocrx_word' id='word_1_226' title='bbox 1450 1110 1559 1141; x_wconf 90' lang='lat' dir='ltr'>iective</span> <span class='ocrx_word' id='word_1_227' title='bbox 1583 1110 1616 1141; x_wconf 91' lang='lat' dir='ltr'>in</span> <span class='ocrx_word' id='word_1_228' title='bbox 1639 1121 1733 1151; x_wconf 90' lang='lat' dir='ltr'>passo</span> <span class='ocrx_word' id='word_1_229' title='bbox 1754 1110 1781 1142; x_wconf 88' lang='lat'>*.</span> <span class='ocrx_word' id='word_1_230' title='bbox 1798 1129 1818 1133; x_wconf 98' lang='lat'><strong>—</strong></span> <span class='ocrx_word' id='word_1_231' title='bbox 1835 1111 1897 1142; x_wconf 92' lang='lat' dir='ltr'>Sed</span> <span class='ocrx_word' id='word_1_232' title='bbox 1925 1111 2015 1153; x_wconf 82' lang='lat' dir='ltr'>facile</span> <span class='ocrx_word' id='word_1_233' title='bbox 2038 1112 2078 1142; x_wconf 85' lang='lat' dir='ltr'>ad</span> <span class='ocrx_word' id='word_1_234' title='bbox 2106 1112 2168 1143; x_wconf 89' lang='lat' dir='ltr'>hoc</span> <span class='ocrx_word' id='word_1_235' title='bbox 2190 1113 2412 1153; x_wconf 87' lang='lat' dir='ltr'>respondetur,</span> <span class='ocrx_word' id='word_1_236' title='bbox 2429 1113 2518 1154; x_wconf 92' lang='lat' dir='ltr'>quod</span> 
     </span>
     <span class='ocr_line' id='line_1_38' title="bbox 1450 1155 2518 1192; baseline 0.003 -7"><span class='ocrx_word' id='word_1_237' title='bbox 1450 1155 1500 1185; x_wconf 90' lang='lat' dir='ltr'>hic</span> <span class='ocrx_word' id='word_1_238' title='bbox 1524 1162 1571 1185; x_wconf 87' lang='lat' dir='ltr'>est</span> <span class='ocrx_word' id='word_1_239' title='bbox 1593 1165 1697 1185; x_wconf 87' lang='lat' dir='ltr'>sermo</span> <span class='ocrx_word' id='word_1_240' title='bbox 1722 1155 1760 1185; x_wconf 92' lang='lat' dir='ltr'>de</span> <span class='ocrx_word' id='word_1_241' title='bbox 1784 1155 1906 1186; x_wconf 83' lang='lat' dir='ltr'>actione</span> <span class='ocrx_word' id='word_1_242' title='bbox 1930 1162 1966 1186; x_wconf 90' lang='lat' dir='ltr'>ut</span> <span class='ocrx_word' id='word_1_243' title='bbox 1989 1155 2070 1186; x_wconf 81' lang='lat' dir='ltr'>actio</span> <span class='ocrx_word' id='word_1_244' title='bbox 2094 1163 2154 1192; x_wconf 84' lang='lat' dir='ltr'>est,</span> <span class='ocrx_word' id='word_1_245' title='bbox 2172 1163 2203 1187; x_wconf 91' lang='lat' dir='ltr'>et</span> <span class='ocrx_word' id='word_1_246' title='bbox 2226 1166 2292 1187; x_wconf 91' lang='lat' dir='ltr'>non</span> <span class='ocrx_word' id='word_1_247' title='bbox 2316 1163 2352 1188; x_wconf 95' lang='lat' dir='ltr'>ut</span> <span class='ocrx_word' id='word_1_248' title='bbox 2375 1157 2518 1188; x_wconf 85' lang='lat' dir='ltr'>accidens</span> 
     </span>
     <span class='ocr_line' id='line_1_39' title="bbox 1451 1198 2164 1231; baseline 0.003 -2"><span class='ocrx_word' id='word_1_249' title='bbox 1451 1206 1497 1229; x_wconf 90' lang='lat' dir='ltr'>est</span> <span class='ocrx_word' id='word_1_250' title='bbox 1518 1198 1570 1229; x_wconf 89' lang='lat' dir='ltr'>vel</span> <span class='ocrx_word' id='word_1_251' title='bbox 1593 1199 1780 1230; x_wconf 85' lang='lat' dir='ltr'>substantia:</span> <span class='ocrx_word' id='word_1_252' title='bbox 1810 1206 1840 1230; x_wconf 90' lang='lat' dir='ltr'>et</span> <span class='ocrx_word' id='word_1_253' title='bbox 1863 1199 1935 1230; x_wconf 89' lang='lat' dir='ltr'>ideo</span> <span class='ocrx_word' id='word_1_254' title='bbox 1966 1199 2044 1230; x_wconf 90' lang='lat' dir='ltr'>nihil</span> <span class='ocrx_word' id='word_1_255' title='bbox 2067 1199 2164 1231; x_wconf 83' lang='lat' dir='ltr'>iuvat.</span> 
     </span>
    </p>
   </div>
   <div class='ocr_carea' id='block_1_17' title="bbox 909 1351 1940 1475">
    <p class='ocr_par' dir='ltr' id='par_1_20' title="bbox 909 1351 1940 1475">
     <span class='ocr_line' id='line_1_40' title="bbox 1095 1351 1742 1394; baseline 0 -1"><span class='ocrx_word' id='word_1_256' title='bbox 1095 1351 1412 1393; x_wconf 89' lang='lat' dir='ltr'>ARTICULUS</span> <span class='ocrx_word' id='word_1_257' title='bbox 1442 1351 1742 1394; x_wconf 91' lang='lat' dir='ltr'>SECUNDUS</span> 
     </span>
     <span class='ocr_line' id='line_1_41' title="bbox 909 1443 1940 1475; baseline -0.002 0"><span class='ocrx_word' id='word_1_258' title='bbox 909 1445 1065 1475; x_wconf 83' lang='lat' dir='ltr'><strong>UTRUM</strong></span> <span class='ocrx_word' id='word_1_259' title='bbox 1083 1444 1226 1475; x_wconf 85' lang='lat' dir='ltr'>ACTUS</span> <span class='ocrx_word' id='word_1_260' title='bbox 1249 1443 1527 1475; x_wconf 83' lang='lat' dir='ltr'><strong>NOTIONALES</strong></span> <span class='ocrx_word' id='word_1_261' title='bbox 1551 1444 1648 1474; x_wconf 75' lang='lat' dir='ltr'>smr</span> <span class='ocrx_word' id='word_1_262' title='bbox 1672 1443 1940 1475; x_wconf 77' lang='lat' dir='ltr'>VOLUNTARH</span> 
     </span>
    </p>
   </div>
   <div class='ocr_carea' id='block_1_18' title="bbox 724 1522 2109 1556">
    <p class='ocr_par' dir='ltr' id='par_1_21' title="bbox 724 1522 2109 1556">
     <span class='ocr_line' id='line_1_42' title="bbox 724 1522 2109 1556; baseline -0.001 -8"><span class='ocrx_word' id='word_1_263' title='bbox 724 1524 733 1548; x_wconf 95' lang='lat'>1</span> <span class='ocrx_word' id='word_1_264' title='bbox 754 1523 836 1552; x_wconf 75' lang='lat' dir='ltr'>Sent„</span> <span class='ocrx_word' id='word_1_265' title='bbox 856 1523 916 1548; x_wconf 88' lang='lat' dir='ltr'>dist.</span> <span class='ocrx_word' id='word_1_266' title='bbox 934 1531 972 1554; x_wconf 80' lang='lat' dir='ltr'>V1;</span> <span class='ocrx_word' id='word_1_267' title='bbox 993 1523 1027 1547; x_wconf 94' lang='lat' dir='ltr'>IV</span> <span class='ocrx_word' id='word_1_268' title='bbox 1049 1523 1124 1548; x_wconf 84' lang='lat' dir='ltr'>Cont.</span> <span class='ocrx_word' id='word_1_269' title='bbox 1146 1524 1233 1553; x_wconf 68' lang='lat' dir='ltr'>Gent„</span> <span class='ocrx_word' id='word_1_270' title='bbox 1253 1530 1309 1555; x_wconf 85' lang='lat' dir='ltr'>cap.</span> <span class='ocrx_word' id='word_1_271' title='bbox 1327 1529 1365 1553; x_wconf 80' lang='lat' dir='ltr'>xr;</span> <span class='ocrx_word' id='word_1_272' title='bbox 1386 1523 1428 1547; x_wconf 84' lang='lat' dir='ltr'>De</span> <span class='ocrx_word' id='word_1_273' title='bbox 1446 1523 1513 1552; x_wconf 74' lang='lat' dir='ltr'>Por„</span> <span class='ocrx_word' id='word_1_274' title='bbox 1534 1530 1579 1555; x_wconf 91' lang='lat' dir='ltr'>qu.</span> <span class='ocrx_word' id='word_1_275' title='bbox 1598 1530 1625 1553; x_wconf 84' lang='lat'>11,</span> <span class='ocrx_word' id='word_1_276' title='bbox 1645 1528 1692 1548; x_wconf 85' lang='lat' dir='ltr'>art.</span> <span class='ocrx_word' id='word_1_277' title='bbox 1714 1522 1741 1553; x_wconf 80' lang='lat'>33</span> <span class='ocrx_word' id='word_1_278' title='bbox 1761 1531 1805 1556; x_wconf 85' lang='lat' dir='ltr'>qu.</span> <span class='ocrx_word' id='word_1_279' title='bbox 1825 1531 1853 1553; x_wconf 83' lang='lat' dir='ltr'>x,</span> <span class='ocrx_word' id='word_1_280' title='bbox 1874 1527 1920 1548; x_wconf 84' lang='lat' dir='ltr'>art.</span> <span class='ocrx_word' id='word_1_281' title='bbox 1941 1530 1965 1553; x_wconf 88' lang='lat'>2,</span> <span class='ocrx_word' id='word_1_282' title='bbox 1985 1523 2016 1548; x_wconf 83' lang='lat' dir='ltr'>ad</span> <span class='ocrx_word' id='word_1_283' title='bbox 2035 1530 2064 1554; x_wconf 86' lang='lat'>4,</span> <span class='ocrx_word' id='word_1_284' title='bbox 2086 1522 2109 1547; x_wconf 83' lang='lat'>5.</span> 
     </span>
    </p>
   </div>
   <div class='ocr_carea' id='block_1_19' title="bbox 327 1611 1397 3406">
    <p class='ocr_par' dir='ltr' id='par_1_22' title="bbox 329 1611 1397 1860">
     <span class='ocr_line' id='line_1_43' title="bbox 364 1611 1395 1661; baseline -0.002 -12"><span class='ocrx_word' id='word_1_285' title='bbox 364 1623 400 1660; x_wconf 36' lang='lat'>2,</span> <span class='ocrx_word' id='word_1_286' title='bbox 418 1623 426 1641; x_wconf 57' lang='lat'>2⁴</span> <span class='ocrx_word' id='word_1_287' title='bbox 452 1643 466 1655; x_wconf 40' lang='lat' dir='ltr'>‚f</span> <span class='ocrx_word' id='word_1_288' title='bbox 480 1630 501 1661; x_wconf 57' lang='grc' dir='ltr'>ς»</span> <span class='ocrx_word' id='word_1_289' title='bbox 542 1625 564 1649; x_wconf 90' lang='lat' dir='ltr'>D</span> <span class='ocrx_word' id='word_1_290' title='bbox 580 1624 769 1649; x_wconf 79' lang='lat' dir='ltr'>SECUNDUM</span> <span class='ocrx_word' id='word_1_291' title='bbox 784 1624 837 1649; x_wconf 77' lang='lat'>510</span> <span class='ocrx_word' id='word_1_292' title='bbox 857 1624 1095 1649; x_wconf 83' lang='lat' dir='ltr'>PROCEDITUR.</span> <span class='ocrx_word' id='word_1_293' title='bbox 1116 1611 1275 1648; x_wconf 88' lang='lat' dir='ltr'>Videtur</span> <span class='ocrx_word' id='word_1_294' title='bbox 1289 1611 1395 1659; x_wconf 93' lang='lat' dir='ltr'>quod</span> 
     </span>
     <span class='ocr_line' id='line_1_44' title="bbox 473 1661 1395 1707; baseline -0.002 -5.217"><span class='ocrx_word' id='word_1_295' title='bbox 473 1661 647 1707; x_wconf 36' lang='lat' dir='ltr'>&#39;&#39;ff-actus</span> <span class='ocrx_word' id='word_1_296' title='bbox 685 1665 896 1702; x_wconf 87' lang='lat' dir='ltr'>notionales</span> <span class='ocrx_word' id='word_1_297' title='bbox 934 1665 1006 1701; x_wconf 92' lang='lat' dir='ltr'>sint</span> <span class='ocrx_word' id='word_1_298' title='bbox 1042 1663 1254 1702; x_wconf 90' lang='lat' dir='ltr'>voluntarii.</span> <span class='ocrx_word' id='word_1_299' title='bbox 1294 1663 1395 1700; x_wconf 92' lang='lat' dir='ltr'>Dicit</span> 
     </span>
     <span class='ocr_line' id='line_1_45' title="bbox 381 1712 1281 1754; baseline -0.001 -29"><span class='ocrx_word' id='word_1_300' title='bbox 381 1712 534 1750; x_wconf 19' lang='lat' dir='ltr'>..KV-⁴«</span> <span class='ocrx_word' id='word_1_301' title='bbox 594 1718 600 1724; x_wconf 94' lang='lat'>.</span> <span class='ocrx_word' id='word_1_302' title='bbox 707 1718 714 1724; x_wconf 90' lang='lat'>.</span> <span class='ocrx_word' id='word_1_303' title='bbox 776 1718 782 1724; x_wconf 96' lang='lat'>.</span> <span class='ocrx_word' id='word_1_304' title='bbox 845 1717 932 1747; x_wconf 21' lang='grc' dir='ltr'>Ι..</span> <span class='ocrx_word' id='word_1_305' title='bbox 1220 1716 1281 1754; x_wconf 77' lang='lat'>.*:</span> 
     </span>
     <span class='ocr_line' id='line_1_46' title="bbox 345 1717 1397 1819; baseline 0.003 -16"><span class='ocrx_word' id='word_1_306' title='bbox 345 1761 348 1765; x_wconf 92' lang='lat'>·</span> <span class='ocrx_word' id='word_1_307' title='bbox 364 1749 373 1763; x_wconf 57' lang='lat'>‘¹</span> <span class='ocrx_word' id='word_1_308' title='bbox 389 1743 487 1801; x_wconf 55' lang='lat' dir='ltr'>ese&gt;</span> <span class='ocrx_word' id='word_1_309' title='bbox 501 1718 1142 1816; x_wconf 48' lang='lat'>{333523223332252222?</span> <span class='ocrx_word' id='word_1_310' title='bbox 1133 1717 1247 1807; x_wconf 59' lang='lat'>1&#39;3252.</span> <span class='ocrx_word' id='word_1_311' title='bbox 1264 1717 1397 1819; x_wconf 57' lang='grc' dir='ltr'>ἕὲἶίἔῖ</span> 
     </span>
     <span class='ocr_line' id='line_1_47' title="bbox 329 1823 481 1860; baseline 0 0"><span class='ocrx_word' id='word_1_312' title='bbox 329 1823 481 1860; x_wconf 88' lang='lat' dir='ltr'>Filium.</span> 
     </span>
    </p>

    <p class='ocr_par' dir='ltr' id='par_1_23' title="bbox 327 1875 1396 2071">
     <span class='ocr_line' id='line_1_48' title="bbox 384 1875 1396 1924; baseline -0.001 -11"><span class='ocrx_word' id='word_1_313' title='bbox 384 1888 418 1913; x_wconf 88' lang='lat'>2.</span> <span class='ocrx_word' id='word_1_314' title='bbox 435 1877 667 1923; x_wconf 79' lang='lat' dir='ltr'>PRAETEREA‚</span> <span class='ocrx_word' id='word_1_315' title='bbox 689 1875 907 1924; x_wconf 89' lang='lat' dir='ltr'>Apostolus,</span> <span class='ocrx_word' id='word_1_316' title='bbox 925 1875 1063 1913; x_wconf 90' lang='lat' dir='ltr'>Coloss.</span> <span class='ocrx_word' id='word_1_317' title='bbox 1090 1887 1099 1912; x_wconf 81' lang='grc' dir='ltr'><em>ι</em></span> <span class='ocrx_word' id='word_1_318' title='bbox 1123 1875 1160 1912; x_wconf 77' lang='lat' dir='ltr'>*z</span> <span class='ocrx_word' id='word_1_319' title='bbox 1190 1875 1396 1912; x_wconf 86' lang='lat' dir='ltr'>Transtulit</span> 
     </span>
     <span class='ocr_line' id='line_1_49' title="bbox 329 1927 1391 1978; baseline 0.001 -13"><span class='ocrx_word' id='word_1_320' title='bbox 329 1941 397 1966; x_wconf 87' lang='lat' dir='ltr'>nos</span> <span class='ocrx_word' id='word_1_321' title='bbox 412 1929 448 1965; x_wconf 89' lang='lat' dir='ltr'>in</span> <span class='ocrx_word' id='word_1_322' title='bbox 465 1940 626 1978; x_wconf 83' lang='lat' dir='ltr'>regnum</span> <span class='ocrx_word' id='word_1_323' title='bbox 641 1928 731 1965; x_wconf 87' lang='lat' dir='ltr'>Filii</span> <span class='ocrx_word' id='word_1_324' title='bbox 749 1929 952 1965; x_wconf 84' lang='lat' dir='ltr'>dilectionis</span> <span class='ocrx_word' id='word_1_325' title='bbox 965 1940 1067 1965; x_wconf 89' lang='lat' dir='ltr'>suae.</span> <span class='ocrx_word' id='word_1_326' title='bbox 1085 1927 1242 1965; x_wconf 90' lang='lat' dir='ltr'>Dilectio</span> <span class='ocrx_word' id='word_1_327' title='bbox 1263 1934 1391 1966; x_wconf 90' lang='lat' dir='ltr'>autern</span> 
     </span>
     <span class='ocr_line' id='line_1_50' title="bbox 328 1981 1390 2030; baseline 0.001 -12"><span class='ocrx_word' id='word_1_328' title='bbox 328 1981 531 2018; x_wconf 88' lang='lat' dir='ltr'>voluntatis</span> <span class='ocrx_word' id='word_1_329' title='bbox 560 1988 626 2018; x_wconf 85' lang='lat' dir='ltr'>est.</span> <span class='ocrx_word' id='word_1_330' title='bbox 667 1982 767 2029; x_wconf 90' lang='lat' dir='ltr'>Ergo</span> <span class='ocrx_word' id='word_1_331' title='bbox 797 1981 913 2018; x_wconf 90' lang='lat' dir='ltr'>Filius</span> <span class='ocrx_word' id='word_1_332' title='bbox 948 1981 1094 2029; x_wconf 89' lang='lat' dir='ltr'>genitus</span> <span class='ocrx_word' id='word_1_333' title='bbox 1127 1988 1183 2018; x_wconf 91' lang='lat' dir='ltr'>est</span> <span class='ocrx_word' id='word_1_334' title='bbox 1211 1994 1233 2018; x_wconf 90' lang='lat' dir='ltr'>a</span> <span class='ocrx_word' id='word_1_335' title='bbox 1261 1982 1390 2030; x_wconf 85' lang='lat' dir='ltr'>Patre,</span> 
     </span>
     <span class='ocr_line' id='line_1_51' title="bbox 327 2035 534 2071; baseline -0.005 0"><span class='ocrx_word' id='word_1_336' title='bbox 327 2035 534 2071; x_wconf 88' lang='lat' dir='ltr'>voluntate.</span> 
     </span>
    </p>

    <p class='ocr_par' dir='ltr' id='par_1_24' title="bbox 328 2086 1394 2241">
     <span class='ocr_line' id='line_1_52' title="bbox 384 2086 1392 2137; baseline 0 -12"><span class='ocrx_word' id='word_1_337' title='bbox 384 2089 417 2125; x_wconf 86' lang='lat'>3.</span> <span class='ocrx_word' id='word_1_338' title='bbox 435 2088 667 2134; x_wconf 60' lang='lat' dir='ltr'>Pmmznm,</span> <span class='ocrx_word' id='word_1_339' title='bbox 685 2086 775 2123; x_wconf 90' lang='lat' dir='ltr'>nihil</span> <span class='ocrx_word' id='word_1_340' title='bbox 790 2086 911 2135; x_wconf 91' lang='lat' dir='ltr'>magis</span> <span class='ocrx_word' id='word_1_341' title='bbox 931 2095 986 2124; x_wconf 88' lang='lat' dir='ltr'>est</span> <span class='ocrx_word' id='word_1_342' title='bbox 1000 2087 1259 2124; x_wconf 86' lang='lat' dir='ltr'>voluntarium</span> <span class='ocrx_word' id='word_1_343' title='bbox 1275 2100 1392 2137; x_wconf 90' lang='lat' dir='ltr'>quam</span> 
     </span>
     <span class='ocr_line' id='line_1_53' title="bbox 328 2139 1394 2189; baseline 0.001 -12"><span class='ocrx_word' id='word_1_344' title='bbox 328 2153 448 2178; x_wconf 89' lang='lat' dir='ltr'>amor.</span> <span class='ocrx_word' id='word_1_345' title='bbox 481 2140 558 2176; x_wconf 89' lang='lat' dir='ltr'>Sed</span> <span class='ocrx_word' id='word_1_346' title='bbox 588 2139 745 2188; x_wconf 86' lang='lat' dir='ltr'>Spiritus</span> <span class='ocrx_word' id='word_1_347' title='bbox 775 2140 935 2176; x_wconf 90' lang='lat' dir='ltr'>Sanctus</span> <span class='ocrx_word' id='word_1_348' title='bbox 963 2139 1136 2189; x_wconf 88' lang='lat' dir='ltr'>procedit</span> <span class='ocrx_word' id='word_1_349' title='bbox 1163 2152 1185 2176; x_wconf 91' lang='lat' dir='ltr'>a</span> <span class='ocrx_word' id='word_1_350' title='bbox 1214 2140 1323 2177; x_wconf 88' lang='lat' dir='ltr'>Patre</span> <span class='ocrx_word' id='word_1_351' title='bbox 1357 2147 1394 2178; x_wconf 89' lang='lat' dir='ltr'>et</span> 
     </span>
     <span class='ocr_line' id='line_1_54' title="bbox 328 2193 1238 2241; baseline -0.001 -11"><span class='ocrx_word' id='word_1_352' title='bbox 328 2193 423 2230; x_wconf 89' lang='lat' dir='ltr'>Filio</span> <span class='ocrx_word' id='word_1_353' title='bbox 451 2200 492 2229; x_wconf 92' lang='lat' dir='ltr'>ut</span> <span class='ocrx_word' id='word_1_354' title='bbox 519 2194 651 2230; x_wconf 90' lang='lat' dir='ltr'>Amor.</span> <span class='ocrx_word' id='word_1_355' title='bbox 682 2193 784 2240; x_wconf 87' lang='lat' dir='ltr'>Ergo</span> <span class='ocrx_word' id='word_1_356' title='bbox 812 2193 984 2241; x_wconf 87' lang='lat' dir='ltr'>procedit</span> <span class='ocrx_word' id='word_1_357' title='bbox 1015 2193 1238 2230; x_wconf 88' lang='lat' dir='ltr'>voluntarie.</span> 
     </span>
    </p>

    <p class='ocr_par' dir='ltr' id='par_1_25' title="bbox 327 2244 1394 2453">
     <span class='ocr_line' id='line_1_55' title="bbox 381 2244 1391 2294; baseline 0 -12"><span class='ocrx_word' id='word_1_358' title='bbox 381 2258 418 2293; x_wconf 92' lang='lat'>4.</span> <span class='ocrx_word' id='word_1_359' title='bbox 450 2247 681 2291; x_wconf 77' lang='lat' dir='ltr'>PRAETEREA,</span> <span class='ocrx_word' id='word_1_360' title='bbox 712 2244 827 2282; x_wconf 93' lang='lat' dir='ltr'>Filius</span> <span class='ocrx_word' id='word_1_361' title='bbox 859 2245 1032 2294; x_wconf 92' lang='lat' dir='ltr'>procedit</span> <span class='ocrx_word' id='word_1_362' title='bbox 1058 2258 1128 2294; x_wconf 89' lang='lat' dir='ltr'>per</span> <span class='ocrx_word' id='word_1_363' title='bbox 1156 2246 1318 2283; x_wconf 89' lang='lat' dir='ltr'>modum</span> <span class='ocrx_word' id='word_1_364' title='bbox 1336 2246 1391 2283; x_wconf 93' lang='lat' dir='ltr'>in-</span> 
     </span>
     <span class='ocr_line' id='line_1_56' title="bbox 327 2298 1394 2347; baseline 0.001 -12"><span class='ocrx_word' id='word_1_365' title='bbox 327 2299 507 2346; x_wconf 81' lang='lat' dir='ltr'>tellectus,</span> <span class='ocrx_word' id='word_1_366' title='bbox 523 2306 564 2334; x_wconf 91' lang='lat' dir='ltr'>ut</span> <span class='ocrx_word' id='word_1_367' title='bbox 583 2298 768 2335; x_wconf 87' lang='lat' dir='ltr'>Verbum.</span> <span class='ocrx_word' id='word_1_368' title='bbox 795 2298 873 2335; x_wconf 91' lang='lat' dir='ltr'>Sed</span> <span class='ocrx_word' id='word_1_369' title='bbox 901 2311 1017 2335; x_wconf 90' lang='lat' dir='ltr'>omne</span> <span class='ocrx_word' id='word_1_370' title='bbox 1035 2299 1199 2335; x_wconf 82' lang='lat' dir='ltr'>verbum</span> <span class='ocrx_word' id='word_1_371' title='bbox 1223 2299 1394 2347; x_wconf 89' lang='lat' dir='ltr'>procedit</span> 
     </span>
     <span class='ocr_line' id='line_1_57' title="bbox 330 2350 1393 2400; baseline 0 -12"><span class='ocrx_word' id='word_1_372' title='bbox 330 2364 351 2388; x_wconf 91' lang='lat' dir='ltr'>a</span> <span class='ocrx_word' id='word_1_373' title='bbox 381 2351 528 2388; x_wconf 88' lang='lat' dir='ltr'>dicente</span> <span class='ocrx_word' id='word_1_374' title='bbox 560 2363 630 2399; x_wconf 91' lang='lat' dir='ltr'>per</span> <span class='ocrx_word' id='word_1_375' title='bbox 656 2351 906 2388; x_wconf 86' lang='lat' dir='ltr'>voluntatem.</span> <span class='ocrx_word' id='word_1_376' title='bbox 942 2352 1043 2399; x_wconf 87' lang='lat' dir='ltr'>Ergo</span> <span class='ocrx_word' id='word_1_377' title='bbox 1078 2350 1192 2388; x_wconf 86' lang='lat' dir='ltr'>Filius</span> <span class='ocrx_word' id='word_1_378' title='bbox 1219 2351 1393 2400; x_wconf 91' lang='lat' dir='ltr'>procedit</span> 
     </span>
     <span class='ocr_line' id='line_1_58' title="bbox 329 2404 1358 2453; baseline 0.001 -13"><span class='ocrx_word' id='word_1_379' title='bbox 329 2417 351 2441; x_wconf 87' lang='lat' dir='ltr'>a</span> <span class='ocrx_word' id='word_1_380' title='bbox 379 2405 490 2441; x_wconf 90' lang='lat' dir='ltr'>Patre</span> <span class='ocrx_word' id='word_1_381' title='bbox 522 2416 592 2452; x_wconf 91' lang='lat' dir='ltr'>per</span> <span class='ocrx_word' id='word_1_382' title='bbox 623 2404 872 2451; x_wconf 85' lang='lat' dir='ltr'>voluntatem,</span> <span class='ocrx_word' id='word_1_383' title='bbox 905 2411 940 2440; x_wconf 88' lang='lat' dir='ltr'>et</span> <span class='ocrx_word' id='word_1_384' title='bbox 968 2416 1047 2441; x_wconf 92' lang='lat' dir='ltr'>non</span> <span class='ocrx_word' id='word_1_385' title='bbox 1073 2415 1143 2453; x_wconf 90' lang='lat' dir='ltr'>per</span> <span class='ocrx_word' id='word_1_386' title='bbox 1170 2411 1358 2441; x_wconf 87' lang='lat' dir='ltr'>naturam.</span> 
     </span>
    </p>

    <p class='ocr_par' dir='ltr' id='par_1_26' title="bbox 328 2456 1394 2664">
     <span class='ocr_line' id='line_1_59' title="bbox 387 2456 1394 2506; baseline 0.001 -13"><span class='ocrx_word' id='word_1_387' title='bbox 387 2458 418 2494; x_wconf 90' lang='lat'>5.</span> <span class='ocrx_word' id='word_1_388' title='bbox 450 2458 681 2503; x_wconf 76' lang='lat' dir='ltr'>PRAETEREA,</span> <span class='ocrx_word' id='word_1_389' title='bbox 712 2458 817 2506; x_wconf 92' lang='lat' dir='ltr'>quod</span> <span class='ocrx_word' id='word_1_390' title='bbox 849 2469 927 2494; x_wconf 93' lang='lat' dir='ltr'>non</span> <span class='ocrx_word' id='word_1_391' title='bbox 954 2464 1010 2494; x_wconf 85' lang='lat' dir='ltr'>est</span> <span class='ocrx_word' id='word_1_392' title='bbox 1036 2456 1307 2504; x_wconf 82' lang='lat' dir='ltr'>voluntarium,</span> <span class='ocrx_word' id='word_1_393' title='bbox 1338 2465 1394 2494; x_wconf 91' lang='lat' dir='ltr'>est</span> 
     </span>
     <span class='ocr_line' id='line_1_60' title="bbox 329 2509 1391 2557; baseline 0 -10"><span class='ocrx_word' id='word_1_394' title='bbox 329 2509 596 2547; x_wconf 90' lang='lat' dir='ltr'>necessarium.</span> <span class='ocrx_word' id='word_1_395' title='bbox 628 2509 667 2546; x_wconf 87' lang='lat' dir='ltr'>Si</span> <span class='ocrx_word' id='word_1_396' title='bbox 696 2509 806 2557; x_wconf 90' lang='lat' dir='ltr'>igitur</span> <span class='ocrx_word' id='word_1_397' title='bbox 834 2510 946 2546; x_wconf 86' lang='lat' dir='ltr'>Pater</span> <span class='ocrx_word' id='word_1_398' title='bbox 966 2516 1076 2546; x_wconf 67' lang='lat' dir='ltr'>non‘’t</span> <span class='ocrx_word' id='word_1_399' title='bbox 1096 2510 1224 2557; x_wconf 88' lang='lat' dir='ltr'>genuit</span> <span class='ocrx_word' id='word_1_400' title='bbox 1253 2509 1391 2547; x_wconf 89' lang='lat' dir='ltr'>Filium</span> 
     </span>
     <span class='ocr_line' id='line_1_61' title="bbox 328 2562 1391 2611; baseline 0 -11"><span class='ocrx_word' id='word_1_401' title='bbox 328 2563 535 2609; x_wconf 83' lang='lat' dir='ltr'>voluntate,</span> <span class='ocrx_word' id='word_1_402' title='bbox 552 2562 702 2599; x_wconf 89' lang='lat' dir='ltr'>videtur</span> <span class='ocrx_word' id='word_1_403' title='bbox 716 2562 822 2611; x_wconf 88' lang='lat' dir='ltr'>sequi</span> <span class='ocrx_word' id='word_1_404' title='bbox 842 2563 949 2610; x_wconf 89' lang='lat' dir='ltr'>quod</span> <span class='ocrx_word' id='word_1_405' title='bbox 966 2563 1188 2599; x_wconf 88' lang='lat' dir='ltr'>necessitate</span> <span class='ocrx_word' id='word_1_406' title='bbox 1208 2563 1391 2611; x_wconf 87' lang='lat' dir='ltr'>genuerit.</span> 
     </span>
     <span class='ocr_line' id='line_1_62' title="bbox 330 2615 1391 2664; baseline 0.001 -12"><span class='ocrx_word' id='word_1_407' title='bbox 330 2615 446 2663; x_wconf 90' lang='lat' dir='ltr'>Quod</span> <span class='ocrx_word' id='word_1_408' title='bbox 463 2623 517 2652; x_wconf 92' lang='lat' dir='ltr'>est</span> <span class='ocrx_word' id='word_1_409' title='bbox 532 2622 662 2652; x_wconf 88' lang='lat' dir='ltr'>contra</span> <span class='ocrx_word' id='word_1_410' title='bbox 677 2615 943 2664; x_wconf 70' lang='lat' dir='ltr'>Augusfinum,</span> <span class='ocrx_word' id='word_1_411' title='bbox 960 2615 998 2653; x_wconf 93' lang='lat' dir='ltr'>in</span> <span class='ocrx_word' id='word_1_412' title='bbox 1012 2615 1108 2652; x_wconf 93' lang='lat' dir='ltr'>libro</span> <span class='ocrx_word' id='word_1_413' title='bbox 1120 2616 1172 2652; x_wconf 86' lang='lat' dir='ltr'>ad</span> <span class='ocrx_word' id='word_1_414' title='bbox 1180 2615 1391 2654; x_wconf 80' lang='lat' dir='ltr'>Orosium*.</span> 
     </span>
    </p>

    <p class='ocr_par' dir='ltr' id='par_1_27' title="bbox 327 2667 1393 2822">
     <span class='ocr_line' id='line_1_63' title="bbox 383 2667 1392 2718; baseline 0.001 -13"><span class='ocrx_word' id='word_1_415' title='bbox 383 2669 457 2706; x_wconf 77' lang='lat' dir='ltr'>SED</span> <span class='ocrx_word' id='word_1_416' title='bbox 477 2680 622 2705; x_wconf 82' lang='lat' dir='ltr'>CONTRA</span> <span class='ocrx_word' id='word_1_417' title='bbox 654 2680 720 2705; x_wconf 83' lang='lat' dir='ltr'>EST</span> <span class='ocrx_word' id='word_1_418' title='bbox 747 2668 852 2718; x_wconf 90' lang='lat' dir='ltr'>quod</span> <span class='ocrx_word' id='word_1_419' title='bbox 871 2668 1105 2716; x_wconf 87' lang='lat' dir='ltr'>Augustinus</span> <span class='ocrx_word' id='word_1_420' title='bbox 1135 2667 1234 2716; x_wconf 91' lang='lat' dir='ltr'>dicit,</span> <span class='ocrx_word' id='word_1_421' title='bbox 1264 2669 1302 2705; x_wconf 93' lang='lat' dir='ltr'>in</span> <span class='ocrx_word' id='word_1_422' title='bbox 1329 2681 1392 2706; x_wconf 91' lang='lat' dir='ltr'>eo-</span> 
     </span>
     <span class='ocr_line' id='line_1_64' title="bbox 330 2720 1393 2771; baseline 0 -12"><span class='ocrx_word' id='word_1_423' title='bbox 330 2723 419 2759; x_wconf 89' lang='lat' dir='ltr'>dem</span> <span class='ocrx_word' id='word_1_424' title='bbox 447 2721 542 2758; x_wconf 91' lang='lat' dir='ltr'>libro</span> <span class='ocrx_word' id='word_1_425' title='bbox 562 2720 593 2768; x_wconf 71' lang='lat'>³⁸,</span> <span class='ocrx_word' id='word_1_426' title='bbox 623 2721 728 2770; x_wconf 90' lang='lat' dir='ltr'>quod</span> <span class='ocrx_word' id='word_1_427' title='bbox 757 2733 876 2770; x_wconf 84' lang='lat' dir='ltr'>neque</span> <span class='ocrx_word' id='word_1_428' title='bbox 908 2721 1098 2759; x_wconf 73' lang='lat' dir='ltr'>voluntate</span> <span class='ocrx_word' id='word_1_429' title='bbox 1123 2722 1256 2771; x_wconf 79' lang='lat' dir='ltr'>genuit</span> <span class='ocrx_word' id='word_1_430' title='bbox 1280 2722 1393 2759; x_wconf 90' lang='lat' dir='ltr'>Pater</span> 
     </span>
     <span class='ocr_line' id='line_1_65' title="bbox 327 2774 877 2822; baseline 0 -11"><span class='ocrx_word' id='word_1_431' title='bbox 327 2774 478 2820; x_wconf 88' lang='lat' dir='ltr'>Filium,</span> <span class='ocrx_word' id='word_1_432' title='bbox 509 2785 627 2822; x_wconf 85' lang='lat' dir='ltr'>neque</span> <span class='ocrx_word' id='word_1_433' title='bbox 654 2775 877 2811; x_wconf 78' lang='lat' dir='ltr'>necessitate.</span> 
     </span>
    </p>

    <p class='ocr_par' dir='ltr' id='par_1_28' title="bbox 328 2827 1392 3406">
     <span class='ocr_line' id='line_1_66' title="bbox 382 2827 1392 2877; baseline 0.002 -14"><span class='ocrx_word' id='word_1_434' title='bbox 382 2829 606 2864; x_wconf 78' lang='lat' dir='ltr'>RESPONDEO</span> <span class='ocrx_word' id='word_1_435' title='bbox 627 2839 809 2864; x_wconf 78' lang='lat' dir='ltr'>mCENDUM</span> <span class='ocrx_word' id='word_1_436' title='bbox 838 2827 954 2876; x_wconf 86' lang='lat' dir='ltr'>quod,</span> <span class='ocrx_word' id='word_1_437' title='bbox 977 2839 1065 2865; x_wconf 91' lang='lat' dir='ltr'>curn</span> <span class='ocrx_word' id='word_1_438' title='bbox 1094 2827 1229 2865; x_wconf 91' lang='lat' dir='ltr'>dicitur</span> <span class='ocrx_word' id='word_1_439' title='bbox 1252 2827 1392 2877; x_wconf 88' lang='lat' dir='ltr'>aliquid</span> 
     </span>
     <span class='ocr_line' id='line_1_67' title="bbox 330 2880 1389 2930; baseline 0.002 -14"><span class='ocrx_word' id='word_1_440' title='bbox 330 2893 411 2917; x_wconf 89' lang='lat' dir='ltr'>esse</span> <span class='ocrx_word' id='word_1_441' title='bbox 438 2881 501 2917; x_wconf 91' lang='lat' dir='ltr'>vel</span> <span class='ocrx_word' id='word_1_442' title='bbox 520 2880 602 2916; x_wconf 88' lang='lat' dir='ltr'>fieri</span> <span class='ocrx_word' id='word_1_443' title='bbox 620 2881 830 2928; x_wconf 84' lang='lat' dir='ltr'>voluntate,</span> <span class='ocrx_word' id='word_1_444' title='bbox 852 2880 1050 2929; x_wconf 84' lang='lat' dir='ltr'>dupliciter</span> <span class='ocrx_word' id='word_1_445' title='bbox 1076 2888 1201 2930; x_wconf 90' lang='lat' dir='ltr'>potest</span> <span class='ocrx_word' id='word_1_446' title='bbox 1228 2881 1389 2929; x_wconf 89' lang='lat' dir='ltr'>intelligi.</span> 
     </span>
     <span class='ocr_line' id='line_1_68' title="bbox 328 2931 1387 2981; baseline 0 -10"><span class='ocrx_word' id='word_1_447' title='bbox 328 2934 414 2971; x_wconf 92' lang='lat' dir='ltr'>Uno</span> <span class='ocrx_word' id='word_1_448' title='bbox 435 2931 567 2981; x_wconf 89' lang='lat' dir='ltr'>modo,</span> <span class='ocrx_word' id='word_1_449' title='bbox 587 2941 629 2970; x_wconf 92' lang='lat' dir='ltr'>ut</span> <span class='ocrx_word' id='word_1_450' title='bbox 648 2933 835 2970; x_wconf 89' lang='lat' dir='ltr'>ablativus</span> <span class='ocrx_word' id='word_1_451' title='bbox 865 2933 1034 2981; x_wconf 90' lang='lat' dir='ltr'>designet</span> <span class='ocrx_word' id='word_1_452' title='bbox 1056 2933 1387 2971; x_wconf 90' lang='lat' dir='ltr'>concomitantiam</span> 
     </span>
     <span class='ocr_line' id='line_1_69' title="bbox 329 2986 1389 3038; baseline 0.001 -15"><span class='ocrx_word' id='word_1_453' title='bbox 329 2993 493 3023; x_wconf 90' lang='lat' dir='ltr'>tantum:</span> <span class='ocrx_word' id='word_1_454' title='bbox 523 2986 616 3023; x_wconf 90' lang='lat' dir='ltr'>sicut</span> <span class='ocrx_word' id='word_1_455' title='bbox 634 2998 793 3035; x_wconf 89' lang='lat' dir='ltr'>possum</span> <span class='ocrx_word' id='word_1_456' title='bbox 814 2986 938 3023; x_wconf 89' lang='lat' dir='ltr'>dicere</span> <span class='ocrx_word' id='word_1_457' title='bbox 959 2987 1064 3035; x_wconf 91' lang='lat' dir='ltr'>quod</span> <span class='ocrx_word' id='word_1_458' title='bbox 1084 2999 1155 3038; x_wconf 82' lang='lat' dir='ltr'>ego</span> <span class='ocrx_word' id='word_1_459' title='bbox 1174 2999 1258 3024; x_wconf 89' lang='lat' dir='ltr'>sum</span> <span class='ocrx_word' id='word_1_460' title='bbox 1277 2987 1389 3025; x_wconf 84' lang='lat' dir='ltr'>homo</span> 
     </span>
     <span class='ocr_line' id='line_1_70' title="bbox 329 3037 1388 3087; baseline 0.001 -11"><span class='ocrx_word' id='word_1_461' title='bbox 329 3051 413 3076; x_wconf 86' lang='lat' dir='ltr'>mea</span> <span class='ocrx_word' id='word_1_462' title='bbox 440 3040 649 3086; x_wconf 86' lang='lat' dir='ltr'>voluntate,</span> <span class='ocrx_word' id='word_1_463' title='bbox 679 3038 768 3087; x_wconf 88' lang='lat' dir='ltr'>quia</span> <span class='ocrx_word' id='word_1_464' title='bbox 786 3037 803 3067; x_wconf 71' lang='grc' dir='ltr'><strong><em>β</em></strong></span> <span class='ocrx_word' id='word_1_465' title='bbox 831 3039 971 3076; x_wconf 89' lang='lat' dir='ltr'>scilicet</span> <span class='ocrx_word' id='word_1_466' title='bbox 999 3041 1090 3077; x_wconf 92' lang='lat' dir='ltr'>volo</span> <span class='ocrx_word' id='word_1_467' title='bbox 1120 3053 1184 3077; x_wconf 88' lang='lat' dir='ltr'>rne</span> <span class='ocrx_word' id='word_1_468' title='bbox 1213 3052 1295 3078; x_wconf 89' lang='lat' dir='ltr'>esse</span> <span class='ocrx_word' id='word_1_469' title='bbox 1321 3040 1388 3077; x_wconf 90' lang='lat' dir='ltr'>ho-</span> 
     </span>
     <span class='ocr_line' id='line_1_71' title="bbox 329 3092 1390 3143; baseline 0.002 -15"><span class='ocrx_word' id='word_1_470' title='bbox 329 3092 484 3129; x_wconf 89' lang='lat' dir='ltr'>minem.</span> <span class='ocrx_word' id='word_1_471' title='bbox 524 3093 573 3129; x_wconf 90' lang='lat' dir='ltr'>Et</span> <span class='ocrx_word' id='word_1_472' title='bbox 604 3092 679 3128; x_wconf 92' lang='lat' dir='ltr'>hoc</span> <span class='ocrx_word' id='word_1_473' title='bbox 715 3092 833 3128; x_wconf 91' lang='lat' dir='ltr'>modo</span> <span class='ocrx_word' id='word_1_474' title='bbox 871 3100 996 3140; x_wconf 87' lang='lat' dir='ltr'>potest</span> <span class='ocrx_word' id='word_1_475' title='bbox 1031 3093 1100 3130; x_wconf 91' lang='lat' dir='ltr'>dici</span> <span class='ocrx_word' id='word_1_476' title='bbox 1135 3093 1241 3143; x_wconf 93' lang='lat' dir='ltr'>quod</span> <span class='ocrx_word' id='word_1_477' title='bbox 1277 3093 1390 3130; x_wconf 88' lang='lat' dir='ltr'>Pater</span> 
     </span>
     <span class='ocr_line' id='line_1_72' title="bbox 329 3145 1388 3192; baseline 0.002 -11"><span class='ocrx_word' id='word_1_478' title='bbox 329 3145 457 3192; x_wconf 88' lang='lat' dir='ltr'>genuit</span> <span class='ocrx_word' id='word_1_479' title='bbox 494 3145 631 3182; x_wconf 89' lang='lat' dir='ltr'>Filium</span> <span class='ocrx_word' id='word_1_480' title='bbox 668 3145 883 3192; x_wconf 85' lang='lat' dir='ltr'>voluntate,</span> <span class='ocrx_word' id='word_1_481' title='bbox 914 3145 1008 3182; x_wconf 91' lang='lat' dir='ltr'>sicut</span> <span class='ocrx_word' id='word_1_482' title='bbox 1046 3154 1082 3183; x_wconf 90' lang='lat' dir='ltr'>et</span> <span class='ocrx_word' id='word_1_483' title='bbox 1110 3153 1166 3183; x_wconf 90' lang='lat' dir='ltr'>est</span> <span class='ocrx_word' id='word_1_484' title='bbox 1192 3146 1388 3183; x_wconf 85' lang='lat' dir='ltr'>voluntate</span> 
     </span>
     <span class='ocr_line' id='line_1_73' title="bbox 329 3191 1388 3248; baseline 0.002 -14"><span class='ocrx_word' id='word_1_485' title='bbox 329 3199 454 3234; x_wconf 90' lang='lat' dir='ltr'>Deus:</span> <span class='ocrx_word' id='word_1_486' title='bbox 485 3198 573 3247; x_wconf 88' lang='lat' dir='ltr'>quia</span> <span class='ocrx_word' id='word_1_487' title='bbox 600 3198 682 3235; x_wconf 91' lang='lat' dir='ltr'>vult</span> <span class='ocrx_word' id='word_1_488' title='bbox 709 3210 750 3234; x_wconf 91' lang='lat' dir='ltr'>se</span> <span class='ocrx_word' id='word_1_489' title='bbox 779 3210 860 3234; x_wconf 89' lang='lat' dir='ltr'>esse</span> <span class='ocrx_word' id='word_1_490' title='bbox 891 3199 1030 3246; x_wconf 87' lang='lat' dir='ltr'>Deum,</span> <span class='ocrx_word' id='word_1_491' title='bbox 1053 3206 1088 3236; x_wconf 90' lang='lat' dir='ltr'>et</span> <span class='ocrx_word' id='word_1_492' title='bbox 1106 3191 1190 3236; x_wconf 72' lang='lat' dir='ltr'>vult</span> <span class='ocrx_word' id='word_1_493' title='bbox 1217 3211 1256 3236; x_wconf 89' lang='lat' dir='ltr'>se</span> <span class='ocrx_word' id='word_1_494' title='bbox 1276 3210 1388 3248; x_wconf 87' lang='lat' dir='ltr'>gene-</span> 
     </span>
     <span class='ocr_line' id='line_1_74' title="bbox 329 3249 1390 3299; baseline 0.003 -13"><span class='ocrx_word' id='word_1_495' title='bbox 329 3262 409 3287; x_wconf 90' lang='lat' dir='ltr'>rare</span> <span class='ocrx_word' id='word_1_496' title='bbox 431 3251 580 3288; x_wconf 90' lang='lat' dir='ltr'>Filium.</span> <span class='ocrx_word' id='word_1_497' title='bbox 597 3272 620 3278; x_wconf 99' lang='lat'>-</span> <span class='ocrx_word' id='word_1_498' title='bbox 641 3250 725 3287; x_wconf 92' lang='lat' dir='ltr'>Alio</span> <span class='ocrx_word' id='word_1_499' title='bbox 747 3249 866 3287; x_wconf 90' lang='lat' dir='ltr'>modo</span> <span class='ocrx_word' id='word_1_500' title='bbox 887 3251 951 3297; x_wconf 83' lang='lat' dir='ltr'>sic,</span> <span class='ocrx_word' id='word_1_501' title='bbox 981 3252 1085 3299; x_wconf 87' lang='lat' dir='ltr'>quod</span> <span class='ocrx_word' id='word_1_502' title='bbox 1114 3252 1300 3289; x_wconf 87' lang='lat' dir='ltr'>ablativus</span> <span class='ocrx_word' id='word_1_503' title='bbox 1320 3250 1390 3289; x_wconf 89' lang='lat' dir='ltr'>im-</span> 
     </span>
     <span class='ocr_line' id='line_1_75' title="bbox 328 3303 1390 3354; baseline 0.003 -15"><span class='ocrx_word' id='word_1_504' title='bbox 328 3310 451 3351; x_wconf 91' lang='lat' dir='ltr'>portet</span> <span class='ocrx_word' id='word_1_505' title='bbox 482 3303 742 3341; x_wconf 89' lang='lat' dir='ltr'>habitudinem</span> <span class='ocrx_word' id='word_1_506' title='bbox 770 3303 963 3353; x_wconf 89' lang='lat' dir='ltr'>principii:</span> <span class='ocrx_word' id='word_1_507' title='bbox 998 3304 1092 3341; x_wconf 92' lang='lat' dir='ltr'>sicut</span> <span class='ocrx_word' id='word_1_508' title='bbox 1125 3304 1258 3342; x_wconf 89' lang='lat' dir='ltr'>dicitur</span> <span class='ocrx_word' id='word_1_509' title='bbox 1286 3305 1390 3354; x_wconf 88' lang='lat' dir='ltr'>quod</span> 
     </span>
     <span class='ocr_line' id='line_1_76' title="bbox 329 3355 1390 3406; baseline 0.003 -14"><span class='ocrx_word' id='word_1_510' title='bbox 329 3356 468 3402; x_wconf 85' lang='lat' dir='ltr'>artifex</span> <span class='ocrx_word' id='word_1_511' title='bbox 487 3362 664 3405; x_wconf 81' lang='lat' dir='ltr'>operatur</span> <span class='ocrx_word' id='word_1_512' title='bbox 681 3355 881 3402; x_wconf 78' lang='lat' dir='ltr'>voluntate,</span> <span class='ocrx_word' id='word_1_513' title='bbox 903 3357 990 3405; x_wconf 90' lang='lat' dir='ltr'>quia</span> <span class='ocrx_word' id='word_1_514' title='bbox 1009 3358 1186 3395; x_wconf 86' lang='lat' dir='ltr'>voluntas</span> <span class='ocrx_word' id='word_1_515' title='bbox 1206 3364 1261 3394; x_wconf 93' lang='lat' dir='ltr'>est</span> <span class='ocrx_word' id='word_1_516' title='bbox 1288 3357 1390 3406; x_wconf 86' lang='lat' dir='ltr'>prin-</span> 
     </span>
    </p>
   </div>
   <div class='ocr_carea' id='block_1_20' title="bbox 344 1624 533 1809">
    <p class='ocr_par' dir='ltr' id='par_1_29' title="bbox 344 1624 533 1809">
     <span class='ocr_line' id='line_1_77' title="bbox 344 1624 533 1809; baseline 0 0"><span class='ocrx_word' id='word_1_517' title='bbox 344 1624 533 1809; x_wconf 95' lang='lat' dir='ltr'>  </span> 
     </span>
    </p>
   </div>
   <div class='ocr_carea' id='block_1_21' title="bbox 329 3470 1389 3642">
    <p class='ocr_par' dir='ltr' id='par_1_30' title="bbox 329 3470 1389 3531">
     <span class='ocr_line' id='line_1_78' title="bbox 382 3470 1389 3504; baseline 0.001 -9"><span class='ocrx_word' id='word_1_518' title='bbox 382 3470 409 3502; x_wconf 89' lang='grc' dir='ltr'>α)</span> <span class='ocrx_word' id='word_1_519' title='bbox 429 3478 489 3496; x_wconf 87' lang='lat' dir='ltr'>non.</span> <span class='ocrx_word' id='word_1_520' title='bbox 508 3485 526 3490; x_wconf 96' lang='lat'>—</span> <span class='ocrx_word' id='word_1_521' title='bbox 545 3471 608 3496; x_wconf 84' lang='lat' dir='ltr'>Post</span> <span class='ocrx_word' id='word_1_522' title='bbox 621 3471 717 3496; x_wconf 73' lang='lat' dir='ltr'>Fnlium</span> <span class='ocrx_word' id='word_1_523' title='bbox 737 3471 808 3504; x_wconf 90' lang='lat' dir='ltr'>ponit</span> <span class='ocrx_word' id='word_1_524' title='bbox 827 3472 854 3503; x_wconf 85' lang='grc' dir='ltr'>Ρ,</span> <span class='ocrx_word' id='word_1_525' title='bbox 869 3471 963 3496; x_wconf 85' lang='lat' dir='ltr'>omittit</span> <span class='ocrx_word' id='word_1_526' title='bbox 978 3470 1054 3496; x_wconf 81' lang='lat' dir='ltr'>editio</span> <span class='ocrx_word' id='word_1_527' title='bbox 1068 3472 1092 3496; x_wconf 81' lang='lat' dir='ltr'>b.</span> <span class='ocrx_word' id='word_1_528' title='bbox 1110 3485 1129 3490; x_wconf 96' lang='lat'>-</span> <span class='ocrx_word' id='word_1_529' title='bbox 1147 3471 1210 3496; x_wconf 82' lang='lat' dir='ltr'>Post</span> <span class='ocrx_word' id='word_1_530' title='bbox 1226 3471 1350 3504; x_wconf 77' lang='lat' dir='ltr'>genuerit</span> <span class='ocrx_word' id='word_1_531' title='bbox 1368 3471 1389 3495; x_wconf 89' lang='grc' dir='ltr'><strong>Β</strong></span> 
     </span>
     <span class='ocr_line' id='line_1_79' title="bbox 329 3505 521 3531; baseline 0.01 -2"><span class='ocrx_word' id='word_1_532' title='bbox 329 3505 397 3530; x_wconf 83' lang='lat' dir='ltr'>addit</span> <span class='ocrx_word' id='word_1_533' title='bbox 417 3506 521 3531; x_wconf 84' lang='lat' dir='ltr'>Filium.</span> 
     </span>
    </p>

    <p class='ocr_par' dir='ltr' id='par_1_31' title="bbox 383 3539 697 3573">
     <span class='ocr_line' id='line_1_80' title="bbox 383 3539 697 3573; baseline 0.01 -9"><span class='ocrx_word' id='word_1_534' title='bbox 383 3539 407 3572; x_wconf 84' lang='grc' dir='ltr'>β)</span> <span class='ocrx_word' id='word_1_535' title='bbox 426 3541 496 3572; x_wconf 82' lang='lat' dir='ltr'>quia.</span> <span class='ocrx_word' id='word_1_536' title='bbox 513 3554 533 3560; x_wconf 90' lang='lat'>—</span> <span class='ocrx_word' id='word_1_537' title='bbox 550 3541 627 3573; x_wconf 76' lang='lat' dir='ltr'>quasi</span> <span class='ocrx_word' id='word_1_538' title='bbox 644 3542 697 3567; x_wconf 88' lang='lat' dir='ltr'>BD.</span> 
     </span>
    </p>

    <p class='ocr_par' dir='ltr' id='par_1_32' title="bbox 382 3575 794 3608">
     <span class='ocr_line' id='line_1_81' title="bbox 382 3575 794 3608; baseline 0.005 -8"><span class='ocrx_word' id='word_1_539' title='bbox 382 3577 408 3608; x_wconf 86' lang='grc' dir='ltr'>γ)</span> <span class='ocrx_word' id='word_1_540' title='bbox 429 3575 534 3600; x_wconf 82' lang='lat' dir='ltr'>dicitur.</span> <span class='ocrx_word' id='word_1_541' title='bbox 553 3589 570 3594; x_wconf 94' lang='lat'><strong>—</strong></span> <span class='ocrx_word' id='word_1_542' title='bbox 588 3577 660 3608; x_wconf 82' lang='lat' dir='ltr'>quod</span> <span class='ocrx_word' id='word_1_543' title='bbox 679 3577 747 3601; x_wconf 79' lang='lat' dir='ltr'>addit</span> <span class='ocrx_word' id='word_1_544' title='bbox 766 3577 794 3602; x_wconf 88' lang='grc' dir='ltr'>Ρ.</span> 
     </span>
    </p>

    <p class='ocr_par' dir='ltr' id='par_1_33' title="bbox 381 3609 919 3642">
     <span class='ocr_line' id='line_1_82' title="bbox 381 3609 919 3642; baseline 0.006 -8"><span class='ocrx_word' id='word_1_545' title='bbox 381 3609 406 3642; x_wconf 80' lang='grc' dir='ltr'>ὃ)</span> <span class='ocrx_word' id='word_1_546' title='bbox 425 3611 597 3636; x_wconf 72' lang='lat' dir='ltr'>assimilatur.</span> <span class='ocrx_word' id='word_1_547' title='bbox 614 3625 633 3630; x_wconf 95' lang='lat'>—</span> <span class='ocrx_word' id='word_1_548' title='bbox 650 3612 784 3636; x_wconf 77' lang='lat' dir='ltr'>similatur</span> <span class='ocrx_word' id='word_1_549' title='bbox 803 3612 919 3637; x_wconf 83' lang='lat' dir='ltr'>CEFGa.</span> 
     </span>
    </p>
   </div>
   <div class='ocr_carea' id='block_1_22' title="bbox 1436 1611 2518 3406">
    <p class='ocr_par' dir='ltr' id='par_1_34' title="bbox 1436 1611 2518 1924">
     <span class='ocr_line' id='line_1_83' title="bbox 1450 1611 2518 1661; baseline 0.003 -13"><span class='ocrx_word' id='word_1_550' title='bbox 1450 1611 1591 1661; x_wconf 91' lang='lat' dir='ltr'>cipium</span> <span class='ocrx_word' id='word_1_551' title='bbox 1621 1612 1758 1661; x_wconf 88' lang='lat' dir='ltr'>operis.</span> <span class='ocrx_word' id='word_1_552' title='bbox 1795 1613 1844 1649; x_wconf 92' lang='lat' dir='ltr'>Et</span> <span class='ocrx_word' id='word_1_553' title='bbox 1872 1612 2085 1650; x_wconf 89' lang='lat' dir='ltr'>secundum</span> <span class='ocrx_word' id='word_1_554' title='bbox 2112 1613 2215 1649; x_wconf 89' lang='lat' dir='ltr'>hunc</span> <span class='ocrx_word' id='word_1_555' title='bbox 2253 1613 2434 1661; x_wconf 88' lang='lat' dir='ltr'>modum,</span> <span class='ocrx_word' id='word_1_556' title='bbox 2464 1613 2518 1652; x_wconf 83' lang='lat' dir='ltr'>di-</span> 
     </span>
     <span class='ocr_line' id='line_1_84' title="bbox 1449 1663 2516 1714; baseline 0.002 -13"><span class='ocrx_word' id='word_1_557' title='bbox 1449 1665 1615 1702; x_wconf 91' lang='lat' dir='ltr'>cendum</span> <span class='ocrx_word' id='word_1_558' title='bbox 1645 1673 1701 1702; x_wconf 90' lang='lat' dir='ltr'>est</span> <span class='ocrx_word' id='word_1_559' title='bbox 1728 1665 1835 1714; x_wconf 91' lang='lat' dir='ltr'>quod</span> <span class='ocrx_word' id='word_1_560' title='bbox 1863 1666 1969 1702; x_wconf 89' lang='lat' dir='ltr'>Deus</span> <span class='ocrx_word' id='word_1_561' title='bbox 1995 1663 2107 1702; x_wconf 85' lang='lat' dir='ltr'>Pater</span> <span class='ocrx_word' id='word_1_562' title='bbox 2125 1677 2203 1702; x_wconf 92' lang='lat' dir='ltr'>non</span> <span class='ocrx_word' id='word_1_563' title='bbox 2221 1666 2350 1714; x_wconf 90' lang='lat' dir='ltr'>genuit</span> <span class='ocrx_word' id='word_1_564' title='bbox 2377 1666 2516 1704; x_wconf 80' lang='lat' dir='ltr'>Filiurn</span> 
     </span>
     <span class='ocr_line' id='line_1_85' title="bbox 1447 1718 2516 1768; baseline 0.003 -14"><span class='ocrx_word' id='word_1_565' title='bbox 1447 1718 1662 1764; x_wconf 89' lang='lat' dir='ltr'>voluntate;</span> <span class='ocrx_word' id='word_1_566' title='bbox 1679 1718 1748 1755; x_wconf 89' lang='lat' dir='ltr'>sed</span> <span class='ocrx_word' id='word_1_567' title='bbox 1762 1719 1958 1756; x_wconf 89' lang='lat' dir='ltr'>voluntate</span> <span class='ocrx_word' id='word_1_568' title='bbox 1972 1718 2151 1767; x_wconf 87' lang='lat' dir='ltr'>produxit</span> <span class='ocrx_word' id='word_1_569' title='bbox 2165 1725 2388 1757; x_wconf 89' lang='lat' dir='ltr'>creaturam.</span> <span class='ocrx_word' id='word_1_570' title='bbox 2405 1719 2516 1768; x_wconf 62' lang='lat' dir='ltr'>Unde</span> 
     </span>
     <span class='ocr_line' id='line_1_86' title="bbox 1448 1770 2517 1821; baseline 0.003 -14"><span class='ocrx_word' id='word_1_571' title='bbox 1448 1770 1487 1807; x_wconf 92' lang='lat' dir='ltr'>in</span> <span class='ocrx_word' id='word_1_572' title='bbox 1520 1771 1616 1807; x_wconf 93' lang='lat' dir='ltr'>libro</span> <span class='ocrx_word' id='word_1_573' title='bbox 1645 1771 1691 1807; x_wconf 88' lang='lat' dir='ltr'>de</span> <span class='ocrx_word' id='word_1_574' title='bbox 1718 1771 1860 1820; x_wconf 81' lang='lat' dir='ltr'>Synod.</span> <span class='ocrx_word' id='word_1_575' title='bbox 1885 1771 1905 1793; x_wconf 76' lang='lat'>&#39;¹‘</span> <span class='ocrx_word' id='word_1_576' title='bbox 1934 1771 2066 1808; x_wconf 90' lang='lat' dir='ltr'>dicitur</span> <span class='ocrx_word' id='word_1_577' title='bbox 2085 1776 2118 1807; x_wconf 83' lang='lat'>⁷:</span> <span class='ocrx_word' id='word_1_578' title='bbox 2150 1771 2192 1807; x_wconf 89' lang='lat' dir='ltr'>Si</span> <span class='ocrx_word' id='word_1_579' title='bbox 2217 1772 2298 1819; x_wconf 87' lang='lat' dir='ltr'>quis</span> <span class='ocrx_word' id='word_1_580' title='bbox 2326 1772 2517 1821; x_wconf 79' lang='lat' dir='ltr'>voluntate</span> 
     </span>
     <span class='ocr_line' id='line_1_87' title="bbox 1448 1822 2518 1873; baseline 0.003 -13"><span class='ocrx_word' id='word_1_581' title='bbox 1448 1823 1532 1868; x_wconf 85' lang='lat' dir='ltr'>Dei,</span> <span class='ocrx_word' id='word_1_582' title='bbox 1563 1822 1742 1871; x_wconf 82' lang='lat' dir='ltr'>tanquam</span> <span class='ocrx_word' id='word_1_583' title='bbox 1773 1836 1889 1861; x_wconf 89' lang='lat' dir='ltr'>unum</span> <span class='ocrx_word' id='word_1_584' title='bbox 1914 1823 2058 1873; x_wconf 85' lang='lat' dir='ltr'>aliquid</span> <span class='ocrx_word' id='word_1_585' title='bbox 2083 1824 2129 1860; x_wconf 86' lang='lat' dir='ltr'>de</span> <span class='ocrx_word' id='word_1_586' title='bbox 2156 1825 2350 1871; x_wconf 80' lang='lat' dir='ltr'>creaturis,</span> <span class='ocrx_word' id='word_1_587' title='bbox 2377 1824 2518 1870; x_wconf 70' lang='lat' dir='ltr'>Filium</span> 
     </span>
     <span class='ocr_line' id='line_1_88' title="bbox 1436 1877 2049 1924; baseline 0.002 -12"><span class='ocrx_word' id='word_1_588' title='bbox 1436 1877 1590 1924; x_wconf 87' lang='lat' dir='ltr'>sactum</span> <span class='ocrx_word' id='word_1_589' title='bbox 1618 1877 1735 1922; x_wconf 85' lang='lat' dir='ltr'>dicat,</span> <span class='ocrx_word' id='word_1_590' title='bbox 1764 1877 1966 1914; x_wconf 87' lang='lat' dir='ltr'>anathema</span> <span class='ocrx_word' id='word_1_591' title='bbox 1993 1877 2049 1914; x_wconf 89' lang='lat' dir='ltr'>sit.</span> 
     </span>
    </p>

    <p class='ocr_par' dir='ltr' id='par_1_35' title="bbox 1446 1929 2518 2763">
     <span class='ocr_line' id='line_1_89' title="bbox 1502 1929 2518 1980; baseline 0.002 -14"><span class='ocrx_word' id='word_1_592' title='bbox 1502 1929 1551 1966; x_wconf 90' lang='lat' dir='ltr'>Et</span> <span class='ocrx_word' id='word_1_593' title='bbox 1569 1929 1681 1966; x_wconf 86' lang='lat' dir='ltr'>huius</span> <span class='ocrx_word' id='word_1_594' title='bbox 1701 1929 1795 1966; x_wconf 92' lang='lat' dir='ltr'>ratio</span> <span class='ocrx_word' id='word_1_595' title='bbox 1824 1937 1890 1977; x_wconf 90' lang='lat' dir='ltr'>est,</span> <span class='ocrx_word' id='word_1_596' title='bbox 1920 1929 2010 1980; x_wconf 91' lang='lat' dir='ltr'>quia</span> <span class='ocrx_word' id='word_1_597' title='bbox 2036 1929 2214 1967; x_wconf 89' lang='lat' dir='ltr'>voluntas</span> <span class='ocrx_word' id='word_1_598' title='bbox 2241 1937 2278 1966; x_wconf 88' lang='lat' dir='ltr'>et</span> <span class='ocrx_word' id='word_1_599' title='bbox 2301 1938 2435 1968; x_wconf 90' lang='lat' dir='ltr'>natura</span> <span class='ocrx_word' id='word_1_600' title='bbox 2459 1943 2518 1977; x_wconf 83' lang='lat' dir='ltr'>se-</span> 
     </span>
     <span class='ocr_line' id='line_1_90' title="bbox 1449 1981 2514 2031; baseline 0.004 -13"><span class='ocrx_word' id='word_1_601' title='bbox 1449 1981 1619 2018; x_wconf 90' lang='lat' dir='ltr'>cundum</span> <span class='ocrx_word' id='word_1_602' title='bbox 1646 1982 1720 2019; x_wconf 91' lang='lat' dir='ltr'>hoc</span> <span class='ocrx_word' id='word_1_603' title='bbox 1749 1982 1928 2020; x_wconf 86' lang='lat' dir='ltr'>differunt</span> <span class='ocrx_word' id='word_1_604' title='bbox 1955 1982 1993 2019; x_wconf 92' lang='lat' dir='ltr'>in</span> <span class='ocrx_word' id='word_1_605' title='bbox 2022 1982 2232 2030; x_wconf 89' lang='lat' dir='ltr'>causando,</span> <span class='ocrx_word' id='word_1_606' title='bbox 2262 1982 2352 2031; x_wconf 86' lang='lat' dir='ltr'>quia</span> <span class='ocrx_word' id='word_1_607' title='bbox 2380 1990 2514 2031; x_wconf 79' lang='lat' dir='ltr'>natura</span> 
     </span>
     <span class='ocr_line' id='line_1_91' title="bbox 1450 2033 2518 2084; baseline 0.003 -13"><span class='ocrx_word' id='word_1_608' title='bbox 1450 2034 1699 2072; x_wconf 87' lang='lat' dir='ltr'>determinata</span> <span class='ocrx_word' id='word_1_609' title='bbox 1723 2042 1779 2072; x_wconf 90' lang='lat' dir='ltr'>est</span> <span class='ocrx_word' id='word_1_610' title='bbox 1806 2035 1855 2072; x_wconf 93' lang='lat' dir='ltr'>ad</span> <span class='ocrx_word' id='word_1_611' title='bbox 1882 2047 2025 2081; x_wconf 90' lang='lat' dir='ltr'>unum;</span> <span class='ocrx_word' id='word_1_612' title='bbox 2055 2035 2122 2073; x_wconf 91' lang='lat' dir='ltr'>sed</span> <span class='ocrx_word' id='word_1_613' title='bbox 2148 2036 2326 2073; x_wconf 86' lang='lat' dir='ltr'>voluntas</span> <span class='ocrx_word' id='word_1_614' title='bbox 2354 2033 2518 2084; x_wconf 50' lang='lat' dir='ltr'>n0n2se‘s‘t</span> 
     </span>
     <span class='ocr_line' id='line_1_92' title="bbox 1449 2084 2516 2138; baseline 0.003 -14"><span class='ocrx_word' id='word_1_615' title='bbox 1449 2087 1696 2125; x_wconf 89' lang='lat' dir='ltr'>determinata</span> <span class='ocrx_word' id='word_1_616' title='bbox 1725 2087 1774 2125; x_wconf 88' lang='lat' dir='ltr'>ad</span> <span class='ocrx_word' id='word_1_617' title='bbox 1802 2100 1935 2126; x_wconf 89' lang='lat' dir='ltr'>unum.</span> <span class='ocrx_word' id='word_1_618' title='bbox 1967 2088 2085 2126; x_wconf 86' lang='lat' dir='ltr'>Cuius</span> <span class='ocrx_word' id='word_1_619' title='bbox 2111 2089 2203 2126; x_wconf 86' lang='lat' dir='ltr'>ratio</span> <span class='ocrx_word' id='word_1_620' title='bbox 2224 2096 2291 2137; x_wconf 87' lang='lat' dir='ltr'>est,</span> <span class='ocrx_word' id='word_1_621' title='bbox 2318 2089 2407 2138; x_wconf 80' lang='lat' dir='ltr'>quIa</span> <span class='ocrx_word' id='word_1_622' title='bbox 2427 2084 2516 2133; x_wconf 65' lang='lat' dir='ltr'>effe,-</span> 
     </span>
     <span class='ocr_line' id='line_1_93' title="bbox 1449 2138 2514 2192; baseline 0.004 -15"><span class='ocrx_word' id='word_1_623' title='bbox 1449 2148 1530 2178; x_wconf 91' lang='lat' dir='ltr'>ctus</span> <span class='ocrx_word' id='word_1_624' title='bbox 1554 2141 1780 2178; x_wconf 89' lang='lat' dir='ltr'>assimilatur</span> <span class='ocrx_word' id='word_1_625' title='bbox 1799 2138 1813 2162; x_wconf 56' lang='grc' dir='ltr'><em>ὃ</em></span> <span class='ocrx_word' id='word_1_626' title='bbox 1840 2141 1987 2179; x_wconf 88' lang='lat' dir='ltr'>formae</span> <span class='ocrx_word' id='word_1_627' title='bbox 2017 2141 2160 2190; x_wconf 88' lang='lat' dir='ltr'>agentis</span> <span class='ocrx_word' id='word_1_628' title='bbox 2188 2153 2257 2192; x_wconf 87' lang='lat' dir='ltr'>per</span> <span class='ocrx_word' id='word_1_629' title='bbox 2284 2153 2400 2192; x_wconf 87' lang='lat' dir='ltr'>quam</span> <span class='ocrx_word' id='word_1_630' title='bbox 2428 2142 2514 2192; x_wconf 77' lang='lat' dir='ltr'>agit.</span> 
     </span>
     <span class='ocr_line' id='line_1_94' title="bbox 1447 2190 2516 2244; baseline 0.003 -14"><span class='ocrx_word' id='word_1_631' title='bbox 1447 2192 1692 2231; x_wconf 89' lang='lat' dir='ltr'>Manifestum</span> <span class='ocrx_word' id='word_1_632' title='bbox 1714 2201 1768 2231; x_wconf 89' lang='lat' dir='ltr'>est</span> <span class='ocrx_word' id='word_1_633' title='bbox 1788 2202 1915 2231; x_wconf 88' lang='lat' dir='ltr'>autem</span> <span class='ocrx_word' id='word_1_634' title='bbox 1944 2195 2048 2244; x_wconf 89' lang='lat' dir='ltr'>quod</span> <span class='ocrx_word' id='word_1_635' title='bbox 2067 2194 2179 2232; x_wconf 91' lang='lat' dir='ltr'>unius</span> <span class='ocrx_word' id='word_1_636' title='bbox 2199 2194 2252 2232; x_wconf 90' lang='lat' dir='ltr'>rei</span> <span class='ocrx_word' id='word_1_637' title='bbox 2271 2207 2353 2243; x_wconf 77' lang='lat' dir='ltr'>non</span> <span class='ocrx_word' id='word_1_638' title='bbox 2371 2202 2427 2233; x_wconf 88' lang='lat' dir='ltr'>est</span> <span class='ocrx_word' id='word_1_639' title='bbox 2445 2190 2516 2243; x_wconf 72' lang='lat' dir='ltr'>nisi</span> 
     </span>
     <span class='ocr_line' id='line_1_95' title="bbox 1447 2244 2515 2299; baseline 0.003 -16"><span class='ocrx_word' id='word_1_640' title='bbox 1447 2259 1524 2284; x_wconf 90' lang='lat' dir='ltr'>una</span> <span class='ocrx_word' id='word_1_641' title='bbox 1557 2247 1681 2283; x_wconf 87' lang='lat' dir='ltr'>forma</span> <span class='ocrx_word' id='word_1_642' title='bbox 1710 2247 1904 2295; x_wconf 88' lang='lat' dir='ltr'>naturalis,</span> <span class='ocrx_word' id='word_1_643' title='bbox 1933 2260 2003 2296; x_wconf 91' lang='lat' dir='ltr'>per</span> <span class='ocrx_word' id='word_1_644' title='bbox 2030 2259 2146 2296; x_wconf 86' lang='lat' dir='ltr'>quarn</span> <span class='ocrx_word' id='word_1_645' title='bbox 2180 2259 2239 2285; x_wconf 89' lang='lat' dir='ltr'>res</span> <span class='ocrx_word' id='word_1_646' title='bbox 2267 2248 2383 2286; x_wconf 90' lang='lat' dir='ltr'>habet</span> <span class='ocrx_word' id='word_1_647' title='bbox 2410 2244 2515 2299; x_wconf 55' lang='lat' dir='ltr'>esset</span> 
     </span>
     <span class='ocr_line' id='line_1_96' title="bbox 1447 2297 2516 2352; baseline 0.003 -16"><span class='ocrx_word' id='word_1_648' title='bbox 1447 2299 1551 2336; x_wconf 90' lang='lat' dir='ltr'>unde</span> <span class='ocrx_word' id='word_1_649' title='bbox 1580 2300 1689 2348; x_wconf 91' lang='lat' dir='ltr'>quale</span> <span class='ocrx_word' id='word_1_650' title='bbox 1718 2299 1844 2348; x_wconf 89' lang='lat' dir='ltr'>ipsum</span> <span class='ocrx_word' id='word_1_651' title='bbox 1873 2307 1940 2347; x_wconf 90' lang='lat' dir='ltr'>est,</span> <span class='ocrx_word' id='word_1_652' title='bbox 1969 2301 2042 2337; x_wconf 87' lang='lat' dir='ltr'>tale</span> <span class='ocrx_word' id='word_1_653' title='bbox 2071 2299 2169 2338; x_wconf 89' lang='lat' dir='ltr'>facit.</span> <span class='ocrx_word' id='word_1_654' title='bbox 2200 2301 2276 2338; x_wconf 91' lang='lat' dir='ltr'>Sed</span> <span class='ocrx_word' id='word_1_655' title='bbox 2305 2301 2429 2339; x_wconf 87' lang='lat' dir='ltr'>forma</span> <span class='ocrx_word' id='word_1_656' title='bbox 2444 2297 2516 2352; x_wconf 76' lang='lat' dir='ltr'>per</span> 
     </span>
     <span class='ocr_line' id='line_1_97' title="bbox 1448 2352 2513 2401; baseline 0.004 -13"><span class='ocrx_word' id='word_1_657' title='bbox 1448 2364 1565 2401; x_wconf 89' lang='lat' dir='ltr'>quam</span> <span class='ocrx_word' id='word_1_658' title='bbox 1583 2352 1761 2389; x_wconf 86' lang='lat' dir='ltr'>voluntas</span> <span class='ocrx_word' id='word_1_659' title='bbox 1781 2352 1865 2400; x_wconf 86' lang='lat' dir='ltr'>agit,</span> <span class='ocrx_word' id='word_1_660' title='bbox 1887 2365 1966 2390; x_wconf 91' lang='lat' dir='ltr'>non</span> <span class='ocrx_word' id='word_1_661' title='bbox 1986 2360 2041 2390; x_wconf 92' lang='lat' dir='ltr'>est</span> <span class='ocrx_word' id='word_1_662' title='bbox 2057 2364 2136 2390; x_wconf 91' lang='lat' dir='ltr'>una</span> <span class='ocrx_word' id='word_1_663' title='bbox 2153 2361 2312 2401; x_wconf 89' lang='lat' dir='ltr'>tantum,</span> <span class='ocrx_word' id='word_1_664' title='bbox 2338 2354 2407 2391; x_wconf 90' lang='lat' dir='ltr'>sed</span> <span class='ocrx_word' id='word_1_665' title='bbox 2426 2352 2513 2392; x_wconf 80' lang='lat' dir='ltr'>s&#39;unt</span> 
     </span>
     <span class='ocr_line' id='line_1_98' title="bbox 1446 2404 2515 2455; baseline 0.002 -13"><span class='ocrx_word' id='word_1_666' title='bbox 1446 2405 1586 2454; x_wconf 87' lang='lat' dir='ltr'>plures,</span> <span class='ocrx_word' id='word_1_667' title='bbox 1608 2404 1820 2442; x_wconf 85' lang='lat' dir='ltr'>secundum</span> <span class='ocrx_word' id='word_1_668' title='bbox 1841 2405 1946 2455; x_wconf 92' lang='lat' dir='ltr'>quod</span> <span class='ocrx_word' id='word_1_669' title='bbox 1965 2413 2052 2443; x_wconf 91' lang='lat' dir='ltr'>sunt</span> <span class='ocrx_word' id='word_1_670' title='bbox 2069 2406 2198 2455; x_wconf 92' lang='lat' dir='ltr'>plures</span> <span class='ocrx_word' id='word_1_671' title='bbox 2217 2406 2381 2444; x_wconf 88' lang='lat' dir='ltr'>rationes</span> <span class='ocrx_word' id='word_1_672' title='bbox 2409 2406 2515 2444; x_wconf 86' lang='lat' dir='ltr'>intel-</span> 
     </span>
     <span class='ocr_line' id='line_1_99' title="bbox 1447 2457 2514 2507; baseline 0.003 -13"><span class='ocrx_word' id='word_1_673' title='bbox 1447 2459 1587 2495; x_wconf 87' lang='lat' dir='ltr'>lectae:</span> <span class='ocrx_word' id='word_1_674' title='bbox 1616 2457 1718 2495; x_wconf 86' lang='lat' dir='ltr'>unde</span> <span class='ocrx_word' id='word_1_675' title='bbox 1746 2458 1852 2506; x_wconf 92' lang='lat' dir='ltr'>quod</span> <span class='ocrx_word' id='word_1_676' title='bbox 1879 2459 2074 2496; x_wconf 89' lang='lat' dir='ltr'>voluntate</span> <span class='ocrx_word' id='word_1_677' title='bbox 2103 2457 2235 2506; x_wconf 85' lang='lat' dir='ltr'>agitur,</span> <span class='ocrx_word' id='word_1_678' title='bbox 2260 2471 2339 2496; x_wconf 91' lang='lat' dir='ltr'>non</span> <span class='ocrx_word' id='word_1_679' title='bbox 2368 2465 2424 2496; x_wconf 91' lang='lat' dir='ltr'>est</span> <span class='ocrx_word' id='word_1_680' title='bbox 2441 2459 2514 2507; x_wconf 78' lang='lat' dir='ltr'>tale</span> 
     </span>
     <span class='ocr_line' id='line_1_100' title="bbox 1448 2510 2513 2562; baseline 0.002 -14"><span class='ocrx_word' id='word_1_681' title='bbox 1448 2511 1559 2560; x_wconf 88' lang='lat' dir='ltr'>quale</span> <span class='ocrx_word' id='word_1_682' title='bbox 1589 2518 1645 2548; x_wconf 90' lang='lat' dir='ltr'>est</span> <span class='ocrx_word' id='word_1_683' title='bbox 1672 2523 1798 2559; x_wconf 82' lang='lat' dir='ltr'>agenS‚</span> <span class='ocrx_word' id='word_1_684' title='bbox 1829 2511 1897 2548; x_wconf 92' lang='lat' dir='ltr'>sed</span> <span class='ocrx_word' id='word_1_685' title='bbox 1925 2512 2036 2562; x_wconf 83' lang='lat' dir='ltr'>quale</span> <span class='ocrx_word' id='word_1_686' title='bbox 2056 2512 2139 2549; x_wconf 85' lang='lat' dir='ltr'>vult</span> <span class='ocrx_word' id='word_1_687' title='bbox 2167 2520 2204 2549; x_wconf 89' lang='lat' dir='ltr'>et</span> <span class='ocrx_word' id='word_1_688' title='bbox 2230 2512 2395 2560; x_wconf 89' lang='lat' dir='ltr'>intelligit</span> <span class='ocrx_word' id='word_1_689' title='bbox 2422 2510 2513 2557; x_wconf 84' lang='lat' dir='ltr'>illud</span> 
     </span>
     <span class='ocr_line' id='line_1_101' title="bbox 1447 2564 2513 2615; baseline 0.002 -15"><span class='ocrx_word' id='word_1_690' title='bbox 1447 2575 1530 2601; x_wconf 89' lang='lat' dir='ltr'>esse</span> <span class='ocrx_word' id='word_1_691' title='bbox 1565 2575 1679 2612; x_wconf 89' lang='lat' dir='ltr'>agens</span> <span class='ocrx_word' id='word_1_692' title='bbox 1706 2569 1729 2601; x_wconf 59' lang='grc' dir='ltr'>ἒ.</span> <span class='ocrx_word' id='word_1_693' title='bbox 1761 2564 1908 2602; x_wconf 88' lang='lat' dir='ltr'>Eorum</span> <span class='ocrx_word' id='word_1_694' title='bbox 1938 2564 2046 2612; x_wconf 88' lang='lat' dir='ltr'>igitur</span> <span class='ocrx_word' id='word_1_695' title='bbox 2076 2565 2254 2602; x_wconf 84' lang='lat' dir='ltr'>voluntas</span> <span class='ocrx_word' id='word_1_696' title='bbox 2281 2564 2513 2615; x_wconf 75' lang='lat' dir='ltr'>principium</span> 
     </span>
     <span class='ocr_line' id='line_1_102' title="bbox 1449 2617 2514 2668; baseline 0.003 -15"><span class='ocrx_word' id='word_1_697' title='bbox 1449 2624 1515 2664; x_wconf 88' lang='lat' dir='ltr'>est,</span> <span class='ocrx_word' id='word_1_698' title='bbox 1532 2629 1630 2666; x_wconf 89' lang='lat' dir='ltr'>quae</span> <span class='ocrx_word' id='word_1_699' title='bbox 1649 2624 1811 2667; x_wconf 89' lang='lat' dir='ltr'>possunt</span> <span class='ocrx_word' id='word_1_700' title='bbox 1830 2617 1883 2654; x_wconf 92' lang='lat' dir='ltr'>sic</span> <span class='ocrx_word' id='word_1_701' title='bbox 1896 2619 1959 2654; x_wconf 88' lang='lat' dir='ltr'>vel</span> <span class='ocrx_word' id='word_1_702' title='bbox 1978 2617 2084 2655; x_wconf 85' lang='lat' dir='ltr'>aliter</span> <span class='ocrx_word' id='word_1_703' title='bbox 2103 2629 2198 2655; x_wconf 88' lang='lat' dir='ltr'>esse.</span> <span class='ocrx_word' id='word_1_704' title='bbox 2219 2618 2368 2655; x_wconf 86' lang='lat' dir='ltr'>Eorum</span> <span class='ocrx_word' id='word_1_705' title='bbox 2386 2625 2514 2668; x_wconf 69' lang='lat' dir='ltr'>autem</span> 
     </span>
     <span class='ocr_line' id='line_1_103' title="bbox 1447 2668 2514 2721; baseline 0.005 -15"><span class='ocrx_word' id='word_1_706' title='bbox 1447 2681 1546 2718; x_wconf 89' lang='lat' dir='ltr'>quae</span> <span class='ocrx_word' id='word_1_707' title='bbox 1575 2681 1654 2706; x_wconf 92' lang='lat' dir='ltr'>non</span> <span class='ocrx_word' id='word_1_708' title='bbox 1681 2677 1842 2719; x_wconf 89' lang='lat' dir='ltr'>possunt</span> <span class='ocrx_word' id='word_1_709' title='bbox 1874 2669 1944 2707; x_wconf 88' lang='lat' dir='ltr'>nisi</span> <span class='ocrx_word' id='word_1_710' title='bbox 1979 2670 2030 2708; x_wconf 89' lang='lat' dir='ltr'>sic</span> <span class='ocrx_word' id='word_1_711' title='bbox 2059 2682 2162 2718; x_wconf 89' lang='lat' dir='ltr'>esse,</span> <span class='ocrx_word' id='word_1_712' title='bbox 2191 2670 2420 2721; x_wconf 87' lang='lat' dir='ltr'>principium</span> <span class='ocrx_word' id='word_1_713' title='bbox 2446 2668 2514 2719; x_wconf 58' lang='lat' dir='ltr'>ita-&#39;-</span> 
     </span>
     <span class='ocr_line' id='line_1_104' title="bbox 1446 2730 2459 2763; baseline 0.001 -3"><span class='ocrx_word' id='word_1_714' title='bbox 1446 2730 1530 2760; x_wconf 92' lang='lat' dir='ltr'>tura</span> <span class='ocrx_word' id='word_1_715' title='bbox 1559 2730 1624 2759; x_wconf 92' lang='lat' dir='ltr'>est.</span> <span class='ocrx_word' id='word_1_716' title='bbox 2446 2735 2459 2763; x_wconf 75' lang='grc'>,·</span> 
     </span>
    </p>

    <p class='ocr_par' dir='ltr' id='par_1_36' title="bbox 1442 2773 2514 3406">
     <span class='ocr_line' id='line_1_105' title="bbox 1466 2773 2514 2826; baseline 0.002 -14"><span class='ocrx_word' id='word_1_717' title='bbox 1466 2773 1469 2776; x_wconf 67' lang='grc'><em>’</em></span> <span class='ocrx_word' id='word_1_718' title='bbox 1501 2775 1618 2823; x_wconf 88' lang='lat' dir='ltr'>Quod</span> <span class='ocrx_word' id='word_1_719' title='bbox 1638 2782 1767 2812; x_wconf 88' lang='lat' dir='ltr'>autem</span> <span class='ocrx_word' id='word_1_720' title='bbox 1786 2782 1911 2825; x_wconf 88' lang='lat' dir='ltr'>potest</span> <span class='ocrx_word' id='word_1_721' title='bbox 1930 2775 1983 2813; x_wconf 92' lang='lat' dir='ltr'>sic</span> <span class='ocrx_word' id='word_1_722' title='bbox 2002 2777 2063 2813; x_wconf 89' lang='lat' dir='ltr'>vel</span> <span class='ocrx_word' id='word_1_723' title='bbox 2083 2775 2189 2814; x_wconf 89' lang='lat' dir='ltr'>aliter</span> <span class='ocrx_word' id='word_1_724' title='bbox 2208 2789 2304 2825; x_wconf 89' lang='lat' dir='ltr'>esse,</span> <span class='ocrx_word' id='word_1_725' title='bbox 2326 2777 2438 2826; x_wconf 84' lang='lat' dir='ltr'>longe</span> <span class='ocrx_word' id='word_1_726' title='bbox 2457 2784 2514 2814; x_wconf 90' lang='lat' dir='ltr'>est</span> 
     </span>
     <span class='ocr_line' id='line_1_106' title="bbox 1446 2828 2512 2879; baseline 0.002 -14"><span class='ocrx_word' id='word_1_727' title='bbox 1446 2840 1468 2866; x_wconf 88' lang='lat' dir='ltr'>a</span> <span class='ocrx_word' id='word_1_728' title='bbox 1496 2835 1629 2866; x_wconf 86' lang='lat' dir='ltr'>natura</span> <span class='ocrx_word' id='word_1_729' title='bbox 1658 2828 1808 2876; x_wconf 87' lang='lat' dir='ltr'>divina,</span> <span class='ocrx_word' id='word_1_730' title='bbox 1839 2829 1906 2866; x_wconf 90' lang='lat' dir='ltr'>sed</span> <span class='ocrx_word' id='word_1_731' title='bbox 1943 2829 2018 2866; x_wconf 91' lang='lat' dir='ltr'>hoc</span> <span class='ocrx_word' id='word_1_732' title='bbox 2053 2829 2216 2879; x_wconf 89' lang='lat' dir='ltr'>pertinet</span> <span class='ocrx_word' id='word_1_733' title='bbox 2243 2830 2292 2867; x_wconf 91' lang='lat' dir='ltr'>ad</span> <span class='ocrx_word' id='word_1_734' title='bbox 2325 2828 2512 2878; x_wconf 80' lang='lat' dir='ltr'>rationem</span> 
     </span>
     <span class='ocr_line' id='line_1_107' title="bbox 1447 2881 2509 2932; baseline 0.002 -14"><span class='ocrx_word' id='word_1_735' title='bbox 1447 2889 1661 2919; x_wconf 88' lang='lat' dir='ltr'>creaturae:</span> <span class='ocrx_word' id='word_1_736' title='bbox 1700 2881 1789 2930; x_wconf 88' lang='lat' dir='ltr'>quia</span> <span class='ocrx_word' id='word_1_737' title='bbox 1826 2883 1932 2919; x_wconf 90' lang='lat' dir='ltr'>Deus</span> <span class='ocrx_word' id='word_1_738' title='bbox 1961 2889 2016 2919; x_wconf 91' lang='lat' dir='ltr'>est</span> <span class='ocrx_word' id='word_1_739' title='bbox 2042 2894 2112 2932; x_wconf 90' lang='lat' dir='ltr'>per</span> <span class='ocrx_word' id='word_1_740' title='bbox 2145 2893 2185 2920; x_wconf 90' lang='lat' dir='ltr'>se</span> <span class='ocrx_word' id='word_1_741' title='bbox 2219 2893 2375 2919; x_wconf 89' lang='lat' dir='ltr'>necesse</span> <span class='ocrx_word' id='word_1_742' title='bbox 2404 2881 2509 2932; x_wconf 79' lang='lat' dir='ltr'>esse,</span> 
     </span>
     <span class='ocr_line' id='line_1_108' title="bbox 1446 2932 2510 2985; baseline 0.001 -14"><span class='ocrx_word' id='word_1_743' title='bbox 1446 2942 1617 2983; x_wconf 76' lang='lat' dir='ltr'>creatura</span> <span class='ocrx_word' id='word_1_744' title='bbox 1637 2941 1765 2971; x_wconf 87' lang='lat' dir='ltr'>autern</span> <span class='ocrx_word' id='word_1_745' title='bbox 1786 2941 1841 2971; x_wconf 89' lang='lat' dir='ltr'>est</span> <span class='ocrx_word' id='word_1_746' title='bbox 1860 2935 1956 2972; x_wconf 88' lang='lat' dir='ltr'>facta</span> <span class='ocrx_word' id='word_1_747' title='bbox 1976 2946 2022 2972; x_wconf 86' lang='lat' dir='ltr'>ex</span> <span class='ocrx_word' id='word_1_748' title='bbox 2039 2935 2168 2972; x_wconf 89' lang='lat' dir='ltr'>nihilo.</span> <span class='ocrx_word' id='word_1_749' title='bbox 2198 2936 2248 2972; x_wconf 90' lang='lat' dir='ltr'>Et</span> <span class='ocrx_word' id='word_1_750' title='bbox 2266 2934 2352 2972; x_wconf 90' lang='lat' dir='ltr'>ideo</span> <span class='ocrx_word' id='word_1_751' title='bbox 2367 2932 2510 2985; x_wconf 85' lang='lat' dir='ltr'>Ariani,</span> 
     </span>
     <span class='ocr_line' id='line_1_109' title="bbox 1444 2987 2510 3038; baseline 0.002 -14"><span class='ocrx_word' id='word_1_752' title='bbox 1444 2988 1616 3024; x_wconf 81' lang='lat' dir='ltr'>volentes</span> <span class='ocrx_word' id='word_1_753' title='bbox 1654 2987 1702 3024; x_wconf 91' lang='lat' dir='ltr'>ad</span> <span class='ocrx_word' id='word_1_754' title='bbox 1731 2987 1806 3024; x_wconf 91' lang='lat' dir='ltr'>hoc</span> <span class='ocrx_word' id='word_1_755' title='bbox 1834 2987 2024 3025; x_wconf 90' lang='lat' dir='ltr'>deducere</span> <span class='ocrx_word' id='word_1_756' title='bbox 2057 2987 2163 3038; x_wconf 90' lang='lat' dir='ltr'>quod</span> <span class='ocrx_word' id='word_1_757' title='bbox 2190 2987 2306 3025; x_wconf 89' lang='lat' dir='ltr'>Filius</span> <span class='ocrx_word' id='word_1_758' title='bbox 2334 2987 2380 3025; x_wconf 85' lang='lat' dir='ltr'>sit</span> <span class='ocrx_word' id='word_1_759' title='bbox 2408 2996 2510 3026; x_wconf 74' lang='lat' dir='ltr'>crea-</span> 
     </span>
     <span class='ocr_line' id='line_1_110' title="bbox 1444 3040 2512 3089; baseline 0.002 -12"><span class='ocrx_word' id='word_1_760' title='bbox 1444 3048 1545 3088; x_wconf 87' lang='lat' dir='ltr'>tura,</span> <span class='ocrx_word' id='word_1_761' title='bbox 1576 3040 1749 3078; x_wconf 86' lang='lat' dir='ltr'>dixerunt</span> <span class='ocrx_word' id='word_1_762' title='bbox 1777 3041 1882 3089; x_wconf 89' lang='lat' dir='ltr'>quod</span> <span class='ocrx_word' id='word_1_763' title='bbox 1910 3042 2022 3078; x_wconf 90' lang='lat' dir='ltr'>Pater</span> <span class='ocrx_word' id='word_1_764' title='bbox 2053 3040 2182 3089; x_wconf 87' lang='lat' dir='ltr'>genuit</span> <span class='ocrx_word' id='word_1_765' title='bbox 2210 3041 2347 3078; x_wconf 88' lang='lat' dir='ltr'>Filium</span> <span class='ocrx_word' id='word_1_766' title='bbox 2373 3041 2512 3080; x_wconf 86' lang='lat' dir='ltr'>volun-</span> 
     </span>
     <span class='ocr_line' id='line_1_111' title="bbox 1443 3093 2510 3144; baseline 0.001 -14"><span class='ocrx_word' id='word_1_767' title='bbox 1443 3100 1538 3140; x_wconf 88' lang='lat' dir='ltr'>tate,</span> <span class='ocrx_word' id='word_1_768' title='bbox 1573 3093 1784 3130; x_wconf 88' lang='lat' dir='ltr'>secundum</span> <span class='ocrx_word' id='word_1_769' title='bbox 1817 3093 1923 3142; x_wconf 93' lang='lat' dir='ltr'>quod</span> <span class='ocrx_word' id='word_1_770' title='bbox 1954 3094 2132 3131; x_wconf 87' lang='lat' dir='ltr'>voluntas</span> <span class='ocrx_word' id='word_1_771' title='bbox 2171 3093 2341 3143; x_wconf 85' lang='lat' dir='ltr'>designat</span> <span class='ocrx_word' id='word_1_772' title='bbox 2375 3093 2510 3144; x_wconf 88' lang='lat' dir='ltr'>princi-</span> 
     </span>
     <span class='ocr_line' id='line_1_112' title="bbox 1442 3145 2511 3196; baseline 0.001 -13"><span class='ocrx_word' id='word_1_773' title='bbox 1442 3145 1562 3195; x_wconf 89' lang='lat' dir='ltr'>pium.</span> <span class='ocrx_word' id='word_1_774' title='bbox 1601 3146 1723 3183; x_wconf 90' lang='lat' dir='ltr'>Nobis</span> <span class='ocrx_word' id='word_1_775' title='bbox 1761 3154 1889 3183; x_wconf 86' lang='lat' dir='ltr'>autem</span> <span class='ocrx_word' id='word_1_776' title='bbox 1925 3145 2130 3184; x_wconf 85' lang='lat' dir='ltr'>dicendum</span> <span class='ocrx_word' id='word_1_777' title='bbox 2168 3154 2223 3184; x_wconf 88' lang='lat' dir='ltr'>est</span> <span class='ocrx_word' id='word_1_778' title='bbox 2260 3147 2364 3196; x_wconf 90' lang='lat' dir='ltr'>quod</span> <span class='ocrx_word' id='word_1_779' title='bbox 2397 3145 2511 3184; x_wconf 69' lang='lat' dir='ltr'>Pater</span> 
     </span>
     <span class='ocr_line' id='line_1_113' title="bbox 1443 3198 2508 3247; baseline 0.002 -12"><span class='ocrx_word' id='word_1_780' title='bbox 1443 3198 1571 3247; x_wconf 89' lang='lat' dir='ltr'>genuit</span> <span class='ocrx_word' id='word_1_781' title='bbox 1605 3198 1742 3236; x_wconf 84' lang='lat' dir='ltr'>Filium</span> <span class='ocrx_word' id='word_1_782' title='bbox 1770 3211 1848 3236; x_wconf 91' lang='lat' dir='ltr'>non</span> <span class='ocrx_word' id='word_1_783' title='bbox 1875 3199 2092 3247; x_wconf 84' lang='lat' dir='ltr'>voluntate,</span> <span class='ocrx_word' id='word_1_784' title='bbox 2123 3199 2189 3237; x_wconf 91' lang='lat' dir='ltr'>sed</span> <span class='ocrx_word' id='word_1_785' title='bbox 2218 3206 2362 3237; x_wconf 88' lang='lat' dir='ltr'>natura.</span> <span class='ocrx_word' id='word_1_786' title='bbox 2397 3198 2508 3238; x_wconf 84' lang='lat' dir='ltr'>Unde</span> 
     </span>
     <span class='ocr_line' id='line_1_114' title="bbox 1445 3251 2508 3302; baseline 0.002 -14"><span class='ocrx_word' id='word_1_787' title='bbox 1445 3251 1609 3288; x_wconf 90' lang='lat' dir='ltr'>Hilarius</span> <span class='ocrx_word' id='word_1_788' title='bbox 1629 3251 1727 3298; x_wconf 87' lang='lat' dir='ltr'>dicit,</span> <span class='ocrx_word' id='word_1_789' title='bbox 1749 3252 1787 3289; x_wconf 88' lang='lat' dir='ltr'>in</span> <span class='ocrx_word' id='word_1_790' title='bbox 1807 3252 1903 3289; x_wconf 89' lang='lat' dir='ltr'>libro</span> <span class='ocrx_word' id='word_1_791' title='bbox 1922 3252 1968 3289; x_wconf 83' lang='lat' dir='ltr'>de</span> <span class='ocrx_word' id='word_1_792' title='bbox 1986 3252 2127 3302; x_wconf 82' lang='lat' dir='ltr'>Synod.</span> <span class='ocrx_word' id='word_1_793' title='bbox 2143 3252 2178 3289; x_wconf 75' lang='grc' dir='ltr'>*ε</span> <span class='ocrx_word' id='word_1_794' title='bbox 2205 3252 2384 3290; x_wconf 82' lang='lat' dir='ltr'>Omnibus</span> <span class='ocrx_word' id='word_1_795' title='bbox 2403 3262 2508 3302; x_wconf 81' lang='lat' dir='ltr'>crea-</span> 
     </span>
     <span class='ocr_line' id='line_1_115' title="bbox 1444 3305 2507 3351; baseline 0.002 -10"><span class='ocrx_word' id='word_1_796' title='bbox 1444 3305 1536 3345; x_wconf 80' lang='lat' dir='ltr'>turis</span> <span class='ocrx_word' id='word_1_797' title='bbox 1550 3305 1793 3342; x_wconf 87' lang='lat' dir='ltr'>substantiam</span> <span class='ocrx_word' id='word_1_798' title='bbox 1809 3305 1884 3343; x_wconf 86' lang='lat' dir='ltr'>Dei</span> <span class='ocrx_word' id='word_1_799' title='bbox 1899 3305 2072 3342; x_wconf 81' lang='lat' dir='ltr'>voluntas</span> <span class='ocrx_word' id='word_1_800' title='bbox 2089 3305 2229 3351; x_wconf 83' lang='lat' dir='ltr'>attulit;</span> <span class='ocrx_word' id='word_1_801' title='bbox 2247 3305 2314 3342; x_wconf 86' lang='lat' dir='ltr'>sed</span> <span class='ocrx_word' id='word_1_802' title='bbox 2330 3310 2507 3343; x_wconf 79' lang='lat' dir='ltr'>naturam</span> 
     </span>
     <span class='ocr_line' id='line_1_116' title="bbox 1444 3354 2506 3406; baseline 0.001 -12"><span class='ocrx_word' id='word_1_803' title='bbox 1444 3357 1540 3394; x_wconf 89' lang='lat' dir='ltr'>Filio</span> <span class='ocrx_word' id='word_1_804' title='bbox 1570 3358 1668 3394; x_wconf 85' lang='lat' dir='ltr'>dedit</span> <span class='ocrx_word' id='word_1_805' title='bbox 1685 3356 1699 3384; x_wconf 66' lang='lat' dir='ltr'>t</span> <span class='ocrx_word' id='word_1_806' title='bbox 1723 3369 1772 3394; x_wconf 89' lang='lat' dir='ltr'>ex</span> <span class='ocrx_word' id='word_1_807' title='bbox 1791 3357 2010 3406; x_wconf 85' lang='lat' dir='ltr'>impassibili</span> <span class='ocrx_word' id='word_1_808' title='bbox 2034 3369 2080 3394; x_wconf 89' lang='lat' dir='ltr'>ac</span> <span class='ocrx_word' id='word_1_809' title='bbox 2099 3370 2173 3395; x_wconf 89' lang='lat' dir='ltr'>non</span> <span class='ocrx_word' id='word_1_810' title='bbox 2194 3363 2283 3395; x_wconf 89' lang='lat' dir='ltr'>nata</span> <span class='ocrx_word' id='word_1_811' title='bbox 2302 3354 2506 3396; x_wconf 82' lang='lat' dir='ltr'>substantia</span> 
     </span>
    </p>
   </div>
   <div class='ocr_carea' id='block_1_23' title="bbox 1443 3471 2507 3644">
    <p class='ocr_par' dir='ltr' id='par_1_37' title="bbox 1443 3471 2507 3575">
     <span class='ocr_line' id='line_1_117' title="bbox 1497 3471 2507 3505; baseline 0.001 -9"><span class='ocrx_word' id='word_1_812' title='bbox 1497 3471 1520 3502; x_wconf 85' lang='grc' dir='ltr'>ε)</span> <span class='ocrx_word' id='word_1_813' title='bbox 1540 3472 1596 3496; x_wconf 81' lang='lat' dir='ltr'>vult</span> <span class='ocrx_word' id='word_1_814' title='bbox 1615 3474 1641 3496; x_wconf 82' lang='lat' dir='ltr'>et</span> <span class='ocrx_word' id='word_1_815' title='bbox 1659 3471 1743 3496; x_wconf 82' lang='lat' dir='ltr'>intelli</span> <span class='ocrx_word' id='word_1_816' title='bbox 1764 3472 1784 3496; x_wconf 86' lang='lat' dir='ltr'>it</span> <span class='ocrx_word' id='word_1_817' title='bbox 1805 3471 1873 3496; x_wconf 80' lang='lat' dir='ltr'>illud</span> <span class='ocrx_word' id='word_1_818' title='bbox 1891 3478 1946 3496; x_wconf 84' lang='lat' dir='ltr'>esse</span> <span class='ocrx_word' id='word_1_819' title='bbox 1959 3478 2052 3504; x_wconf 78' lang='lat' dir='ltr'>agens.</span> <span class='ocrx_word' id='word_1_820' title='bbox 2069 3485 2089 3490; x_wconf 99' lang='lat'>-</span> <span class='ocrx_word' id='word_1_821' title='bbox 2107 3472 2164 3496; x_wconf 78' lang='lat' dir='ltr'>vult</span> <span class='ocrx_word' id='word_1_822' title='bbox 2182 3474 2209 3496; x_wconf 85' lang='lat' dir='ltr'>et</span> <span class='ocrx_word' id='word_1_823' title='bbox 2227 3471 2294 3496; x_wconf 81' lang='lat' dir='ltr'>illud</span> <span class='ocrx_word' id='word_1_824' title='bbox 2312 3471 2439 3505; x_wconf 68' lang='lat' dir='ltr'>intelligit</span> <span class='ocrx_word' id='word_1_825' title='bbox 2449 3478 2507 3497; x_wconf 73' lang='lat' dir='ltr'>esse</span> 
     </span>
     <span class='ocr_line' id='line_1_118' title="bbox 1443 3506 2506 3540; baseline 0.002 -10"><span class='ocrx_word' id='word_1_826' title='bbox 1443 3513 1525 3539; x_wconf 82' lang='lat' dir='ltr'>agens</span> <span class='ocrx_word' id='word_1_827' title='bbox 1545 3507 1587 3535; x_wconf 78' lang='lat' dir='ltr'>Pb,</span> <span class='ocrx_word' id='word_1_828' title='bbox 1609 3507 1664 3531; x_wconf 79' lang='lat' dir='ltr'>vult</span> <span class='ocrx_word' id='word_1_829' title='bbox 1683 3507 1729 3531; x_wconf 79' lang='lat' dir='ltr'>illu</span> <span class='ocrx_word' id='word_1_830' title='bbox 1767 3509 1793 3531; x_wconf 82' lang='lat' dir='ltr'>et</span> <span class='ocrx_word' id='word_1_831' title='bbox 1811 3506 1937 3539; x_wconf 78' lang='lat' dir='ltr'>intelligit</span> <span class='ocrx_word' id='word_1_832' title='bbox 1959 3513 2014 3531; x_wconf 76' lang='lat' dir='ltr'>esse</span> <span class='ocrx_word' id='word_1_833' title='bbox 2032 3512 2114 3539; x_wconf 77' lang='lat' dir='ltr'>agens</span> <span class='ocrx_word' id='word_1_834' title='bbox 2133 3506 2209 3534; x_wconf 77' lang='lat' dir='ltr'>ma.</span> <span class='ocrx_word' id='word_1_835' title='bbox 2223 3507 2280 3532; x_wconf 78' lang='lat' dir='ltr'>vult</span> <span class='ocrx_word' id='word_1_836' title='bbox 2298 3507 2365 3532; x_wconf 73' lang='lat' dir='ltr'>illud</span> <span class='ocrx_word' id='word_1_837' title='bbox 2381 3506 2453 3540; x_wconf 75' lang='lat' dir='ltr'>quod</span> <span class='ocrx_word' id='word_1_838' title='bbox 2466 3506 2506 3531; x_wconf 80' lang='lat' dir='ltr'>in-</span> 
     </span>
     <span class='ocr_line' id='line_1_119' title="bbox 1444 3541 2367 3575; baseline 0.002 -10"><span class='ocrx_word' id='word_1_839' title='bbox 1444 3541 1539 3573; x_wconf 80' lang='lat' dir='ltr'>telligit</span> <span class='ocrx_word' id='word_1_840' title='bbox 1558 3548 1613 3566; x_wconf 84' lang='lat' dir='ltr'>esse</span> <span class='ocrx_word' id='word_1_841' title='bbox 1631 3548 1713 3574; x_wconf 74' lang='lat' dir='ltr'>agens</span> <span class='ocrx_word' id='word_1_842' title='bbox 1733 3542 1761 3570; x_wconf 85' lang='lat' dir='ltr'>B.</span> <span class='ocrx_word' id='word_1_843' title='bbox 1781 3547 1863 3574; x_wconf 77' lang='lat' dir='ltr'>agens</span> <span class='ocrx_word' id='word_1_844' title='bbox 1881 3541 1938 3566; x_wconf 76' lang='lat' dir='ltr'>vult</span> <span class='ocrx_word' id='word_1_845' title='bbox 1956 3541 2023 3566; x_wconf 82' lang='lat' dir='ltr'>illud</span> <span class='ocrx_word' id='word_1_846' title='bbox 2039 3545 2067 3567; x_wconf 77' lang='lat' dir='ltr'>er</span> <span class='ocrx_word' id='word_1_847' title='bbox 2085 3542 2245 3575; x_wconf 71' lang='lat' dir='ltr'>intelligitur</span> <span class='ocrx_word' id='word_1_848' title='bbox 2262 3549 2318 3567; x_wconf 78' lang='lat' dir='ltr'>esse</span> <span class='ocrx_word' id='word_1_849' title='bbox 2335 3542 2367 3567; x_wconf 88' lang='lat' dir='ltr'>D.</span> 
     </span>
    </p>

    <p class='ocr_par' dir='ltr' id='par_1_38' title="bbox 1444 3575 2504 3644">
     <span class='ocr_line' id='line_1_120' title="bbox 1497 3575 2504 3608; baseline 0.002 -8"><span class='ocrx_word' id='word_1_850' title='bbox 1497 3575 1521 3608; x_wconf 84' lang='grc' dir='ltr'>ζ)</span> <span class='ocrx_word' id='word_1_851' title='bbox 1542 3577 1611 3601; x_wconf 83' lang='lat' dir='ltr'>Filio</span> <span class='ocrx_word' id='word_1_852' title='bbox 1630 3576 1712 3601; x_wconf 81' lang='lat' dir='ltr'>dedit.</span> <span class='ocrx_word' id='word_1_853' title='bbox 1730 3590 1749 3595; x_wconf 92' lang='lat'>—</span> <span class='ocrx_word' id='word_1_854' title='bbox 1767 3576 1841 3601; x_wconf 80' lang='lat' dir='ltr'>dedit</span> <span class='ocrx_word' id='word_1_855' title='bbox 1860 3577 1929 3601; x_wconf 79' lang='lat' dir='ltr'>Filio</span> <span class='ocrx_word' id='word_1_856' title='bbox 1948 3577 2011 3602; x_wconf 80' lang='lat' dir='ltr'>Pab.</span> <span class='ocrx_word' id='word_1_857' title='bbox 2030 3590 2049 3596; x_wconf 91' lang='lat'><em>—</em></span> <span class='ocrx_word' id='word_1_858' title='bbox 2067 3577 2118 3602; x_wconf 86' lang='lat' dir='ltr'>Pro</span> <span class='ocrx_word' id='word_1_859' title='bbox 2137 3581 2216 3607; x_wconf 80' lang='lat' dir='ltr'>nata,</span> <span class='ocrx_word' id='word_1_860' title='bbox 2235 3580 2312 3602; x_wconf 78' lang='lat' dir='ltr'>notat</span> <span class='ocrx_word' id='word_1_861' title='bbox 2329 3576 2367 3608; x_wconf 87' lang='lat' dir='ltr'>D,</span> <span class='ocrx_word' id='word_1_862' title='bbox 2385 3577 2451 3602; x_wconf 76' lang='lat' dir='ltr'>data</span> <span class='ocrx_word' id='word_1_863' title='bbox 2469 3576 2504 3607; x_wconf 86' lang='lat' dir='ltr'>P;</span> 
     </span>
     <span class='ocr_line' id='line_1_121' title="bbox 1444 3611 2075 3644; baseline 0.005 -9"><span class='ocrx_word' id='word_1_864' title='bbox 1444 3619 1490 3643; x_wconf 86' lang='lat' dir='ltr'>pro</span> <span class='ocrx_word' id='word_1_865' title='bbox 1509 3611 1645 3640; x_wconf 74' lang='lat' dir='ltr'>nativitas,</span> <span class='ocrx_word' id='word_1_866' title='bbox 1666 3611 1814 3636; x_wconf 57' lang='lat' dir='ltr'>nativitatis</span> <span class='ocrx_word' id='word_1_867' title='bbox 1834 3611 1963 3644; x_wconf 85' lang='lat' dir='ltr'>ADEFpC</span> <span class='ocrx_word' id='word_1_868' title='bbox 1981 3617 2007 3637; x_wconf 81' lang='lat' dir='ltr'>et</span> <span class='ocrx_word' id='word_1_869' title='bbox 2025 3613 2075 3638; x_wconf 78' lang='lat' dir='ltr'>ab.</span> 
     </span>
    </p>
   </div>
   <div class='ocr_carea' id='block_1_24' title="bbox 2545 1118 2757 1200">
    <p class='ocr_par' dir='ltr' id='par_1_39' title="bbox 2545 1118 2757 1200">
     <span class='ocr_line' id='line_1_122' title="bbox 2545 1118 2757 1147; baseline 0 -6"><span class='ocrx_word' id='word_1_870' title='bbox 2545 1119 2556 1131; x_wconf 71' lang='lat'>⁸*</span> <span class='ocrx_word' id='word_1_871' title='bbox 2577 1118 2615 1141; x_wconf 72' lang='lat' dir='ltr'>Cf.</span> <span class='ocrx_word' id='word_1_872' title='bbox 2652 1125 2676 1141; x_wconf 88' lang='grc' dir='ltr'>ιι.</span> <span class='ocrx_word' id='word_1_873' title='bbox 2694 1125 2757 1147; x_wconf 82' lang='lat' dir='ltr'>xxv,</span> 
     </span>
     <span class='ocr_line' id='line_1_123' title="bbox 2545 1149 2757 1173; baseline 0.005 -6"><span class='ocrx_word' id='word_1_874' title='bbox 2545 1149 2587 1168; x_wconf 75' lang='grc' dir='ltr'><em>ιιι-ι.</em></span> <span class='ocrx_word' id='word_1_875' title='bbox 2595 1151 2612 1173; x_wconf 82' lang='grc' dir='ltr'>ι,</span> <span class='ocrx_word' id='word_1_876' title='bbox 2660 1149 2757 1168; x_wconf 79' lang='lat' dir='ltr'>tument.</span> 
     </span>
     <span class='ocr_line' id='line_1_124' title="bbox 2545 1177 2718 1200; baseline 0 -6"><span class='ocrx_word' id='word_1_877' title='bbox 2545 1177 2608 1195; x_wconf 84' lang='lat' dir='ltr'>num.</span> <span class='ocrx_word' id='word_1_878' title='bbox 2624 1178 2651 1194; x_wconf 86' lang='grc' dir='ltr'>ιιι</span> <span class='ocrx_word' id='word_1_879' title='bbox 2665 1177 2718 1200; x_wconf 70' lang='lat' dir='ltr'>sqq.</span> 
     </span>
    </p>
   </div>
   <div class='ocr_carea' id='block_1_25' title="bbox 2543 1779 2756 1829">
    <p class='ocr_par' dir='ltr' id='par_1_40' title="bbox 2543 1779 2756 1829">
     <span class='ocr_line' id='line_1_125' title="bbox 2544 1779 2756 1811; baseline 0 -9"><span class='ocrx_word' id='word_1_880' title='bbox 2544 1780 2554 1791; x_wconf 82' lang='lat'>&#39;¹</span> <span class='ocrx_word' id='word_1_881' title='bbox 2569 1779 2627 1811; x_wconf 67' lang='grc' dir='ltr'><em>βιιι.</em></span> <span class='ocrx_word' id='word_1_882' title='bbox 2636 1786 2692 1802; x_wconf 79' lang='lat' dir='ltr'>xxxv</span> <span class='ocrx_word' id='word_1_883' title='bbox 2705 1779 2756 1802; x_wconf 88' lang='lat' dir='ltr'>Sir-</span> 
     </span>
     <span class='ocr_line' id='line_1_126' title="bbox 2543 1811 2625 1829; baseline 0 -1"><span class='ocrx_word' id='word_1_884' title='bbox 2543 1811 2625 1829; x_wconf 73' lang='lat' dir='ltr'>mim.</span> 
     </span>
    </p>
   </div>
   <div class='ocr_carea' id='block_1_26' title="bbox 2637 1842 2655 1869">
    <p class='ocr_par' dir='ltr' id='par_1_41' title="bbox 2637 1842 2655 1869">
     <span class='ocr_line' id='line_1_127' title="bbox 2637 1842 2655 1869; baseline 0 0"><span class='ocrx_word' id='word_1_885' title='bbox 2637 1842 2655 1869; x_wconf 82' lang='grc' dir='ltr'><strong>Υ</strong></span> 
     </span>
    </p>
   </div>
   <div class='ocr_carea' id='block_1_27' title="bbox 2534 3254 2768 3286">
    <p class='ocr_par' dir='ltr' id='par_1_42' title="bbox 2534 3254 2768 3286">
     <span class='ocr_line' id='line_1_128' title="bbox 2534 3254 2768 3286; baseline 0.009 -7"><span class='ocrx_word' id='word_1_886' title='bbox 2534 3254 2768 3286; x_wconf 62' lang='lat' dir='ltr'>&#39;Super-manv?</span> 
     </span>
    </p>
   </div>
   <div class='ocr_carea' id='block_1_28' title="bbox 2500 3282 2657 3307">
    <p class='ocr_par' dir='ltr' id='par_1_43' title="bbox 2500 3282 2657 3307">
     <span class='ocr_line' id='line_1_129' title="bbox 2500 3282 2657 3307; baseline 0.006 -1"><span class='ocrx_word' id='word_1_887' title='bbox 2500 3304 2501 3307; x_wconf 75' lang='grc'>,</span> <span class='ocrx_word' id='word_1_888' title='bbox 2535 3282 2657 3307; x_wconf 74' lang='lat' dir='ltr'>Sti-niem.</span> 
     </span>
    </p>
   </div>
   <div class='ocr_carea' id='block_1_29' title="bbox 2631 3358 2646 3388">
    <p class='ocr_par' dir='ltr' id='par_1_44' title="bbox 2631 3358 2646 3388">
     <span class='ocr_line' id='line_1_130' title="bbox 2631 3358 2646 3388; baseline 0 0"><span class='ocrx_word' id='word_1_889' title='bbox 2631 3358 2646 3388; x_wconf 73' lang='grc' dir='ltr'><strong>ζ</strong></span> 
     </span>
    </p>
   </div>
   <div class='ocr_carea' id='block_1_30' title="bbox 2760 3379 2768 3423">
    <p class='ocr_par' dir='ltr' id='par_1_45' title="bbox 2760 3379 2768 3423">
     <span class='ocr_line' id='line_1_131' title="bbox 2760 3379 2768 3423; baseline 0 0"><span class='ocrx_word' id='word_1_890' title='bbox 2760 3379 2768 3423; x_wconf 77' lang='lat' dir='ltr'>i</span> 
     </span>
    </p>
   </div>
  </div>
 </body>
</html>
