2768 4178
74 1514 82 1522 ·
98 1512 155 1539 Cap.
166 1506 194 1537 ἧι,
210 1518 232 1533 n.
243 1518 264 1533 2.
275 1523 286 1527 -

73 1539 98 1560 S.
106 1538 214 1560 Th.1ect.
222 1545 270 1559 xxi.

71 1782 80 1791 “
98 1781 154 1808 Cap.
164 1787 202 1807 xx,
217 1786 271 1801 xxn.

69 1939 165 1968 '‘Num.
180 1945 216 1965 24.

70 2100 79 2108 ·
94 2098 145 2120 Art.
161 2096 266 2124 praeced.

71 2366 79 2375 ·
96 2364 144 2391 Qu.
154 2369 195 2391 vn,
210 2367 254 2385 art.
265 2369 281 2384 1.

70 2895 90 2925 ἢ
100 2894 156 2916 Loc.
177 2895 282 2922 proxime

325 278 397 314 292

322 345 438 377 scilicet
461 344 747 386 praepositionibus
770 344 809 375 ab
833 350 863 374 et
882 346 926 382 in,
945 344 1065 375 utimur
1085 346 1124 375 ad
1144 345 1267 376 occulta
1291 345 1384 385 signi-

321 390 451 426 ficanda,
477 396 511 420 ut
535 399 626 429 saepe
651 388 814 428 contingit.

374 435 414 464 Et
430 434 473 464 sic
489 443 600 463 omnes
616 439 717 463 textus
733 439 918 463 consonant.
945 432 1031 463 Cum
1047 432 1095 462 his
1112 432 1197 463 enim
1213 439 1273 463 stat
1289 432 1384 464 actio-

1006 266 1273 312 QUAESTlo
1303 267 1421 314 XXV,
1451 267 1749 304 ART1CULUS
1779 269 1811 304 11
1845 313 1847 315 ,

1442 346 1523 376 actio
1547 346 1742 382 huiusmodi,
1767 353 1803 377 ut
1827 346 1879 383 sic,
1897 354 2027 387 propter
2050 347 2276 387 perficiendum
2301 359 2430 389 passum
2451 357 2506 381 est.

1441 390 1482 420 Et
1509 396 1691 430 propterea,
1717 390 1837 421 ratione
1861 391 1944 421 illius
1969 398 2066 427 actus,
2085 392 2245 433 perfectio
2262 395 2366 433 passi,
2391 401 2421 425 et
2440 404 2508 425 esse

1441 434 1473 463 in
1492 443 1602 473 passo,
1628 440 1696 470 etc„
1723 434 1835 465 dicitur
1858 434 1926 474 ipsa
1949 435 2041 466 actio.
2059 453 2078 457 —
2094 436 2160 466 Nec
2184 436 2274 476 plura
2298 437 2348 468 hic
2375 438 2507 469 dicenda
2527 463 2541 471 ,

321 478 367 508 nis
391 478 578 509 transeuntis
598 484 628 507 et
651 476 805 518 passionis
829 477 966 507 eundem
991 487 1056 507 esse
1080 483 1204 507 actum:
1230 476 1384 517 quoniam
1440 477 1594 514 videntur,
1621 478 1774 518 quoniam
1798 479 1953 519 praesenti
1976 479 2142 520 proposito
2167 487 2213 511 sat
2237 488 2320 512 sunt.

1087 630 1406 671 ARTICULUS
1437 630 1735 673 SECUNDUS

944 724 1121 754 UTRUM
1145 723 1402 755 POTENTIA
1432 725 1516 755 DEI
1549 725 1627 756 SIT
1658 726 1882 757 INFINITA

595 803 603 827 I
624 803 707 831 Sent„
721 803 778 827 dist.
794 810 863 833 me,
877 810 921 834 qu.
936 810 953 833 1,
969 799 1014 826 art‘.
1032 809 1058 832 13
1078 802 1087 826 I
1110 802 1186 827 Cont.
1204 803 1292 830 Geni„
1309 809 1363 833 cap.
1376 809 1452 832 x1.111;
1473 802 1515 827 De
1533 803 1600 831 Por„
1614 811 1658 835 qu.
1673 811 1690 834 1,
1707 809 1754 828 art.
1769 811 1798 835 2;
1821 805 1963 837 Compend.
1982 806 2008 830 T
2004 806 2080 835 heol„
2096 814 2152 839 cap.
2165 815 2218 838 x1x;

1045 837 1101 861 VIII
1121 836 1236 869 Physic„
1252 837 1309 861 lect.
1323 844 1398 868 xxm;
1413 837 1459 861 XII
1478 837 1640 871 Metaphys„
1656 838 1713 863 lect.
1725 846 1780 864 vm.

531 939 553 963 D
573 938 762 963 SECUNDUM
781 937 834 962 sm
850 936 1088 962 PROCEmTUR.
1103 924 1263 961 Videtur
1278 925 1383 972 quod

531 979 698 1028 potentia
712 978 785 1015 Dei
800 990 879 1015 non
893 978 938 1014 sit
952 977 1108 1014 infinita.
1131 977 1259 1014 Omne
1279 977 1382 1014 enim

356 1048 452 1090 1:⁷45
478 1038 500 1084 (ξ
532 1032 720 1069 infinitum
758 1038 814 1068 est
845 1031 1140 1091 imperfectum,
1170 1031 1382 1067 secundum

376 1063 821 1133 kJKPhilosophum,
843 1096 882 1120 in
912 1086 960 1120 III
989 1085 1138 1132 Physzc.
1159 1083 1178 1105 ’¹‘
1208 1083 1285 1120 Sed
1312 1096 1380 1133 po-

315 1139 429 1176 tentia
458 1138 530 1175 Dei
558 1150 636 1175 non
666 1145 721 1174 est
748 1137 980 1186 imperfecta.
1007 1138 1108 1184 Ergo
1138 1149 1217 1173 non
1246 1144 1301 1174 est
1327 1137 1381 1174 in-

315 1192 431 1229 finita.

369 1257 403 1282 2.
425 1245 657 1290 PRAETEREA,
680 1243 804 1280 omnis
833 1242 1000 1292 potentia
1023 1242 1286 1280 manifestatur
1313 1255 1382 1292 per

315 1297 509 1335 effectum:
532 1297 621 1333 alias
640 1297 776 1333 frustra
797 1304 904 1333 esset.
932 1295 971 1333 Si
990 1296 1101 1344 igitur
1119 1295 1288 1344 potentia
1307 1296 1379 1332 Dei

315 1359 412 1388 esset
439 1349 606 1397 infinita,
643 1357 772 1398 posset
801 1350 923 1386 facere
962 1349 1141 1386 effectum
1174 1348 1377 1386 infinitum.

315 1404 432 1450 Quod
461 1411 516 1440 est
542 1403 787 1451 impossibile.

370 1458 403 1494 3.
424 1458 658 1503 PRAETEREA‚
679 1455 933 1504 Philosophus
952 1455 1090 1504 probat
1113 1454 1151 1491 in
1170 1455 1257 1492 VIII
1277 1455 1377 1503 Phy-

312 1510 376 1547 εἰσ.
396 1509 427 1557 *,
449 1510 554 1558 quod
578 1509 608 1545 si
632 1509 801 1558 potentia
821 1508 977 1545 alicuius
1002 1508 1171 1557 corporis
1200 1514 1299 1544 esset
1326 1508 1379 1544 in-

313 1563 428 1610 finita,
446 1569 621 1599 moveret
639 1562 678 1599 in
696 1562 858 1599 instanti.
875 1562 981 1598 Deus
997 1569 1125 1598 autern
1147 1573 1226 1598 non
1246 1568 1379 1598 movet

314 1616 351 1653 in
380 1615 545 1652 instanti:
571 1614 638 1652 sed
666 1621 791 1652 movet
817 1620 1033 1652 creaturam
1051 1614 1286 1662 spiritualem,
1305 1626 1379 1662 per

314 1675 468 1717 tempus,
489 1673 704 1705 creaturam
733 1680 823 1705 vero
849 1674 867 1689 ‘²‘
895 1667 1131 1716 corporalem
1153 1679 1227 1715 per
1254 1666 1377 1704 locum

313 1728 350 1758 et
366 1718 520 1770 tempus,
541 1721 752 1758 seeundum
773 1721 1040 1769 Augustinurn,
1060 1721 1147 1757 VIII
1171 1732 1285 1769 super
1300 1721 1377 1769 ,Ge-

314 1775 430 1812 nesim
459 1775 511 1812 ad
537 1774 695 1811 litteram
721 1774 751 1811 ²¹⁸.
774 1775 867 1811 Non
896 1786 985 1822 ergo
1016 1781 1071 1810 est
1100 1773 1179 1810 eius
1207 1773 1377 1823 potentia

313 1827 471 1865 infinita.
659 1825 661 1829 ’

367 1881 441 1917 SED
470 1892 616 1917 CONTRA
649 1891 715 1916 EST
749 1879 854 1928 quod
883 1879 971 1916 dicit
999 1879 1185 1925 Hilarius,
1215 1879 1303 1915 VIII
1332 1879 1378 1916 de

316 1935 352 1970 T
349 1934 419 1974 rin,
440 1933 471 1979 ²¹²,
493 1933 600 1981 quod
619 1934 725 1970 Deus
746 1940 801 1969 est
820 1933 1025 1969 immensae
1052 1932 1209 1978 virtutis,
1235 1931 1375 1978 vivens,

306 1992 439 2036 potens
466 1985 494 2022 Ρ.
517 1986 646 2023 Omne
675 1993 802 2022 autern
823 1985 1058 2023 immensum
1088 1992 1144 2022 est
1171 1984 1374 2022 infinitum.

311 2041 413 2088 Ergo
441 2039 560 2077 virtus
589 2038 718 2076 divina
747 2045 802 2076 est
829 2038 986 2076 infinita.

364 2094 599 2133 RESPONDEOV
617 2104 801 2129 DICENDUM
830 2091 946 2141 quod,
968 2091 1063 2128 sicut
1090 2090 1168 2128 iam
1187 2090 1207 2112 ’¹‘
1233 2090 1375 2127 dictum

312 2152 383 2192 est,
414 2144 627 2183 secundum
663 2146 738 2182 hoc
765 2145 935 2194 potentia
963 2144 1086 2181 activa
1119 2143 1310 2181 invenitur
1338 2144 1375 2181 in

311 2200 407 2246 Deo,
429 2199 641 2235 secundum
661 2198 767 2247 quod
795 2197 876 2246 ipse
896 2205 982 2235 actu
1002 2205 1058 2234 est
1084 2202 1109 2234 ⁷.
1133 2198 1227 2234 Esse
1248 2204 1374 2234 autem

312 2252 390 2288 eius
419 2259 475 2288 est
502 2250 705 2299 infinitum,
727 2251 953 2300 inquantum
983 2262 1061 2287 non
1090 2257 1145 2286 est
1176 2249 1375 2286 limitatum

309 2317 378 2355 per
405 2304 546 2353 aliquid
574 2304 774 2353 recipiens;
803 2311 845 2340 ut
871 2310 975 2352 patet
1001 2314 1070 2351 per
1099 2300 1172 2339 ea⁸
1190 2314 1289 2350 quae
1316 2315 1376 2338 su-

309 2371 379 2407 pra
405 2357 425 2380 '¹‘
453 2358 552 2395 dicta
584 2364 691 2404 sunt,
722 2369 811 2393 cum
840 2356 887 2393 de
919 2355 1101 2393 infinitate
1134 2354 1286 2392 divinae
1320 2367 1375 2392 es-

310 2411 451 2448 sentiae
478 2418 663 2458 ageretur.
690 2409 802 2447 Unde
841 2420 996 2446 necesse
1026 2415 1081 2445 est
1115 2408 1221 2457 quod
1254 2408 1376 2445 activa

308 2464 477 2513 potentia
497 2463 569 2500 Dei
598 2463 644 2500 sit
662 2462 806 2499 infinita
826 2468 846 2499 ⁸.
870 2463 912 2499 In
941 2461 1119 2498 omnibus
1139 2461 1241 2498 enim
1262 2473 1375 2509 agen-

307 2517 408 2554 tibus
436 2517 510 2553 hoc
539 2515 739 2563 invenitur,
767 2515 872 2565 quod
900 2521 1042 2563 quanto
1078 2513 1233 2562 aliquod
1261 2526 1375 2562 agens

308 2570 508 2620 perfectius
527 2570 642 2606 habet
661 2569 826 2606 formam
847 2580 921 2616 qua
943 2567 1028 2616 agit,
1049 2574 1153 2604 tanto
1175 2574 1231 2604 est
1253 2567 1376 2604 maior

310 2623 389 2660 eius
418 2622 585 2672 potentia
613 2622 651 2659 in
671 2621 832 2670 agendo.
864 2621 969 2658 Sicut
989 2627 1131 2669 quanto
1152 2627 1208 2657 est
1233 2620 1375 2667 aliquid

309 2676 428 2724 magis
457 2675 642 2722 calidum,
668 2682 773 2712 tanto
801 2675 917 2712 habet
951 2673 1138 2711 maiorem
1167 2673 1375 2722 potentiam

310 2729 359 2766 ad
388 2728 701 2766 calefaciendum:
738 2735 775 2764 et
802 2728 959 2775 haberet
994 2726 1127 2774 utique
1166 2726 1375 2775 potentiam

309 2781 497 2818 infinitam
535 2781 583 2818 ad
622 2780 938 2827 calefaciendum,
966 2780 995 2817 si
1025 2779 1104 2816 eius
1139 2780 1242 2816 calor
1278 2787 1376 2816 esset

357 960 367 972 s
385 946 413 961 *'
434 945 492 973 ⁶15<

456 1008 519 1046 *b*-

309 2834 476 2872 infinitus
506 2834 530 2870 ς.
558 2834 688 2882 Unde,
719 2846 807 2870 cum
835 2834 919 2882 ipsa
947 2833 1108 2870 essentia
1138 2832 1277 2879 divina,
1307 2844 1388 2882 per¹

309 2900 427 2936 quam
455 2888 561 2924 Deus
581 2887 666 2935 agit,
687 2886 732 2924 sit
759 2886 915 2933 infinita,
936 2886 1031 2923 sicut
1059 2898 1174 2934 supra
1201 2884 1221 2907 '¹‘
1249 2892 1374 2922 osten-

310 2953 396 2978 sum
425 2947 496 2986 est;
525 2939 693 2988 sequitur
711 2939 816 2988 quod
844 2939 923 2976 eius
950 2939 1119 2988 potentia
1144 2938 1190 2975 sit
1217 2938 1374 2975 infinita.

363 2995 422 3030 AD
451 3005 587 3030 PRIMUM
621 3003 720 3030 ERGO
757 3004 941 3029 mei-:NDUM
978 2992 1084 3040 quod
1118 2991 1375 3040 Philosophus

310 3046 475 3096 loquitur
502 3046 550 3083 de
578 3044 726 3083 infinito
760 3045 865 3094 quod
894 3052 950 3082 est
978 3057 1022 3082 ex
1058 3052 1165 3094 parte
1194 3044 1374 3082 materiae

310 3111 388 3136 non
416 3098 640 3136 terminatae
667 3110 737 3148 per
761 3098 944 3144 formam3
975 3097 1189 3135 cuiusmodi
1209 3104 1265 3135 est
1291 3097 1374 3134 infi-

310 3152 430 3190 nitum
465 3151 572 3200 quod
601 3151 774 3199 congruit
806 3151 1014 3200 quantitati.
1051 3151 1114 3188 Sic
1141 3158 1268 3188 autem
1296 3161 1375 3188 non

364 3282 392 3315 α)
412 3290 483 3309 vero.
499 3296 519 3302 —
537 3283 598 3308 Om.
617 3282 738 3308 ABCDE.

365 3317 390 3351 β)
405 3321 510 3350 potens.
528 3331 546 3339 -
560 3321 681 3350 potestas
700 3317 753 3348 BD,
766 3320 793 3342 et
805 3320 903 3350 potens
922 3317 951 3342 C.

362 3353 389 3387 γ)
408 3357 469 3379 actu
488 3356 536 3378 est.
553 3367 573 3372 -
589 3356 629 3378 est
646 3355 708 3378 actu
727 3354 758 3383 A.
771 3356 812 3378 est
829 3355 904 3378 actus
918 3360 1007 3385 purus
1026 3354 1076 3384 sB;
1096 3353 1128 3379 cf.
1142 3358 1231 3378 notam
1250 3361 1271 3378 ε.

363 3387 388 3421 ὃ)
407 3396 447 3414 ea.
464 3402 483 3408 -
501 3389 565 3414 haec
583 3388 651 3419 Pam
670 3389 702 3414 cf.
717 3394 805 3414 notam
824 3395 881 3420 seq.

363 3423 386 3455 ε)
405 3424 560 3456 Respondeo
632 3424 747 3457 infinita.
769 3437 788 3442 -
810 3423 968 3456 Respondeo
991 3423 1133 3449 dicendum
1160 3423 1232 3456 quod
1249 3422 1374 3456 potentia

310 3459 399 3484 activa
419 3459 470 3484 Dei
487 3459 523 3484 sit
541 3458 645 3492 infinita
665 3459 785 3492 CDEpB;
805 3458 962 3491 Respondeo
988 3458 1129 3484 dicendum
1147 3459 1220 3492 quod
1243 3458 1303 3490 FG,
1329 3457 1373 3491 qui

311 3494 398 3519 statim
416 3493 536 3519 omittunt
555 3494 633 3519 enim.

1438 931 1493 961 est
1520 924 1666 962 infinita
1695 925 1823 963 divina
1853 927 2025 975 essentia,
2045 936 2086 965 ut
2114 941 2228 978 supra
2256 930 2276 952 '¹‘
2305 939 2502 968 ostensum
2533 939 2616 961 'stid-

1438 985 1512 1023 est,
1544 985 1579 1015 et
1606 990 1675 1027 per
1704 991 1942 1028 consequens
1970 992 2041 1017 nec
2071 981 2149 1018 eius
2181 984 2360 1032 potentia.
2392 985 2502 1022 Unde

1436 1043 1516 1067 non
1545 1031 1712 1080 sequitur
1739 1033 1844 1081 quod
1874 1032 1920 1069 sit
1946 1032 2177 1082 imperfecta.

1490 1085 1548 1120 AD
1577 1096 1766 1121 SECUNDUM
1794 1097 1978 1123 DlCENDUM
2016 1087 2122 1134 quod
2153 1088 2323 1136 potentia
2359 1090 2502 1137 agentis

1435 1136 1590 1173 univoci
1619 1144 1697 1174 tota
1725 1137 1986 1175 manifestatur
2005 1139 2043 1176 in
2063 1152 2133 1176 suo
2155 1140 2307 1178 effectu:
2336 1142 2503 1190 potentia

1437 1189 1538 1226 enim
1558 1190 1776 1238 generatiVa
1803 1191 1970 1229 hominis
1989 1192 2079 1229 nihil
2099 1200 2225 1241 potest
2242 1194 2328 1242 plus
2352 1207 2470 1244 quam
2488 1200 2502 1219 ¹³
2627 1205 2643 1228 η

1435 1254 1615 1290 generare
1644 1243 1852 1281 hominem.
1877 1245 1954 1282 Sed
1973 1245 2142 1294 potentia
2160 1246 2302 1294 agentis
2322 1259 2402 1284 non
2420 1247 2502 1285 uni-

1434 1296 1522 1333 voci
1554 1308 1634 1333 non
1662 1304 1740 1333 tota
1758 1295 1771 1317 ⁰
1790 1297 2051 1335 manifestatur
2078 1298 2117 1335 in
2146 1299 2202 1336 sui
2232 1299 2388 1337 effectus
2415 1312 2502 1349 pro-
2628 1302 2642 1328 θ

1436 1348 1633 1386 ductione:
1667 1349 1762 1386 sicut
1784 1351 1952 1398 potentia
1974 1351 2063 1388 solis
2090 1364 2170 1388 non
2189 1359 2267 1390 tota
2286 1353 2500 1391 manifesta-

1434 1409 1494 1438 tur
1521 1402 1560 1438 in
1586 1402 1838 1450 productione
1867 1404 2024 1441 alicuius
2062 1405 2235 1442 animalis
2265 1418 2310 1442 ex
2336 1406 2501 1455 putrefa-
2528 1429 2534 1433 -

1435 1454 1558 1491 ctione
1578 1456 1756 1503 generati.
1779 1457 2026 1494 Manifestum
2047 1465 2102 1494 est
2121 1465 2249 1495 autem
2270 1459 2376 1507 quod
2395 1460 2501 1502 Deus

1433 1520 1512 1544 non
1533 1515 1588 1545 est
1615 1520 1731 1556 agens
1749 1509 1979 1552 univocum:
2009 1510 2100 1547 nihil
2130 1511 2232 1548 enim
2252 1512 2354 1549 aliud
2377 1519 2502 1561 potest

1434 1573 1522 1597 cum
1553 1573 1599 1598 eo
1629 1562 1834 1599 convenire
1854 1575 1978 1611 neque
2007 1563 2046 1600 in
2066 1564 2204 1612 specie,
2226 1577 2352 1613 neque
2380 1565 2419 1602 in
2437 1577 2501 1614 ge-

1432 1626 1535 1661 nere,
1565 1622 1606 1651 ut
1633 1627 1748 1664 supra
1771 1614 1791 1637 ’¹‘
1819 1623 2014 1653 ostensum
2043 1625 2108 1654 est.
2140 1617 2251 1654 Unde
2280 1618 2503 1668 relinquitur
2527 1625 2740 1654 *Quam-ns.

1432 1668 1537 1716 quod
1566 1667 1723 1704 effectus
1753 1668 1832 1705 eius
1860 1681 2013 1718 semper
2042 1677 2098 1706 est
2125 1670 2252 1707 minor
2285 1683 2402 1720 quam
2430 1683 2500 1720 po-

1431 1720 1546 1757 tentia
1574 1720 1666 1757 eius.
1688 1722 1779 1758 Non
1808 1734 1898 1769 ergo
1927 1729 2077 1771 oportet
2105 1723 2210 1772 quod
2238 1723 2500 1762 manifestetur

1432 1773 1579 1810 infinita
1606 1774 1775 1822 potentia
1804 1775 1875 1811 Dei
1898 1775 1937 1812 in
1956 1775 2042 1822 hoc,
2064 1776 2170 1823 quod
2193 1777 2380 1824 producat
2409 1777 2498 1814 effe·
2539 1784 2546 1791 ·

1433 1834 1536 1863 ctum
1560 1826 1764 1863 infinitum.
1782 1848 1806 1855 -
1823 1828 1872 1863 Et
1891 1834 2032 1875 tamen,
2055 1828 2169 1865 etiam
2189 1829 2221 1865 si
2239 1829 2386 1866 nullum
2407 1829 2497 1867 effe-

1433 1887 1535 1916 ctum
1555 1880 1793 1927 produceret,
1814 1892 1893 1917 non
1918 1888 2016 1917 esset
2035 1880 2108 1917 Dei
2127 1881 2297 1930 potentia
2315 1889 2323 1902 ²
2348 1882 2496 1920 frustra.
2625 1896 2634 1912 ι

1432 1932 1532 1978 Quia
1561 1932 1695 1969 frustra
1726 1937 1780 1969 est
1807 1932 1914 1981 quod
1939 1933 2135 1971 ordinatur
2160 1934 2209 1972 ad
2229 1934 2360 1983 finem,
2382 1946 2499 1983 quem

1431 1997 1510 2022 non
1539 1985 1699 2033 attingit:
1728 1986 1897 2034 potentia
1930 1993 2059 2023 autem
2097 1987 2168 2024 Dei
2196 1999 2275 2024 non
2303 1987 2500 2025 ordinatur

1431 2037 1480 2075 ad
1510 2038 1688 2076 effectum
1717 2039 1812 2075 sicut
1840 2039 1889 2076 ad
1917 2039 2057 2087 finem,
2089 2040 2156 2077 sed
2186 2040 2306 2089 magis
2334 2040 2416 2090 ipsa
2443 2048 2500 2079 est

1430 2090 1517 2128 finis
1546 2091 1603 2128 sui
1632 2091 1801 2130 effectus.

1483 2146 1541 2181 AD
1570 2156 1729 2182 TERTmM
1748 2157 1931 2182 DlCENDuM
1953 2145 2059 2195 quod
2077 2145 2333 2195 Philosophus
2353 2146 2391 2184 in
2409 2147 2497 2184 VIII

1429 2197 1579 2245 Physic.
1599 2197 1631 2244 *,
1651 2198 1800 2246 probat,
1822 2198 1927 2246 quod
1947 2198 1977 2235 si
1997 2198 2152 2247 aliquod
2173 2211 2312 2248 corpus
2340 2199 2499 2237 haberet

1429 2250 1641 2298 potentiam
1670 2250 1870 2298 infinitam,
1891 2251 1996 2298 quod
2025 2259 2202 2288 moveret
2228 2252 2267 2288 in
2295 2264 2374 2289 non
2402 2260 2496 2290 tem-

1429 2314 1536 2351 pore.
1558 2303 1607 2339 Et
1630 2309 1759 2339 tamen
1789 2303 1952 2340 ostendit
1970 2303 2001 2351 *,
2023 2304 2127 2352 quod
2147 2305 2315 2353 potentia
2338 2305 2497 2343 motoris

1432 2355 1524 2392 caeli
1554 2362 1610 2392 est
1644 2355 1811 2392 infinita:
1841 2356 1931 2403 quia
1966 2369 2124 2394 movere
2160 2365 2286 2406 potest
2321 2365 2496 2406 ternpore

1430 2408 1591 2445 infinito.
1622 2408 1860 2457 Relinquitur
1893 2421 1983 2457 ergo
2017 2410 2229 2447 secundum
2259 2410 2339 2448 eius
2376 2410 2495 2448 inten-

1429 2460 1587 2509 tionem,
1608 2461 1714 2510 quod
1741 2462 1910 2510 potentia
1938 2462 2084 2499 infinita
2113 2463 2282 2512 corporis
2317 2463 2347 2500 si
2376 2471 2495 2512 esset,

1431 2521 1606 2552 moveret
1641 2513 1679 2551 in
1707 2526 1786 2551 non
1818 2522 2014 2564 tempore:
2050 2527 2129 2552 non
2166 2523 2294 2553 autem
2327 2516 2497 2565 potentia

1430 2566 1644 2616 incorporei
1674 2567 1842 2604 motoris.
1865 2568 1982 2605 Cuius
2011 2568 2105 2605 ratio
2135 2576 2207 2616 est,
2238 2569 2328 2618 quia
2357 2581 2496 2619 corpus

1428 2631 1592 2658 movens
1620 2619 1722 2657 aliud
1751 2633 1901 2670 corpus,
1924 2629 1979 2658 est
1998 2633 2113 2669 agens
2141 2621 2362 2673 univocum.
2384 2622 2496 2660 Unde

1431 2680 1582 2722 oportet
1609 2673 1713 2722 quod
1741 2680 1820 2711 tota
1851 2674 2019 2723 potentia
2039 2674 2200 2723 ,agentis
2236 2675 2497 2713 manifestetur

1429 2726 1467 2763 in
1496 2733 1616 2763 motu.
1647 2726 1748 2772 Quia
1776 2726 1886 2774 igitur
1923 2734 2065 2776 quanto
2099 2728 2290 2766 moventis
2327 2729 2496 2777 corporis

1428 2779 1598 2828 potentia
1617 2786 1673 2816 est
1691 2779 1826 2826 maior,
1847 2787 1950 2817 tanto
1971 2780 2142 2818 velocius
2162 2789 2311 2818 movet:
2340 2793 2496 2819 necesse

1430 2839 1486 2869 est
1506 2833 1609 2881 quod
1629 2832 1659 2869 si
1688 2832 1797 2869 fuerit
1815 2833 1971 2880 infinita,
1993 2841 2150 2872 moveat
2177 2834 2495 2884 improportione-

1430 2885 1552 2922 biliter
1579 2885 1703 2933 citius,
1730 2886 1835 2934 quod
1865 2894 1919 2923 est
1946 2898 2104 2925 movere
2133 2886 2170 2924 in
2199 2899 2279 2924 non
2307 2894 2493 2936 ternpore.

1430 2938 1508 2976 Sed
1536 2950 1699 2976 movens
1726 2938 1998 2987 incorporeum
2028 2947 2083 2977 est
2110 2951 2226 2988 agens
2253 2951 2332 2977 non
2359 2939 2495 2977 univo-

1430 3003 1531 3028 cum.
1562 2990 1672 3028 Unde
1700 3003 1779 3028 non
1809 2999 1983 3040 oportet,
2019 2992 2124 3042 quod
2152 2999 2230 3029 tota
2265 2992 2385 3030 virtus
2414 2993 2496 3030 eius

1431 3044 1693 3081 manifestetur
1719 3044 1758 3080 in
1786 3052 1894 3081 motu
1923 3045 1993 3093 ita,
2023 3045 2127 3094 quod
2164 3053 2321 3082 moveat
2352 3045 2390 3082 in
2418 3058 2497 3084 non

1430 3104 1616 3145 tempore.
1648 3098 1697 3134 Et
1722 3098 1963 3146 praesertim,
1994 3097 2084 3146 quia
2111 3105 2244 3136 movet
2281 3098 2494 3136 secundum

1431 3149 1720 3199 dispositionem
1749 3162 1841 3187 suae
1869 3150 2085 3188 voluntatis.

2525 2204 2601 2227 'Loco
2611 2205 2650 2228 eit.
2658 2205 2682 2228 ln
2688 2211 2737 2239 arg.

2524 2315 2534 2325 ·
2554 2314 2616 2337 Ibid.
2637 2320 2664 2336 cn
2683 2330 2688 2336 .
2706 2320 2737 2342 x,

2524 2347 2654 2390 &afim
2677 2340 2736 2363 ‘'⁰''

1482 3281 1506 3314 ζ)
1526 3282 1550 3307 si
1567 3282 1623 3307 eius
1641 3282 1716 3307 calor
1733 3285 1800 3307 esset
1820 3282 1949 3315 infinitus.
1966 3281 2078 3314 -yonit
2091 3282 2113 3307 D
2133 3290 2212 3316 supra
2231 3288 2288 3308 ante
2307 3283 2430 3311 habent.-
2448 3290 2495 3316 pro

1427 3317 1452 3341 si
1469 3317 1533 3346 eius,
1555 3317 1583 3342 id
1600 3317 1676 3342 cuius
1693 3316 1892 3350 ACEFG(pB?)
1911 3322 1937 3342 et
1955 3317 2005 3342 ab.

1481 3353 1509 3384 η)
1529 3352 1595 3377 nihi!
1608 3355 1699 3384 potest
1711 3353 1776 3384 plus
1793 3360 1883 3385 quam.
1899 3366 1919 3372 -
1936 3352 2004 3378 nihil
2017 3353 2080 3385 plus
2095 3355 2186 3384 potest
2205 3361 2284 3385 quam
2302 3353 2424 3379 ABCDE.

1481 3385 1505 3419 θ)
1525 3390 1591 3412 tota.
1609 3401 1628 3406 -
1646 3388 1766 3413 totaliter
1783 3388 1813 3412 B.
1831 3402 1850 3407 —
1867 3388 1910 3413 sut·
1933 3395 1987 3412 om.
2007 3388 2137 3419 anm-“Q
2158 3388 2185 3413 in
2203 3388 2248 3414 sui
2263 3388 2371 3422 effectus
2390 3388 2495 3421 produ-

1427 3422 1514 3447 ctione
1531 3430 1585 3448 om.
1599 3423 1632 3454 C;
1648 3423 1674 3448 in
1693 3423 1767 3448 sui...
1787 3425 1844 3448 tota
1863 3422 2052 3456 manifestatur
2069 3431 2123 3448 om.
2137 3424 2158 3448 Ε

1482 3457 1499 3490 ι)
1520 3465 1571 3482 non
1590 3460 1657 3483 esset
1676 3458 1728 3483 Dei
1739 3458 1873 3490 potentia.
1887 3471 1905 3477 -
1919 3464 1970 3482 non
1991 3461 2058 3483 esset
2073 3458 2196 3490 potentia
2215 3458 2268 3484 Dei
2285 3458 2342 3491 AG,
2361 3465 2412 3484 non
2427 3461 2494 3483 esset

1423 3491 1547 3524 potentia
1566 3493 1639 3524 BCE,
1658 3500 1709 3518 non
1729 3496 1798 3518 esset
1810 3493 1934 3526 potentia
1951 3493 2008 3518 eius
2026 3493 2057 3518 D.
