2768 4178
309 268 383 304 386
972 264 1240 311 QUAESTIO
1269 263 1448 310 XXXVI,
1477 262 1774 300 ARTICULUS
1804 263 1855 299 lV

306 345 498 386 principium
521 344 653 385 Spiritus
669 343 784 380 Sancti,
808 353 875 373 non
898 349 993 374 restat
1016 343 1185 373 descensus
1206 343 1246 372 ad
1265 342 1371 382 singu·
1426 342 1499 373 loco
1515 344 1638 373 Auctor
1661 341 1878 372 determinavit
1902 341 1992 382 quod
2014 340 2152 372 indecise
2175 340 2295 372 dimisit
2315 341 2349 372 in
2366 341 2378 371 1
2394 341 2494 379 Sem„

305 390 382 420 laria
404 389 558 430 principii.
583 388 645 419 Sed
667 388 693 418 si
716 387 756 418 ad
778 387 904 418 Patrem
927 387 977 417 vel
1001 387 1121 417 Filium
1142 386 1282 422 venitur,
1306 386 1371 416 iam
1428 386 1498 417 dist.
1517 396 1589 416 xx1x
1604 385 1631 422 *‚
1656 386 1696 415 ad
1719 386 1776 416 ult.
2524 384 2534 393 '
2548 383 2601 405 Λη-
2614 389 2638 410 4·

307 440 390 464 extra
413 433 554 473 regulam
577 440 703 468 sumus;
728 438 759 462 et
777 437 824 462 est
839 431 1004 471 sophisma
1019 431 1154 471 Figurae
1169 429 1334 461 Dictionis.
1350 447 1371 452 -
1483 430 1552 461 XV.
1579 430 1614 460 In
1637 429 1844 470 responsione
1868 429 1908 459 ad
1931 428 2113 469 septimum,
2129 429 2254 459 adverte
2273 428 2448 469 quodhoc
2462 429 2496 459 in
2513 446 2518 452 κ

305 477 451 508 Secundo
475 477 587 507 dicitur
619 476 657 506 ab
681 475 764 512 aliis,
796 475 1001 506 concedendo
1032 474 1309 515 consequentiam,
1342 480 1372 504 et
1426 474 1499 504 loco
1522 476 1645 504 Auctor
1667 473 1770 514 arguit
1788 473 1976 514 opinionem
1999 482 2098 513 quarn
2121 473 2189 513 ipse
2212 479 2340 504 secutus
2358 472 2420 503 fuit
2433 473 2495 503 inl

306 521 450 561 negando
480 520 648 551 falsitatem
676 519 912 560 consequentis,
942 525 979 549 ut
1001 519 1106 548 videre
1135 524 1226 558 potes
1254 517 1287 548 in
1311 517 1371 548 Ca·
1427 518 1525 556 Sem„
1546 518 1617 549 dist.
1637 528 1669 547 XI
1688 524 1719 548 et
1739 528 1812 547 xxxx
1824 517 1852 554 *‚
1876 517 2014 548 articulis
2035 516 2165 547 ultimis.
2184 534 2203 540 -
2219 516 2312 547 Ratio
2332 523 2440 547 autem
2462 516 2496 547 in
2521 521 2533 533 ⁴
2547 521 2598 543 Art-
2613 527 2642 548 4,
2658 521 2686 543 ad
2701 527 2722 543 2-

306 565 427 605 preolo.
1426 562 1527 592 littera
1550 562 1685 592 adducta
1704 561 1932 592 examinabitur
1945 561 1979 591 in
1997 562 2013 592 3
2032 560 2163 592 articulo
2180 571 2271 591 xxxrx
2289 560 2493 601 quaestionis,

362 609 444 640 XIV.
470 609 504 639 In
528 607 733 648 responsione
757 607 797 638 ad
820 613 962 643 sextum,
992 606 1117 636 adverte
1142 606 1231 647 quod
1253 606 1316 636 hoc
1338 605 1370 636 in
1427 605 1481 636 ubi
1506 615 1543 636 ex
1565 605 1731 646 proposito
1755 605 1937 636 tractabitur
1961 605 1999 635 de
2022 605 2182 636 adiectivis
2206 611 2237 635 et
2259 604 2472 635 substantivis.
