2768 4178
6 510 9 511 ⁷
41 509 53 522 ⁸
67 510 115 531 iam
131 509 183 532 edd.
192 509 254 537 1508,

39 542 93 564 1514.

979 248 1247 295 QUAESTIO
1277 249 1383 294 XVI,
1413 249 1710 286 ARTICULUS
1741 251 1772 286 II

282 338 379 370 quem
403 327 582 368 superficies
605 327 700 358 huius
724 327 842 358 litterae
859 327 961 368 prima
980 327 1083 358 fronte
1100 327 1246 363 ostendit,
1263 327 1349 357 vide-

281 380 332 404 tur
347 373 445 413 quod,
471 372 546 413 quia
566 371 705 412 cognitio
730 382 850 408 sensus,
866 377 943 412 puta
966 371 1061 407 visus,
1083 378 1136 402 aut
1160 371 1254 402 etiarn
1278 370 1352 400 sim-

280 416 370 457 plicis
393 416 579 452 intellectus,
602 416 776 446 conformis
801 422 847 446 est
869 415 922 451 rei,
949 415 1021 445 ideo
1045 426 1118 446 vera
1142 415 1202 446 dici
1226 421 1349 455 potest:

281 461 336 491 sed
360 461 436 501 quia
469 471 535 491 non
559 467 664 500 potest
693 460 780 490 illam
811 459 1068 490 conformitatem
1091 469 1173 500 quae
1197 466 1243 490 est
1271 459 1351 489 inter

281 505 384 546 ipsam
409 505 625 545 cognitionem
648 503 825 544 simplicem
849 510 879 534 et
902 513 985 539 rem,
1011 513 1220 544 cognoscere,
1245 503 1317 533 ideo
1334 503 1351 522 *

281 559 348 580 non
369 548 532 590 cognoscit
545 556 673 579 verum:
699 556 729 579 et
744 547 819 588 quia
842 547 1018 578 intellectus
1043 558 1240 588 componens
1264 547 1350 577 illam

282 593 462 633 cognoscit,
487 592 559 623 ideo
584 591 748 632 cognoscit
770 601 890 622 verum.
908 610 928 614 —
945 591 1006 622 Sed
1035 592 1220 622 huiusmodi
1241 601 1351 622 sensus

282 637 402 668 allenus
421 643 473 667 est
495 637 534 667 ab
557 636 616 666 hac
639 636 750 672 littera,
776 636 952 666 secundum
967 635 1140 666 veritatem.
1165 637 1254 666 Turn
1277 635 1352 676 quia

282 681 398 712 falsum
422 687 469 712 est
490 680 580 721 quod
611 679 788 711 intellectus
817 679 951 720 simplex
973 690 1040 710 non
1071 687 1242 719 cognoscat
1264 680 1352 710 illam

283 725 556 757 conformitatem:
582 724 737 764 quoniam
761 723 967 754 conformitas
990 724 1044 754 illa
1067 723 1225 755 definibile
1248 725 1351 764 quod-

283 770 357 800 dam
388 776 448 805 est,
474 775 504 799 et
528 774 758 808 consequenter
786 768 922 808 simplici
949 768 1108 799 intellectu
1141 768 1350 809 cognoscitur.

282 813 371 844 Tum
389 812 466 853 quia
488 812 541 842 illa
565 811 771 842 conformitas
791 822 857 842 non
879 812 1081 853 cognoscitur
1104 812 1163 843 nisi
1187 812 1298 843 reflexe
1314 813 1352 843 ab

281 857 458 887 intellectu:
482 866 595 886 verum
615 862 721 886 autern
742 856 945 896 cognoscitur
963 857 1087 893 directe,
1104 864 1135 888 et
1157 867 1224 887 non
1241 856 1352 887 reflexe

281 907 416 932 tantum.
440 900 529 931 Tum
545 899 620 940 quia
634 900 758 930 medius
782 901 935 931 terminus
958 901 991 931 in
1014 901 1115 932 littera
1138 902 1293 932 adductus
1312 902 1352 931 ad

282 944 485 986 probandum
507 945 598 985 quod
617 944 823 976 conformitas
847 945 880 975 in
903 955 967 986 qua
989 945 1131 976 consistit
1152 946 1276 982 veritas,
1297 956 1350 976 co-

282 995 452 1029 gnoscatur
475 989 514 1019 ab
546 988 706 1020 intellectu
737 990 961 1029 componendo
992 989 1042 1020 vel
1066 990 1236 1020 dividendo
1251 1013 1258 1026 ‚
1285 1000 1352 1020 non

283 1040 364 1064 esset
386 1033 425 1063 ad
448 1033 662 1073 propositum,
681 1039 716 1064 ut
739 1034 824 1074 patet
847 1033 1026 1074 applicanti.

336 1077 389 1108 1V.
416 1077 460 1108 Ut
482 1077 578 1117 igitur
600 1087 747 1117 praesens
770 1077 882 1116 littera,
908 1088 982 1108 cum
1001 1077 1141 1119 qualibet
1165 1077 1223 1108 sibi
1247 1078 1351 1114 simili,

283 1127 396 1163 pateat,
417 1128 528 1152 notato
544 1128 690 1162 quatuor.
715 1122 835 1159 Primo,
853 1123 943 1163 quod
959 1122 1046 1152 aliud
1065 1129 1112 1153 est
1133 1122 1224 1163 loqui
1244 1122 1282 1152 de
1305 1122 1352 1152 in-

282 1165 409 1197 tellectu
433 1166 528 1196 etiam
556 1166 589 1196 in
620 1172 691 1197 actu
716 1166 871 1203 secundo,
897 1173 927 1197 et
949 1166 1035 1196 aliud
1059 1166 1097 1196 de
1121 1166 1281 1196 intellectu
1306 1167 1352 1196 in-

283 1215 438 1251 quantum
462 1218 677 1251 cognoscens:
700 1217 731 1240 et
754 1210 895 1241 similiter
917 1210 1003 1241 aliud
1026 1217 1072 1240 est
1098 1210 1189 1250 loqui
1214 1211 1252 1240 de
1274 1210 1352 1240 veri-

262 1254 466 1291 tateillius,
482 1260 517 1285 ‘et
540 1254 627 1285 aliud
657 1254 695 1284 de
717 1254 846 1286 veritate
868 1254 976 1285 istius.
1001 1254 1053 1284 Ad
1075 1254 1239 1284 veritatem
1268 1254 1353 1284 enim

282 1298 459 1330 intellectus
483 1298 516 1328 in
540 1305 612 1329 actu
635 1298 789 1335 secundo,
814 1308 882 1328 non
903 1298 976 1339 plus
1000 1298 1169 1339 requiritur
1192 1308 1290 1339 quam
1314 1299 1354 1328 ad

283 1342 447 1374 veritatem
470 1353 580 1373 sensus
612 1342 645 1373 in
668 1349 740 1373 actu
770 1342 929 1373 secundo:
954 1343 1039 1372 unde
1064 1349 1094 1373 et
1123 1342 1299 1373 intellectus
1324 1349 1354 1374 et

283 1397 394 1418 sensus
417 1386 451 1417 in
474 1393 556 1423 actu,
572 1396 666 1417 verus
679 1386 793 1417 dicitur
815 1393 852 1417 ut
867 1386 1024 1427 quaedam
1048 1396 1096 1416 res
1119 1396 1201 1423 vera,
1222 1387 1352 1427 quando

284 1431 423 1471 cognitio
447 1430 673 1461 assimilatione
696 1431 736 1461 ad
760 1430 925 1470 cognitum
948 1430 1147 1462 informatur.
1169 1431 1220 1461 Ad
1242 1431 1352 1462 verita-

283 1481 349 1507 tem
371 1481 479 1507 autem
502 1474 678 1505 intellectus
695 1481 731 1506 ut
754 1485 948 1515 cognoscens
968 1481 1024 1511 est,
1039 1475 1172 1515 exigitur
1195 1476 1283 1516 quod
1298 1486 1352 1506 ve-

283 1518 357 1551 ritas
380 1519 420 1550 sit
442 1519 474 1549 in
499 1529 537 1549 eo
561 1525 598 1549 ut
621 1526 667 1550 est
690 1528 901 1559 cognoscens:
927 1519 989 1549 hoc
1012 1526 1120 1550 autem
1135 1529 1201 1550 non
1225 1527 1271 1550 est
1293 1520 1353 1550 nisi

284 1562 324 1595 sit
345 1562 379 1593 in
403 1573 441 1593 eo
465 1569 502 1594 ut
532 1563 668 1603 cognita.
690 1563 731 1594 Et
753 1571 920 1603 propterea
942 1563 1057 1598 littera,
1082 1563 1274 1604 investigans
1298 1564 1352 1594 ubi

283 1606 410 1649 proprie
433 1617 544 1638 verum
568 1607 616 1644 sit,
633 1617 652 1638 a
667 1607 795 1648 propria
810 1607 913 1638 forma
936 1607 1123 1644 intellectus,
1147 1618 1212 1638 non
1230 1608 1262 1638 in
1282 1615 1352 1639 actu

283 1650 388 1692 primo
408 1657 464 1682 aut
479 1651 629 1688 secundo,
646 1651 702 1682 sed
717 1658 753 1683 ut
769 1661 964 1692 cognoscens
986 1659 1040 1688 est,
1058 1652 1218 1693 procedit:
1240 1659 1270 1683 et
1285 1653 1354 1684 vult

283 1696 373 1737 quod
388 1695 517 1736 propria
534 1695 602 1726 eius
625 1695 728 1726 forma
744 1706 779 1727 ac
803 1696 955 1736 perfectio
971 1703 1018 1727 est
1033 1697 1207 1727 similitudo
1226 1697 1352 1737 cogniti,

282 1749 350 1771 non
374 1750 456 1781 quae
480 1747 526 1770 est
549 1739 741 1780 principium
766 1741 966 1780 cognitionis,
995 1741 1050 1771 sed
1073 1751 1155 1782 quae
1180 1748 1226 1772 est
1248 1741 1353 1772 termi-

283 1794 344 1828 nus
366 1785 418 1816 vel
435 1784 526 1825 quasi
550 1784 713 1821 terminus,
731 1795 786 1815 seu
810 1784 961 1825 perfectio
985 1785 1025 1815 ad
1048 1786 1352 1826 quam-attingendo

283 1828 424 1869 cognitio
447 1828 615 1869 perficitur.

338 1873 377 1904 V.
402 1873 464 1904 Pro
489 1883 555 1914 quo
580 1879 656 1903 nota
678 1873 830 1911 secundo,
847 1873 937 1914 quod
953 1873 1127 1904 similitudo
1150 1874 1193 1904 rei
1210 1874 1354 1914 cognitae

284 1917 451 1958 dupliciter
465 1917 610 1953 sumitur,
628 1924 786 1957 quantum
805 1917 844 1947 ad
861 1917 1064 1958 propositum
1086 1924 1213 1958 spectat.
1235 1918 1352 1955 Primo,

283 1971 344 2002 pro
367 1961 472 2002 specie
493 1961 682 2001 intelligibili
700 1961 764 1991 sive
783 1962 920 1992 sensibili
942 1963 1090 2002 simplici,
1114 1962 1195 1993 idest
1215 1972 1271 2002 per
1286 1972 1355 1993 mo-

261 2025 266 2031 ·
285 2006 363 2036 dum
386 2005 579 2046 incomplexi
602 2006 879 2046 repraesentantis,
904 2006 1060 2047 quidquid
1085 2006 1123 2037 sit
1145 2006 1199 2037 illa
1223 2007 1352 2047 species.

44 2235 55 2245 ⁴·
70 2233 107 2257 Cf.
121 2239 186 2256 num.
200 2240 235 2256 111.

0 2351 7 2385 ᾖ
45 2364 59 2378 ·’
70 2366 200 2390 mutuae
219 2369 258 2389 ae-

45 2395 111 2416 tacta
169 2399 260 2423 cogno-

45 2425 113 2442 scens
125 2422 163 2442 est
171 2422 195 2442 et
207 2426 258 2442 0111.

0 2447 5 2480 ζ
45 2445 101 2469 edd.
108 2446 169 2475 1508,
179 2453 237 2476 ¹5¹4·

284 2050 450 2086 Secundo,
480 2059 539 2090 pro
567 2050 671 2090 specie
694 2052 967 2090 repraesentativa
997 2051 1119 2092 cogniti
1142 2056 1177 2081 ut
1199 2052 1263 2088 sic,
1289 2051 1353 2082 sive

286 2094 450 2134 complexe
473 2094 538 2124 sive
566 2094 782 2134 incomplexe,
807 2094 964 2136 quidquid
987 2095 1026 2125 sit
1053 2094 1121 2131 illa,
1147 2094 1211 2125 sive
1235 2095 1353 2135 species

284 2137 446 2178 impressa,
471 2138 536 2168 sive
560 2147 712 2178 expressa,
733 2138 797 2168 sive
820 2139 890 2179 ipsa
913 2139 1066 2179 cognitio:
1091 2139 1168 2169 haec
1188 2139 1273 2169 enim
1289 2149 1354 2170 non

284 2183 405 2213 variant
419 2182 631 2222 propositum.
657 2183 693 2212 In
709 2183 864 2222 praesenti
889 2183 989 2213 littera
1012 2193 1078 2213 non
1094 2183 1231 2214 sumitur
1245 2183 1354 2214 simili-

285 2227 364 2258 tudo
377 2226 495 2266 cogniti
508 2226 612 2267 primo
626 2227 735 2263 modo,
749 2233 785 2257 ut
797 2226 1000 2267 superficialis
1012 2227 1166 2267 expositio
1178 2227 1354 2267 intelligit*,

285 2271 340 2302 sed
356 2271 507 2301 secundo.
532 2271 577 2301 Ita
600 2271 690 2311 quod
713 2281 824 2302 sensus
847 2271 966 2302 litterae
990 2278 1045 2307 est,
1066 2272 1156 2312 quod
1179 2271 1354 2302 similitudo

284 2321 398 2346 attacta
421 2325 477 2345 seu
500 2322 641 2346 assecuta
657 2325 675 2345 a
691 2315 883 2355 cognitione,
907 2322 954 2346 est
969 2315 1098 2356 propria
1114 2315 1217 2346 forma
1241 2323 1271 2347 et
1286 2326 1355 2356 per-

284 2359 379 2391 fectio
403 2359 579 2390 intellectus
603 2366 639 2390 ut
663 2369 857 2399 cognoscens
875 2366 933 2396 est;
959 2366 990 2391 et
1004 2359 1022 2379 *
1044 2360 1098 2390 illa
1114 2360 1253 2400 cognitio
1273 2371 1355 2401 quae

285 2403 335 2434 sui
357 2403 458 2444 ipsius
482 2403 738 2435 conformitatem
760 2414 834 2434 cum
857 2414 890 2434 re
914 2404 1091 2444 cognoscit,
1116 2404 1169 2434 illa
1193 2405 1355 2444 cognoscit

284 2458 406 2484 verum,
431 2454 463 2478 et
485 2447 573 2478 nulla
592 2448 665 2485 alia;
690 2449 999 2489 quomodocumque
1014 2448 1054 2479 sit
1069 2449 1123 2479 illa
1138 2449 1354 2486 conformitas,

286 2492 403 2523 scilicet
425 2492 490 2522 sive
513 2502 569 2532 per
592 2493 728 2523 modum
752 2493 920 2532 complexi,
945 2493 1009 2523 sive
1033 2493 1233 2533 incomplexi.

338 2537 392 2567 VI.
415 2537 521 2566 Tertio
545 2543 630 2573 nota,
647 2537 736 2577 quod
760 2547 950 2577 cognoscere
972 2537 1228 2568 conformitatem
1243 2538 1292 2568 sui
1316 2538 1355 2568 ad

286 2580 465 2621 cognitum,
491 2580 646 2620 contingit
668 2581 848 2621 dupliciter:
873 2581 990 2612 scilicet
1013 2582 1044 2612 in
1068 2587 1143 2612 actu
1166 2583 1306 2623 signato,
1325 2588 1355 2612 et

286 2626 320 2655 in
336 2630 410 2655 actu
429 2625 578 2655 exercito.
597 2624 798 2664 Cognoscere
814 2625 1071 2656 conformitatem
1085 2626 1118 2656 in
1130 2633 1202 2657 actu
1219 2626 1352 2666 signato,

286 2675 333 2699 est
356 2667 571 2708 cognitionem
593 2668 754 2699 terminari
768 2670 809 2699 ad
832 2669 1018 2700 relationem
1034 2670 1275 2702 conformitatis.
1292 2670 1354 2701 Co-

286 2722 436 2753 gnoscere
459 2722 535 2742 vero
560 2712 816 2744 conformitatem
839 2713 872 2744 in
895 2721 966 2745 actu
990 2714 1140 2751 exercito,
1164 2722 1210 2745 est
1233 2725 1354 2754 cogno-

287 2766 371 2788 scere
394 2755 515 2796 aliquid
537 2756 570 2786 in
594 2767 626 2787 se
650 2764 686 2788 ut
709 2757 875 2788 conforme
898 2758 1036 2798 cognito.
1062 2759 1160 2796 Quod
1184 2765 1220 2789 ut
1242 2759 1354 2789 clarius

286 2800 486 2842 percipiatur,
506 2801 725 2832 manifestatur
747 2801 780 2832 in
803 2809 875 2833 actu
901 2802 1038 2840 dicendi:
1063 2803 1228 2844 quoniam*
1243 2803 1355 2833 clarius

286 2851 416 2886 apparet
439 2845 642 2885 propositum
660 2845 693 2876 in
716 2845 797 2886 ipso.
813 2846 898 2877 Dicit
916 2847 1076 2887 quispiam
1100 2847 1355 2878 conformitatem

286 2889 462 2920 intellectus
487 2896 517 2920 et
539 2890 583 2920 rei
606 2889 640 2919 in
663 2896 736 2920 actu
760 2890 897 2931 signato,
919 2901 993 2922 cum
1015 2892 1092 2922 haec
1115 2892 1219 2927 verba,
1237 2901 1293 2921 seu
1316 2891 1355 2921 si-

286 2933 432 2974 gnificata
455 2943 578 2970 eorum,
593 2934 627 2964 in
651 2934 826 2971 communi,
842 2935 892 2966 vel
907 2935 940 2965 in
961 2936 1086 2976 speciali
1110 2935 1240 2966 materia
1256 2945 1354 2975 quam

286 2977 440 3018 intelligit,
457 2977 531 3008 dicit
553 2978 730 3009 mentaliter
752 2979 803 3009 vel
821 2979 982 3010 vocaliter:
1007 2979 1082 3010 dicit
1104 2986 1213 3010 autern
1235 2980 1267 3010 in
1283 2987 1354 3010 actu

288 3021 431 3058 exercito,
450 3022 579 3062 quando
597 3022 718 3063 aliquid
736 3022 811 3053 dicit
824 3029 860 3053 ut
875 3023 1039 3054 conforme
1060 3025 1162 3054 rebus.
1180 3025 1355 3065 Nunquam

288 3071 395 3096 autem
419 3066 494 3096 dicit
515 3066 635 3107 aliquid
653 3073 689 3097 ut
708 3067 874 3097 conforme
896 3068 947 3099 vel
970 3068 1113 3099 difforme
1137 3068 1190 3104 rei,
1213 3068 1354 3109 quandiu

287 3109 528 3150 incomplexum
549 3111 681 3151 aliquod
705 3110 795 3142 dicit:
821 3111 956 3142 dicendo
982 3113 1067 3143 enim
1089 3113 1182 3143 homo
1207 3119 1261 3143 aut
1284 3122 1355 3143 cen-

287 3159 404 3184 taurus
433 3161 487 3184 aut
510 3164 662 3193 vacuum,
694 3155 774 3185 nihil
797 3155 868 3185 dico
893 3162 928 3186 ut
951 3156 1115 3187 conforme
1138 3157 1189 3187 vel
1211 3156 1355 3187 difforme

288 3197 332 3228 rei
356 3197 459 3228 alicui.
483 3198 545 3228 Sed
569 3209 643 3230 cum
667 3199 771 3240 primo
796 3199 870 3230 dicit
891 3200 984 3230 homo
1008 3206 1065 3238 est,
1086 3200 1206 3242 aliquid
1230 3201 1304 3231 dicit
1320 3207 1356 3231 ut

289 3241 454 3272 conforme
469 3241 519 3272 vel
535 3242 680 3274 difforme
694 3243 752 3274 rei:
778 3243 933 3284 quoniam
948 3244 1023 3275 dicit
1039 3241 1161 3286 aliquid
1177 3244 1354 3285 significans

288 3285 455 3316 hominem
471 3295 547 3323 esse,
568 3293 604 3318 ut
626 3288 664 3318 de
688 3298 721 3318 se
744 3294 838 3328 patet.
864 3288 906 3318 Et
927 3288 1030 3319 simile
1054 3295 1100 3319 est
1123 3289 1162 3319 de
1186 3289 1308 3319 credere
1326 3296 1356 3319 et

289 3339 491 3370 cognoscere.
516 3329 716 3370 Cognoscere
743 3332 839 3372 igitur
862 3332 1117 3363 conformitatem
1140 3333 1188 3363 sui
1213 3333 1253 3363 ad
1275 3343 1354 3369 rem,

289 3374 367 3404 nihil
390 3373 476 3404 aliud
500 3380 546 3404 est
568 3384 666 3415 quam
689 3386 878 3416 cognoscere
902 3376 1023 3417 aliquid
1039 3376 1072 3406 in
1092 3387 1124 3407 se
1134 3379 1175 3407 'ut
1189 3377 1354 3408 conforme

289 3418 342 3449 rei.
371 3418 443 3448 Hoc
466 3424 573 3448 autem
596 3419 675 3450 nihil
703 3420 789 3451 aliud
813 3427 859 3451 est
882 3431 980 3462 quam
1004 3421 1238 3461 apprehendere
1268 3431 1354 3452 com—

433 3664 542 3688 Semnan:
561 3663 661 3687 Timor.
681 3663 712 3688 D.
726 3664 839 3688 Tnonar:
858 3665 890 3689 T.
904 3665 922 3690 1.

2396 263 2471 299 209

1406 328 1537 367 plexum
1558 328 1707 368 aliquod:
1734 329 1999 368 apprehendendo
2024 330 2108 360 enim
2130 330 2163 371 ly
2186 331 2278 361 homo
2293 337 2349 368 est,
2367 341 2475 371 appre-

1406 371 1512 402 hendo
1537 372 1657 413 aliquid
1681 379 1717 403 ut
1740 373 1914 404 conforme.

1461 416 1496 445 111
1519 416 1705 456 proposito,
1734 426 1800 446 non
1833 418 1968 448 sumitur
1999 428 2187 458 cognoscere
2219 418 2475 450 conformitatem

1406 459 1510 500 primo
1539 460 1654 497 modo,
1681 467 1717 491 ut
1741 461 1944 501 superficialis
1967 462 2021 492 illa
2045 462 2199 502 expositio
2224 463 2342 503 accepit
2357 461 2391 499 *,
2421 464 2474 494 sed

1407 505 1558 535 secundo.
1583 505 1624 535 Et
1646 512 1813 545 propterea
1835 505 1868 535 in
1891 506 1992 536 littera
2010 507 2161 546 probatur
2177 508 2266 547 quod
2286 517 2474 547 cognoscere

1407 548 1456 578 sui
1471 548 1728 579 conformitatem
1744 549 1783 579 ad
1795 559 1872 586 rem,
1889 556 1935 580 est
1958 550 2123 590 proprium
2139 551 2315 582 intellectus
2339 562 2472 591 compo-

1407 593 1510 623 nentis
1528 600 1557 623 et
1581 593 1756 630 dividentis,
1773 603 1810 623 ex
1832 604 1870 624 eo
1887 594 1976 634 quod
2000 595 2175 625 enuntiatio
2191 595 2295 625 omnis
2318 596 2410 636 ponit
2424 596 2474 626 vel

1407 643 1550 667 removet
1572 637 1692 678 aliquid
1717 648 1735 667 a
1755 637 1906 668 subiecto.
1925 638 1957 669 Si
1981 638 2066 668 enim
2091 648 2279 678 cognoscere
2303 640 2474 670 conformi-

1407 687 1504 712 tatem
1521 681 1569 711 sui
1586 682 1626 711 ad
1649 691 1725 718 rem,
1744 688 1790 712 est
1814 692 2003 722 cognoscere
2019 682 2138 722 aliquid
2161 682 2194 713 in
2210 693 2242 713 se
2258 690 2294 714 ut
2310 684 2474 714 conforme

1407 725 1450 756 rei
1459 734 1466 762 ;
1492 733 1522 756 et
1539 735 1706 766 nunquam
1721 726 1923 766 cognoscitur
1938 726 2056 767 aliquid
2072 726 2105 756 in
2121 737 2153 757 se
2170 734 2206 757 ut
2226 728 2399 764 conforme,
2415 728 2474 758 nisi

1408 780 1482 800 cum
1495 770 1696 809 cognoscitur
1712 770 1897 806 enuntiatio,
1910 780 2008 811 quarn
2025 777 2147 801 constat
2159 781 2225 802 esse
2237 772 2270 801 in
2282 772 2473 808 enuntiante,

1408 820 1437 844 et
1461 814 1718 844 conformitatem
1740 814 1791 844 vel
1821 814 2057 845 difformitatem
2088 815 2132 844 ad'
2157 825 2223 845 rem
2246 813 2262 830 *
2285 816 2473 856 importare;

1407 865 1534 898 oportet
1549 859 1638 898 quod
1662 858 1749 888 solus
1765 858 1942 890 intellectus
1966 858 2132 889 enuntians
2148 867 2317 899 cognoscat
2340 870 2375 890 ac
2395 860 2476 891 dicat

1408 902 1574 933 conforme
1588 902 1638 932 vel
1662 902 1807 933 difforme
1821 909 1857 933 ut
1873 903 1925 934 sic.
1950 903 1992 933 Et
2008 903 2083 943 quia
2097 903 2160 933 hoc
2183 904 2289 934 solum
2306 911 2352 935 est
2375 904 2476 934 dicere

1408 953 1438 977 et
1462 956 1650 986 cognoscere
1666 956 1778 977 verum
1801 947 1834 977 in
1858 954 1928 977 actu
1950 947 2094 983 exercito,
2110 947 2183 977 ideo
2198 948 2286 978 solus
2300 948 2476 979 intellectus

1390 1001 1606 1031 ·componens
1623 997 1653 1021 et
1677 991 1818 1021 dividens
1835 991 1999 1031 cognoscit
2023 998 2053 1022 et
2076 991 2151 1022 dicit
2165 1001 2289 1028 verum3
2311 999 2342 1023 et
2364 1002 2476 1023 verum

1407 1035 1439 1064 in
1464 1042 1534 1066 actu
1559 1035 1693 1066 exercito
1717 1042 1763 1066 est
1779 1035 1811 1065 in
1836 1036 1907 1066 solo
1930 1035 2091 1066 intellectu
2107 1043 2320 1076 componente
2344 1043 2375 1067 et
2398 1037 2475 1067 divi-

1408 1079 1510 1115 dente,
1528 1086 1564 1109 ut
1580 1079 1743 1119 cognitum
1768 1087 1797 1111 et
1814 1080 1934 1110 dictum
1949 1080 1983 1110 in
1999 1086 2209 1119 cognoscente
2233 1087 2263 1111 et
2282 1081 2413 1111 dicente.
2431 1081 2476 1111 Ita

1408 1123 1494 1153 enirn
1510 1123 1769 1163 distinguendum
1786 1131 1832 1154 est
1856 1125 1893 1154 de
1918 1124 2098 1164 cognitione
2113 1124 2178 1154 veri
2193 1124 2226 1154 in
2249 1131 2320 1155 actu
2341 1125 2474 1156 exercito

1409 1174 1439 1198 et
1453 1167 1586 1207 signam,
1603 1168 1685 1198 sicut
1709 1168 1746 1198 de
1770 1168 1944 1208 praedictis.
1970 1169 2077 1205 Quam
2101 1168 2336 1199 distinctionem
2359 1169 2384 1199 si
2408 1179 2474 1200 non

1409 1211 1503 1251 capis,
1528 1221 1564 1241 ex
1589 1212 1788 1243 distinctione
1811 1212 1879 1248 hac,
1905 1213 2012 1253 quoad
2036 1212 2306 1252 significationem,
2324 1214 2475 1254 percipiet

1409 1255 1503 1286 etiam
1519 1255 1659 1287 novitius
1683 1256 1823 1296 quilibet.
1842 1256 2021 1296 Significare
2045 1257 2130 1287 enim
2148 1267 2269 1293 verum,
2287 1265 2322 1288 ut
2341 1257 2374 1287 in
2395 1258 2476 1297 logi-

1409 1299 1527 1330 calibus
1551 1299 1810 1330 instructionibus
1825 1301 1966 1336 habetur,
1985 1300 2149 1340 dupliciter
2164 1301 2335 1332 invenitur:
2360 1302 2476 1333 scilicet

1408 1343 1441 1373 in
1459 1350 1530 1374 actu
1546 1344 1690 1380 exercito,
1708 1351 1738 1374 et
1753 1344 1885 1384 signato.
1910 1345 1994 1375 Nam
2008 1345 2041 1385 ly
2058 1355 2168 1376 verum
2185 1344 2337 1385 significat
2351 1356 2475 1382 verum,

1409 1388 1463 1418 sed
1480 1398 1546 1418 non
1571 1395 1691 1418 exercet
1713 1388 1834 1428 ipsum:
1852 1389 1907 1419 sed
1926 1389 1958 1429 ly
1974 1389 2067 1419 homo
2087 1394 2133 1419 est
2148 1389 2233 1429 bipes
2251 1389 2405 1429 significat
2422 1400 2475 1420 ve-

1408 1442 1490 1468 rum,
1509 1432 1584 1472 quia
1607 1438 1727 1463 exercet
1748 1433 1851 1473 ipsam
1873 1432 2044 1464 veritatem.
2069 1434 2111 1464 Et
2132 1434 2164 1474 ly
2187 1434 2280 1464 homo
2304 1439 2351 1464 est
2368 1434 2476 1464 alatus

1409 1476 1562 1516 significat
1589 1476 1706 1507 falsum
1729 1477 1762 1506 in
1786 1484 1856 1507 actu
1887 1477 2039 1514 exercito,
2065 1484 2121 1508 etc.
2152 1477 2193 1508 Et
2216 1485 2382 1518 propterea
2405 1478 2438 1508 in
2462 1479 2474 1508 1

1408 1521 1583 1551 Periherm.
1601 1521 1618 1539 *
1642 1521 1754 1551 dicitur
1777 1522 1866 1562 quod
1896 1521 2070 1552 enuntiatio
2102 1528 2147 1552 est
2175 1522 2275 1552 oratio
2299 1522 2475 1562 significans

1408 1575 1520 1596 verum
1542 1565 1592 1595 vel
1615 1565 1750 1601 falsum,
1780 1565 1896 1596 scilicet
1919 1566 1951 1595 in
1975 1573 2046 1597 actu
2078 1566 2228 1602 exercito;
2253 1567 2342 1607 quod
2365 1574 2411 1598 est
2434 1567 2474 1597 si-

1408 1609 1555 1650 gnificare
1580 1609 1744 1640 conforme
1768 1610 1811 1639 rei
1835 1609 1885 1639 vel
1909 1609 2054 1640 difforme
2077 1616 2112 1641 ut
2136 1610 2188 1641 sic.

1463 1654 1530 1685 VII.
1556 1654 1603 1684 Ex
1625 1653 1673 1684 his
1697 1661 1804 1684 autem
1834 1661 1920 1694 patet
1947 1660 2115 1695 quartum,
2141 1654 2230 1695 quod
2253 1655 2476 1686 obscuritatem

2500 467 2511 478 ⁸
2526 467 2561 489 Cf.
2580 473 2645 490 num.
2661 474 2696 491 111.

2500 815 2510 826 ⁸
2525 815 2559 836 ad
2573 821 2622 837 rem
2637 816 2714 839 omitt.

2502 841 2554 863 edd.
2570 842 2630 869 1508,
2645 849 2700 870 ¹514·

2503 1527 2512 1537 ·
2523 1525 2579 1553 Cap.
2589 1532 2618 1553 iv,
2634 1531 2656 1547 11.
2665 1533 2689 1553 4.

1408 1708 1559 1738 magnam
1574 1698 1607 1728 in
1621 1698 1680 1728 hac
1700 1698 1830 1729 materia
1846 1698 1946 1738 ponit,
1965 1699 2081 1729 scilicet
2104 1699 2192 1739 quod
2209 1701 2327 1730 veritas
2343 1705 2389 1730 est
2404 1709 2476 1730 con·
2514 1698 2521 1703 ⁴

1399 1742 1559 1783 formitas
1573 1743 1751 1773 intellectus
1767 1748 1797 1773 et
1812 1744 1870 1773 rei.
1894 1743 1967 1773 Hoc
1982 1743 2067 1773 enim
2086 1750 2190 1783 potest
2212 1743 2342 1784 intelligi
2362 1744 2400 1774 de
2423 1754 2476 1774 ve-

1408 1787 1497 1818 ritate
1514 1787 1567 1823 rei,
1580 1787 1631 1817 vel
1647 1787 1685 1817 de
1697 1787 1825 1818 veritate
1840 1787 1993 1818 absolute.
2005 1788 2045 1818 Et
2057 1788 2161 1828 primo
2178 1788 2278 1818 modo
2296 1795 2342 1818 est
2356 1787 2476 1828 optime

1409 1831 1548 1862 dictum:
1573 1831 1727 1872 quoniam
1750 1831 1863 1862 veritas
1880 1841 1943 1872 qua
1967 1832 2072 1862 omnis
2096 1842 2144 1862 res
2167 1832 2200 1861 in
2224 1842 2283 1862 suo
2307 1833 2405 1872 gradu
2431 1842 2475 1862 es-

1409 1875 1497 1906 sendi
1515 1875 1628 1906 dicitur
1650 1885 1732 1912 vera,
1751 1875 1815 1906 sive
1832 1883 2002 1915 cognoscat
2018 1876 2081 1906 sive
2104 1886 2180 1912 non,
2199 1876 2340 1911 consistit
2356 1877 2389 1906 111
2405 1886 2476 1906 0011-

1409 1919 1568 1951 formitate
1592 1920 1710 1950 horum
1733 1920 1882 1956 duorum,
1905 1927 1941 1950 ut
1963 1927 2049 1960 patet
2072 1931 2108 1950 ex
2131 1921 2233 1951 littera
2254 1920 2313 1951 hac
2337 1927 2367 1951 et
2389 1930 2475 1960 prae-

1409 1964 1547 1995 cedente.
1572 1964 1719 1994 Secundo
1744 1971 1850 1994 autem
1878 1964 1989 2000 modo,
2014 1971 2050 1995 ut
2073 1964 2174 2004 prima
2198 1964 2300 1995 fronte
2324 1971 2473 2005 apparet,

1410 2015 1455 2039 est
1472 2009 1550 2038 bene
1574 2008 1704 2045 dictum,
1723 2009 1777 2038 sed
1800 2008 2026 2048 particulariter
2041 2009 2298 2049 intelligendum:
2319 2009 2394 2049 quia
2409 2019 2476 2038 non

1410 2052 1615 2083 conformitas
1639 2053 1868 2093 cuiuscumque
1896 2052 2087 2090 intellectus,
2112 2054 2167 2083 sed
2189 2053 2365 2084 intellectus
2390 2063 2475 2083 com-

1409 2097 1492 2137 plexi
1515 2103 1649 2133 tantum,
1671 2104 1717 2128 est
1731 2097 1852 2132 veritaS,
1869 2104 1905 2127 ut
1923 2104 2008 2137 patet
2032 2107 2068 2127 ex
2092 2097 2181 2128 dictis
2196 2097 2223 2128 *.
2248 2097 2309 2128 Sed
2333 2097 2358 2127 si
2383 2097 2475 2128 altius

1410 2140 1628 2171 definitionem
1658 2141 1739 2172 hanc
1762 2141 1946 2181 perscrutati
1970 2141 2139 2178 fuerimus,
2166 2141 2364 2172 inveniemus
2387 2142 2476 2182 quod

1409 2185 1625 2215 universaliter
1642 2191 1672 2216 et
1686 2185 1811 2225 proprie
1830 2185 2003 2226 loquendo,
2021 2185 2097 2216 haec
2117 2185 2257 2216 definitio
2278 2185 2337 2216 soli
2355 2185 2476 2216 veritati

1411 2229 1555 2259 absolute
1579 2230 1739 2265 convenit;
1765 2237 1794 2260 et
1814 2239 1880 2259 non
1902 2229 2023 2260 veritati
2044 2230 2097 2266 rei,
2115 2230 2174 2260 nisi
2199 2229 2363 2260 extensive.
2390 2229 2475 2260 Con-

1410 2273 1553 2304 formitas
1577 2273 1663 2303 enim
1686 2273 1862 2304 intellectus
1887 2274 1926 2304 ad
1950 2284 2031 2310 rem,
2057 2274 2222 2314 dupliciter
2246 2281 2351 2314 potest
2373 2274 2406 2304 in
2429 2274 2476 2303 in-

1410 2317 1535 2348 tellectu
1552 2317 1701 2348 inveniri:
1719 2328 1785 2348 uno
1809 2318 1909 2348 modo
1926 2328 1982 2358 per
1997 2318 2150 2355 accidens,
2166 2318 2228 2348 alio
2245 2318 2345 2348 modo
2363 2328 2418 2359 per
2433 2328 2475 2349 se.

1410 2362 1497 2392 Nulli
1522 2362 1608 2392 enim
1631 2362 1803 2393 intellectui
1826 2362 2028 2402 incomplexo
2052 2370 2088 2393 ut
2111 2363 2167 2399 sic,
2194 2362 2340 2393 convenit
2362 2372 2418 2402 per
2441 2372 2473 2392 se

1411 2406 1616 2437 conformitas
1641 2407 1680 2436 ad
1703 2415 1787 2437 rem:
1813 2406 1887 2447 quia
1910 2406 2148 2446 incomplexum
2172 2413 2208 2437 ut
2226 2407 2278 2443 sic,
2299 2413 2477 2446 respectum

1410 2450 1536 2481 nullum
1556 2450 1751 2491 aequalitatis
1775 2458 1830 2481 aut
1846 2451 2074 2491 inaequalitatis
2091 2451 2129 2480 ad
2154 2451 2287 2481 alterum
2311 2457 2430 2481 exercet
2443 2450 2473 2487 *,

1410 2494 1556 2535 quamvis
1581 2494 1661 2525 forte
1686 2495 1898 2534 adaequatum
1922 2495 2008 2525 alteri
2033 2495 2071 2524 de
2095 2494 2177 2525 facto
2202 2495 2250 2530 sit,
2275 2501 2311 2525 ut
2326 2501 2411 2534 patet
2429 2494 2475 2524 in-

1411 2539 1545 2569 ductive.
1570 2538 1747 2578 Complexa
1777 2545 1884 2569 autem
1908 2539 2083 2577 enuntiatio
2113 2539 2258 2569 mentalis
2287 2539 2392 2569 omnis
2421 2549 2476 2579 per

1410 2593 1442 2613 se
1472 2590 1591 2613 exercet
1605 2582 1633 2619 θ’,
1655 2583 1688 2612 111
1712 2583 1840 2622 propria
1862 2583 1993 2619 ratione,
2018 2583 2108 2623 quod
2130 2583 2170 2613 sit
2193 2583 2331 2623 aequalis
2347 2589 2377 2613 et
2391 2583 2475 2613 inae·
2502 2591 2512 2601 ⁸

1410 2627 1512 2667 qualis
1541 2627 1720 2657 enuntiatae
1742 2626 1802 2657 rei:
1828 2626 1981 2667 quoniam
2005 2627 2208 2657 essentialiter
2232 2634 2278 2658 est
2301 2627 2475 2657 similitudo

1410 2671 1499 2712 quod
1514 2671 1576 2701 hoc
1592 2671 1666 2701 insit
1688 2671 1738 2701 vel
1761 2681 1827 2701 non
1850 2671 1924 2702 insit
1946 2671 2007 2707 illi;
2033 2678 2062 2702 et
2086 2671 2112 2701 si
2135 2671 2265 2712 quidem
2283 2671 2364 2702 inest
2387 2672 2476 2712 quod

1409 2722 1620 2755 repraesentat
1639 2715 1750 2751 inesse,
1771 2714 1945 2745 conformis
1961 2715 2088 2752 dicitur,
2113 2715 2161 2745 sin
2176 2721 2293 2752 autem,
2311 2715 2473 2746 difformis.

1411 2759 1496 2790 Cum
1519 2759 1613 2799 igitur
1636 2759 1749 2799 aliquis
1777 2759 1953 2790 intellectus
1977 2759 2016 2790 sit
2040 2770 2077 2790 ex
2099 2759 2228 2800 propria
2250 2760 2371 2790 ratione
2395 2770 2470 2790 con-

1410 2803 1521 2834 formis
1545 2810 1600 2834 aut
1623 2803 1794 2839 difformis;
1827 2809 1857 2834 et
1885 2804 1923 2834 de
1950 2803 2072 2834 ratione
2101 2804 2238 2834 veritatis
2269 2805 2412 2834 absolute
2436 2804 2475 2834 sit

1411 2847 1615 2878 conformitas
1645 2847 1837 2884 intellectus;
1870 2855 2118 2878 consentaneum
2143 2855 2188 2878 est
2211 2848 2300 2888 quod
2323 2849 2362 2878 de
2384 2848 2474 2878 intel-

1410 2892 1492 2922 lectu
1510 2891 1560 2922 cui
1576 2901 1632 2931 per
1646 2901 1679 2921 se
1702 2891 1850 2922 convenit
1874 2892 2089 2929 conformitas,
2115 2899 2160 2923 est
2183 2902 2297 2923 sermo.
2322 2893 2367 2922 Ita
2386 2892 2474 2932 quod

1410 2946 1520 2966 sensus
1544 2943 1606 2966 ost:
1631 2935 1742 2966 veritas
1762 2943 1808 2966 est
1831 2935 2037 2967 conformitas
2053 2937 2229 2967 intellectus
2254 2943 2283 2966 et
2305 2936 2359 2972 rei,
2376 2935 2472 2966 idest:

1409 2980 1521 3010 veritas
1541 2986 1587 3010 est
1605 2979 1780 3010 intellectus
1800 2990 1856 3020 per
1875 2990 1907 3010 se
1923 2980 2096 3011 conformis
2111 2980 2169 3016 rei;
2193 2980 2252 3016 vel,
2270 2979 2474 3010 conformitas

1410 3024 1584 3055 intellectus
1608 3034 1664 3063 per
1686 3034 1719 3054 se
1743 3024 1874 3055 subiecti
1902 3024 2149 3055 conformitatis:
2180 3031 2215 3054 ut
2238 3024 2281 3054 sic
2308 3024 2341 3054 in
2366 3022 2473 3053 defini-

1409 3069 1496 3099 tione
1512 3068 1647 3098 veritatis
1671 3075 1809 3107 ponatur
1831 3068 2008 3099 intellectus
2031 3075 2185 3108 tanquam
2208 3068 2385 3098 subiectum
2406 3077 2472 3097 non

1410 3123 1466 3153 per
1485 3112 1636 3148 accidens,
1661 3112 1716 3142 sed
1739 3122 1795 3153 per
1818 3122 1860 3143 se.
1885 3112 1972 3143 Talis
1996 3120 2103 3143 autem
2127 3119 2173 3142 est
2194 3112 2370 3142 intellectus
2387 3121 2473 3142 com-

1410 3166 1542 3198 ponens,
1568 3162 1604 3187 ut
1627 3156 1747 3186 dictum
1771 3163 1817 3187 est
1832 3157 1858 3187 *.
1883 3157 1976 3187 Unde
1999 3155 2193 3192 Aristoteles,
2219 3157 2261 3187 IV
2276 3156 2472 3196 Metaphys„

1410 3207 1482 3231 text.
1503 3211 1541 3242 27
1558 3200 1584 3237 *,
1609 3199 1750 3231 definivit
1763 3211 1875 3231 verum
1891 3207 1921 3231 et
1937 3201 2053 3231 falsum
2068 3210 2124 3241 per
2143 3199 2342 3236 enuntiabile,
2368 3200 2473 3230 dicens
2500 3206 2509 3214 ¹

1410 3245 1500 3286 quod
1523 3254 1632 3276 verum
1658 3250 1704 3275 est
1734 3255 1790 3275 ens
1822 3255 1889 3275 esse
1912 3250 1942 3275 et
1965 3255 2028 3275 non
2053 3254 2108 3275 ens
2140 3254 2201 3274 non
2233 3254 2318 3282 esse,
2340 3243 2471 3285 falsum

1409 3294 1527 3326 autem,
1554 3298 1609 3319 ens
1633 3298 1695 3319 non
1721 3298 1788 3320 esse
1811 3295 1842 3320 et
1863 3299 1926 3319 non
1944 3299 1999 3319 ens
2014 3298 2090 3320 esse.
2117 3289 2161 3318 Ita
2177 3289 2264 3329 quod
2282 3287 2473 3318 enuntiabile

1410 3332 1518 3363 definit
1536 3343 1657 3369 verum,
1683 3339 1713 3363 et
1735 3343 1847 3363 verum
1870 3333 2136 3363 enuntiationem:
2162 3339 2197 3362 ut
2220 3332 2403 3363 ostendatur
2420 3342 2472 3362 ve-

1410 3387 1481 3408 rum
1505 3376 1631 3417 proprie
1654 3377 1687 3407 in
1717 3377 1813 3407 huius
1841 3376 2073 3418 compositione
2105 3383 2229 3407 tantum
2258 3376 2409 3412 inveniri,
2438 3383 2474 3406 ut

1410 3431 1522 3452 verum
1545 3421 1685 3452 exercite.

2298 3674 2329 3698 27

2501 2106 2511 2117 ⁸
2528 2106 2598 2128 Num.
2611 2112 2688 2134 praec.

2503 2460 2512 2468 ‘
2536 2459 2635 2480 includit
2662 2459 2715 2481 edd,

2503 2485 2564 2513 1508,
2581 2492 2634 2513 1514.

2541 2590 2632 2612 claudit
2662 2591 2717 2613 edd.

2502 2618 2562 2644 1508,
2579 2623 2632 2644 ¹514·

2500 3166 2509 3175 ·
2525 3165 2585 3186 Ibid.

2526 3204 2558 3226 Ca
2580 3221 2585 3226 .
2595 3211 2627 3226 111.
2640 3216 2650 3220 -
2660 3205 2715 3227 Did.

2499 3231 2561 3253 lib.1
2589 3248 2595 3258 ‚
2612 3237 2662 3259 cap.
2673 3238 2715 3258 vn,

2500 3263 2524 3279 n.
2539 3263 2555 3278 1.
