2768 4178
30 672 42 683 ⁶
56 670 92 693 ef.
106 676 171 692 num.
185 676 208 691 v.

37 3229 46 3239 ”
62 3227 99 3250 ef.
113 3233 178 3250 num.
193 3232 235 3248 vn.

37 3361 47 3371 '
54 3359 76 3382 11
85 3359 159 3387 Sext„
169 3359 224 3381 dist.
232 3365 248 3386 ι,

37 3392 79 3415 qu-
92 3392 116 3408 v.

933 276 1200 323 QUAESTIO
1230 275 1407 321 xxvm,
1437 276 1732 313 ARTICULUS
1762 277 1794 312 11
1831 254 1834 259 ’

268 358 462 399 positionem
485 367 523 387 ex
539 356 649 387 eadem
673 356 783 387 radice.
800 355 940 386 Primam
963 355 1103 395 quidem,
1119 354 1194 395 quia
1218 364 1254 384 ex
1268 363 1335 393 quo

269 413 335 433 non
351 402 492 442 implicat
519 400 799 431 contradictionem
819 399 1064 429 fundamentum
1087 407 1247 429 remanere
1268 398 1336 427 abs-

269 456 333 487 que
356 445 516 481 relatione,
534 444 676 485 sequitur
699 444 788 484 quod
812 449 885 473 sunt
904 443 985 473 duae
1009 452 1072 473 res:
1093 442 1235 482 implicat
1250 441 1335 471 enirn

269 500 369 521 unam
392 496 423 520 et
445 489 579 519 eandem
601 498 670 518 rem
697 487 793 518 simul
816 496 882 517 esse
905 493 936 516 et
959 497 1025 517 non
1049 496 1124 517 esse.
1157 486 1335 516 Secundam

269 544 361 570 vero,
387 543 424 564 ex
447 532 613 573 opposito:
638 531 713 572 quia
736 540 773 561 ex
796 540 862 571 quo
885 530 1027 569 implicat
1055 529 1337 560 contradictionem

271 578 518 609 fundamentum
530 585 597 606 esse
609 575 676 605 sine
688 575 849 609 relatione,
861 573 1003 614 sequitur
1013 575 1103 614 quod
1115 580 1189 604 sunt
1201 583 1264 603 una
1276 583 1334 602 res.

323 622 406 653 VIII.
423 620 544 660 Opinio
567 629 643 649 vero
667 619 774 649 dicens
797 617 982 648 relationem
998 627 1129 648 omnem
1152 617 1268 647 realem
1292 616 1336 646 di-

271 666 388 706 stingui
410 664 533 695 realiter
548 673 566 693 a
581 662 789 693 fundamento
805 661 833 697 *,
858 669 905 693 est
927 662 993 692 sine
1017 661 1115 692 dubio
1139 671 1162 691 s.
1179 661 1336 696 Thomae,

271 709 417 750 quamvis
440 707 534 738 multi
557 706 743 737 Thomistae
775 706 882 745 ipsum
906 715 972 735 non
998 705 1219 736 intellexerint:
1244 704 1336 734 habe-

271 761 387 794 turque
413 750 578 782 manifeste
600 756 631 780 et
653 759 692 781 ex
713 749 951 780 auctoritatibus
974 749 1059 786 eius,
1084 756 1114 779 et
1137 748 1279 789 sequitur
1301 758 1338 778 ex

271 795 544 838 propositionibus
561 793 636 824 suis.
656 793 822 824 Manifeste
837 793 995 834 siquidem
1010 793 1043 823 in
1058 793 1117 824 hac
1130 793 1231 824 littera
1247 792 1339 832 ponit

272 839 478 871 differentiam
493 838 575 868 inter
587 837 774 868 relationem
796 837 830 867 in
845 837 992 868 creaturis
1008 844 1038 868 et
1051 837 1084 867 in
1102 836 1214 867 divinis
1230 836 1337 876 quoad

271 884 343 920 hoc,
359 884 448 924 quod
464 882 498 912 in
512 881 660 912 creaturis
682 881 715 911 id
730 881 820 921 quod
842 881 1000 911 invenitur
1015 889 1136 921 praeter
1152 887 1337 911 contentum

273 929 332 959 sub
356 925 583 967 significatione
606 925 746 955 nominis
769 925 907 961 relativi,
930 933 976 956 est
1003 925 1063 955 alia
1086 935 1144 961 res,
1168 925 1201 955 in
1225 924 1337 954 divinis

272 978 380 1002 autem
403 978 449 1002 est
473 970 600 1000 eadem:
625 975 747 1000 constat
769 976 877 999 autem
896 969 985 1010 quod
1008 969 1253 999 fundamentum
1272 977 1338 998 non

273 1015 452 1046 continetur
474 1015 533 1044 sub
557 1012 782 1054 significatione
806 1013 945 1043 nominis
968 1013 1096 1044 relativi.

328 1060 494 1090 Habentur
516 1067 647 1098 quoque
670 1057 906 1098 propositiones
934 1057 1127 1087 indubitatae
1154 1056 1240 1097 apud
1263 1065 1338 1086 eum

273 1111 345 1136 tres.
377 1104 482 1134 Prima
505 1109 568 1138 est,
596 1101 686 1142 quod
713 1101 800 1132 nulla
831 1101 1004 1131 substantia
1033 1101 1066 1131 in
1098 1110 1211 1140 genere
1234 1106 1339 1140 potest

273 1149 360 1179 idem
382 1158 448 1178 esse
471 1146 593 1177 realiter
606 1145 695 1186 quod
711 1145 830 1181 relatio,
846 1152 882 1175 ut
895 1151 981 1185 patet
995 1144 1028 1174 in
1045 1145 1106 1185 Qq.
1127 1144 1166 1174 de
1180 1144 1336 1180 Potentia,

274 1203 328 1234 qu.
345 1202 417 1228 vm,
441 1198 498 1222 art.
517 1200 545 1226 2,
570 1189 610 1220 ad
630 1200 655 1220 1.
679 1207 699 1211 -
722 1189 867 1220 Secunda
889 1196 953 1220 est:
977 1188 1094 1229 Aliqua
1117 1187 1226 1218 relatio
1249 1187 1339 1217 realis

274 1237 426 1268 fundatur
447 1233 628 1266 immediate
650 1233 684 1263 in
707 1243 739 1263 re
762 1243 843 1274 quae
867 1239 914 1263 est
937 1231 1124 1267 substantia,
1149 1238 1184 1262 ut
1207 1237 1292 1271 patet
1305 1230 1338 1260 in

274 1281 407 1317 artieulo
417 1277 653 1320 praecedente*
672 1277 710 1307 de
726 1276 930 1307 relationibus
948 1275 1162 1306 similitudinis
1181 1284 1236 1305 seu
1252 1274 1339 1304 iden-

240 1329 247 1336 “
275 1319 371 1356 titatis
389 1317 567 1365 specificae;
586 1322 630 1352 ita
644 1321 733 1362 quod
747 1319 878 1350 inficiari
893 1329 959 1350 non
975 1326 1088 1360 potest.
1106 1319 1194 1349 Patet
1209 1327 1339 1359 quoque

215 1391 222 1398 -
242 1391 248 1397 .
276 1379 313 1400 ex
335 1368 487 1399 relatione
511 1365 676 1398 creationis
699 1364 849 1404 passivae,
874 1364 913 1394 de
927 1373 991 1404 qua
1014 1363 1047 1393 in
1071 1372 1130 1393 suo
1153 1363 1226 1392 loco
1242 1362 1260 1380 *
1283 1362 1341 1392 erit

275 1420 396 1444 sermo:
412 1418 535 1442 constat
549 1409 635 1440 enim
647 1418 718 1439 eam
729 1417 824 1447 supra
836 1407 1045 1438 substantiam
1058 1406 1193 1437 fundari.
1202 1423 1221 1428 —
1233 1406 1340 1436 Tertia

275 1464 396 1494 autem,
418 1465 501 1497 quae
523 1465 561 1485 ex
582 1453 649 1484 istis
672 1451 836 1482 manifeste
852 1451 1004 1492 sequitur,
1022 1457 1068 1481 est
1083 1450 1172 1492 quod
1194 1449 1228 1479 in
1250 1450 1340 1480 reali-

275 1502 336 1532 bus
358 1499 562 1531 relationibus
585 1503 808 1531 creaturarum,
828 1495 994 1529 relationes
1017 1495 1126 1525 insunt
1149 1494 1339 1530 substantiis,

275 1551 308 1576 et
321 1542 588 1584 compositionem
607 1540 726 1571 faciunt
749 1539 916 1570 accidentis
935 1539 974 1569 ad
993 1539 1185 1574 subiectum;
1205 1544 1240 1568 ut
1255 1545 1341 1578 patet

274 1591 309 1621 in
332 1588 344 1618 1
368 1587 467 1624 Seni„
485 1583 555 1616 dist.
571 1594 676 1621 xxxm,
699 1593 752 1624 qu.
769 1594 790 1619 1,
808 1590 864 1614 art.
887 1594 912 1619 1,
927 1582 960 1613 in
984 1583 1067 1613 calce
1091 1581 1240 1622 corporis.
1258 1599 1278 1604 —
1293 1582 1341 1612 Ex

274 1633 324 1665 his
339 1631 424 1662 enim
440 1629 605 1661 manifeste
628 1628 771 1669 sequitur
793 1627 882 1668 quod
905 1627 1011 1657 omnis
1034 1626 1143 1658 relatio
1163 1625 1253 1656 realis
1269 1626 1340 1656 fun-

275 1678 348 1709 data
369 1674 551 1705 immediate
574 1673 607 1703 in
640 1671 830 1707 substantia,
857 1671 1059 1711 distinguitur
1081 1670 1204 1701 realiter
1226 1680 1244 1700 a
1268 1670 1340 1700 fun-

272 1722 436 1755 dumento,
459 1718 546 1759 apud
568 1728 592 1748 s.
610 1717 783 1747 Thomam.

329 1763 382 1795 IX.
406 1763 453 1794 Ex
475 1762 524 1793 his
547 1768 664 1797 autem,
682 1766 713 1790 et
728 1759 830 1790 radice
849 1759 969 1799 primae
986 1758 1224 1799 propositionis,
1242 1758 1340 1788 dedu-

239 1804 243 1806 ’
275 1810 356 1841 citur
378 1807 438 1838 alia
460 1805 644 1837 universalis
660 1803 856 1844 simpliciter:
877 1802 993 1833 scilicet
1007 1803 1097 1843 quod
1111 1802 1215 1833 omnis
1231 1801 1340 1832 relatio

275 1853 366 1885 realis
388 1852 422 1882 in
438 1849 585 1882 creaturis
599 1847 802 1887 distinguitur
823 1847 946 1877 realiter
960 1857 978 1876 a
993 1846 1211 1877 fundamento.
1236 1846 1340 1876 Habe-

275 1905 328 1929 tur
350 1895 436 1927 enim
459 1905 497 1926 ex
519 1893 577 1929 his,
597 1892 687 1933 quod
709 1891 818 1922 relatio
842 1890 932 1921 realis
955 1890 1085 1920 fundata
1103 1890 1136 1920 in
1156 1889 1338 1925 substantia,

275 1942 371 1972 habet
391 1939 559 1980 proprium
575 1946 642 1968 esse
658 1938 690 1966 in
707 1942 737 1969 et
752 1935 920 1976 proprium
943 1944 1011 1965 esse
1033 1934 1092 1965 ad:
1115 1941 1145 1964 et
1169 1944 1242 1964 cum
1267 1943 1342 1963 con-

274 1992 335 2017 stet
349 1985 440 2026 quod
463 1992 531 2014 esse
553 1982 586 2011 in
606 1987 653 2011 est
671 1980 739 2010 eius
754 1979 883 2011 actualis
907 1978 1076 2014 existentia,
1097 1978 1238 2019 sequitur
1252 1978 1341 2019 quod

273 2039 374 2070 genus
388 2025 661 2068 generalissimum
683 2023 843 2055 relationis
859 2031 905 2055 est
921 2023 1024 2054 forma
1044 2023 1163 2053 habens
1178 2022 1339 2062 propriam

275 2072 486 2105 existentiam:
512 2078 542 2102 et
565 2079 640 2100 cum
663 2078 729 2098 non
752 2078 808 2108 per
826 2068 968 2099 accidens
992 2067 1031 2097 sit
1054 2076 1101 2097 res
1117 2066 1168 2096 cui
1192 2067 1341 2096 debeatur

273 2117 376 2149 inesse
393 2115 561 2159 (quoniam
575 2113 608 2154 ly
626 2112 774 2143 accidens
789 2111 992 2143 essentialiter
1006 2110 1202 2151 praedicatur
1218 2110 1256 2140 de
1275 2107 1338 2150 eo),

275 2170 472 2202 consequens
492 2165 539 2190 est
552 2157 642 2200 quod
665 2154 801 2187 cuilibet
815 2166 874 2187 suo
898 2154 1038 2186 inferiori
1060 2155 1121 2186 hoc
1145 2154 1302 2185 convenit.
1319 2173 1339 2177 —

273 2206 316 2237 Et
338 2203 556 2237 confirmatur:
581 2200 656 2242 quia
679 2200 822 2240 alioquin
852 2210 918 2230 non
941 2198 1170 2239 praedicaretur
1192 2198 1340 2229 accidens

273 2250 306 2281 in
330 2250 436 2291 primo
459 2247 558 2278 modo
582 2244 706 2275 dicendi
723 2254 786 2284 per
808 2254 843 2275 se
865 2244 903 2274 de
927 2243 1067 2284 qualibet
1093 2242 1243 2272 relatione
1265 2252 1339 2272 con-

273 2300 360 2326 tenta
382 2293 441 2324 sub
464 2300 578 2332 genere
600 2288 644 2319 ad
673 2288 804 2329 aliquid.
826 2288 868 2318 Et
898 2294 982 2318 tenet
1009 2286 1150 2327 sequela:
1175 2286 1250 2326 quia
1273 2296 1339 2316 non

274 2338 376 2378 seipsa
405 2335 579 2367 formaliter
609 2339 690 2363 esset
716 2342 765 2363 res
789 2342 826 2362 ex
855 2342 919 2372 qua
942 2331 1052 2362 flueret
1079 2330 1199 2366 inesse,
1224 2330 1279 2360 sed
1303 2340 1339 2360 ex

273 2382 377 2414 forma
399 2378 597 2411 fundamenti
619 2383 754 2407 tantum.
1259 2374 1264 2379 ·

327 2424 428 2457 Radix
449 2430 557 2455 autem
579 2422 700 2463 primae
723 2419 951 2461 propositionis
975 2426 1030 2455 est,
1046 2418 1124 2459 quia
1144 2425 1190 2448 est
1213 2417 1340 2448 definita

273 2471 314 2502 ad
336 2479 440 2501 unum
462 2477 572 2508 genus,
588 2473 619 2497 et
641 2475 698 2506 per
720 2473 917 2505 consequens
941 2463 1115 2494 excluditur
1137 2463 1176 2492 ab
1200 2461 1262 2492 alio
1285 2472 1338 2501 ge-

238 2539 246 2546 .
273 2524 357 2551 nere,
378 2520 414 2544 ut
429 2512 472 2543 ibi
486 2512 504 2531 *
527 2510 649 2541 dicitur.
665 2510 752 2539 Haec
775 2508 861 2539 enim
877 2507 967 2544 ratio,
984 2507 1010 2537 si
1026 2507 1110 2537 bona
1134 2513 1180 2537 est
1202 2515 1237 2536 ac
1252 2505 1336 2536 suffi-

274 2559 369 2594 ciens,
385 2557 478 2587 infert
494 2554 730 2585 distinctionem
748 2562 878 2593 quoque
893 2551 1008 2582 realem
1024 2550 1183 2581 relationis
1203 2560 1221 2580 a
1239 2560 1338 2590 quan-

274 2602 361 2633 titate
384 2608 415 2631 et
437 2599 596 2640 qualitate.
630 2597 765 2637 Oportet
788 2596 873 2627 enim
896 2595 1051 2625 maiorem
1074 2605 1129 2625 seu
1153 2594 1338 2624 antecedens

274 2646 318 2677 sic
333 2646 486 2676 formare:
509 2643 574 2673 Res
590 2641 722 2682 definita
745 2640 788 2670 ad
802 2650 901 2670 unum
916 2649 1031 2680 genus,
1049 2639 1180 2669 realiter
1195 2638 1337 2668 excludi-

275 2696 330 2721 tur
347 2689 388 2720 ab
410 2689 475 2719 alio
497 2695 617 2728 genere
622 2693 635 2722 ;
656 2684 713 2715 sed
735 2684 911 2715 substantia
935 2688 1044 2714 creata
1061 2689 1118 2713 etc.
1137 2683 1179 2713 Et
1197 2682 1338 2712 similiter

241 2759 248 2770 ,
275 2743 376 2775 aeque
397 2742 471 2763 vera
493 2737 540 2762 est
562 2727 781 2768 subsumptio,
800 2728 856 2759 sed
869 2728 1031 2768 quantitas
1054 2732 1084 2757 et
1098 2726 1115 2745 *
1137 2727 1277 2767 qualitas
1291 2731 1337 2756 est

274 2778 405 2820 definita
414 2775 471 2807 'ad
494 2784 592 2806 unum
615 2780 738 2814 genus:
759 2781 844 2812 ergo.
861 2790 881 2794 -
896 2772 953 2803 Est
974 2771 1070 2811 igitur
1091 2781 1182 2801 mens
1204 2781 1228 2800 s.
1246 2770 1335 2800 Tho-

274 2832 362 2858 mae,
386 2819 475 2862 quod
499 2818 603 2850 omnis
626 2816 735 2847 relatio
759 2816 849 2846 realis
867 2814 1110 2856 praedicamenti
1133 2814 1176 2845 ad
1197 2813 1334 2854 aliquid,

275 2865 478 2905 distinguitur
499 2862 621 2894 realiter
644 2871 662 2891 a
685 2860 903 2891 fundamento.

329 2911 369 2941 X.
394 2908 492 2946 Quod
515 2913 622 2937 autem
645 2904 762 2944 positio
795 2904 871 2935 haec
893 2904 993 2944 magis
1017 2909 1170 2933 consonet
1199 2900 1333 2936 veritati,

214 2962 219 2968 ·
240 2978 246 2984 .
275 2965 312 2985 ex
335 2953 477 2984 doctrina
493 2949 677 2985 Aristotelis,
698 2948 754 2978 XII
771 2949 952 2988 Metaphys.
969 2948 995 2984 *,
1021 2946 1167 2987 ponentis
1191 2945 1250 2975 alia
1269 2954 1335 2974 esse

239 3005 245 3015 ’
274 2997 428 3039 principia
451 2994 621 3030 relationis,
646 3000 677 3023 et
699 2991 759 3022 alia
782 2992 938 3033 qualitatis
963 2999 993 3022 et
1015 2991 1150 3021 aliorum
1173 2998 1335 3029 generum,

275 3041 393 3083 percipi
412 3046 532 3081 potest:
557 3045 588 3069 et
603 3049 640 3069 ex
653 3036 773 3067 ratione
790 3037 924 3067 adducta
937 3036 964 3072 *,
989 3035 1104 3067 scilicet
1123 3033 1211 3074 quod
1227 3032 1336 3062 relatio

276 3093 322 3117 est
345 3083 547 3116 essentialiter
570 3082 726 3116 accidens,
752 3087 782 3111 et
805 3086 1032 3120 consequenter
1055 3078 1148 3108 habet
1170 3076 1336 3117 proprium

276 3132 325 3168 in,
350 3135 461 3169 utpote
484 3128 661 3158 secundum
683 3124 845 3165 propriam
869 3124 1051 3154 essentiam:
1076 3129 1106 3153 et
1122 3132 1158 3152 ex
1177 3120 1336 3151 solutione

276 3173 493 3205 obiectionum
516 3171 556 3201 ad
579 3169 774 3211 oppositum.

324 3217 386 3248 XI.
402 3216 453 3247 Ad
476 3215 631 3245 rationem
653 3213 747 3253 igitur
766 3211 851 3243 Scoti
865 3212 883 3231 *
906 3211 1027 3247 dicitur,
1047 3209 1136 3251 quod
1154 3208 1233 3239 falso
1256 3208 1337 3238 inni-

276 3263 352 3294 titur
374 3261 592 3291 fundamento.
617 3258 718 3289 Multa
738 3257 823 3287 enim
846 3262 920 3286 sunt
942 3255 1086 3285 distincta
1108 3253 1238 3288 realiter,
1255 3262 1336 3293 quo-

277 3317 349 3338 rum
372 3314 474 3335 unum
503 3303 644 3342 implicat
673 3300 953 3332 contradictionem
976 3309 1042 3329 esse
1072 3298 1138 3328 sine
1162 3297 1277 3332 alter0;
1302 3302 1338 3326 ut

277 3357 362 3392 patet
378 3349 464 3389 apud
485 3347 594 3387 ipsum
604 3347 621 3366 *
637 3347 676 3377 de
692 3346 832 3387 partibus
848 3343 1063 3375 essentialibus
1078 3341 1173 3372 simul
1191 3339 1336 3380 sumptis,

277 3402 308 3426 et
321 3393 410 3425 tertia
426 3392 563 3427 entitate,
575 3397 605 3421 et
620 3389 834 3421 universaliter
849 3389 887 3418 de
902 3387 963 3418 illis
981 3387 1062 3417 inter
1077 3395 1158 3426 quae
1174 3391 1220 3415 est
1235 3394 1337 3414 essen-

277 3439 356 3471 tialis
372 3435 588 3477 dependentia.
611 3435 678 3465 Nec
694 3434 822 3474 prodest
846 3432 946 3463 dicere
969 3430 1058 3471 quod
1077 3430 1210 3470 ipsemet
1225 3428 1338 3459 Scotus

277 3482 350 3514 fecit
372 3482 452 3512 hanc
483 3478 709 3519 exceptionem.
740 3477 820 3508 Satis
845 3483 890 3507 est
917 3475 1003 3506 enim
1034 3473 1199 3514 proposito
1213 3495 1220 3508 ,
1249 3472 1338 3512 quod

277 3538 343 3558 non
367 3535 461 3567 posse
484 3533 551 3554 esse
574 3522 641 3552 sine
664 3522 761 3552 altero
786 3531 852 3551 non
875 3519 968 3550 infert
989 3517 1258 3549 indistinctionem
1273 3525 1337 3546 rea-

276 3572 358 3602 lem:
389 3578 419 3601 et
442 3569 522 3599 sicut
545 3574 580 3597 tu
604 3566 643 3596 de
666 3565 819 3596 essentiali
844 3563 1052 3604 dependentia
1081 3561 1209 3602 excipis,
1242 3560 1284 3590 ita
1308 3566 1339 3590 et

277 3615 344 3646 aliis
368 3614 472 3645 licebit
495 3611 635 3651 excipere
659 3610 698 3640 de
720 3608 892 3639 necessaria
923 3607 1131 3642 connexione,
1148 3623 1167 3628 -
1183 3611 1241 3635 etc.
1272 3604 1337 3634 Nec

2374 276 2447 312 323

1392 354 1484 384 etiam
1510 361 1556 385 est
1578 364 1689 385 verum
1712 354 1927 385 universaliter
1950 355 2038 395 quod
2057 364 2220 385 remanens
2245 354 2453 393 distinguatur

1391 398 1513 428 realiter
1535 409 1553 428 a
1577 406 1741 438 corrupto;
1766 405 1801 428 ut
1825 398 1988 429 manifeste
2012 406 2096 438 patet
2119 398 2151 428 in
2176 398 2277 428 calore
2300 398 2449 433 remisso;

1392 452 1457 472 non
1482 442 1567 472 enim
1585 442 1787 482 distinguitur
1803 442 1924 472 realiter
1943 453 1960 472 a
1979 442 2082 482 seipso
2100 442 2185 482 prius
2203 442 2339 472 intenso.
2360 442 2451 472 Unde

1391 486 1477 516 radix
1500 486 1552 516 illa
1576 486 1620 516 sic
1642 486 1786 516 absolute
1810 495 1913 526 neque
1937 485 2171 516 distinctionem
2201 486 2317 516 realem
2339 486 2452 525 probat

1392 530 1622 566 universaliter,
1646 529 1791 570 quamvis
1815 530 1953 560 suadeat.
1975 547 1994 552 —
2017 530 2192 566 Quomodo
2216 536 2323 559 autem
2347 536 2453 560 utatur

1391 573 1444 603 illa
1467 573 1650 604 Aristoteles
1666 574 1698 603 in
1719 574 1823 614 Topic.
1836 573 1863 610 *‚
1883 580 1914 603 et
1930 573 1975 604 uti
1998 573 2050 603 illa
2066 583 2246 613 possumus,
2264 573 2390 604 alterius
2406 579 2452 603 est

1392 617 1526 656 negotii:
1551 617 1627 647 haec
1651 617 1734 647 enim
1758 616 1918 647 sufficiunt
1941 617 2115 657 proposito.

1445 661 1512 692 XII.
1537 662 1589 691 Ad
1618 661 1754 691 rationes
1780 671 1856 691 vero
1886 660 2005 700 primae
2037 660 2197 700 opinionis
2216 660 2233 679 *
2262 661 2389 696 dicitur,
2423 668 2454 691 et

1393 705 1498 745 primo
1513 705 1552 734 ad
1568 705 1704 745 primam
1721 704 1816 746 (quae
1835 705 2006 734 maximam
2021 704 2086 734 vim
2100 702 2216 745 habet),
2241 705 2328 745 quod
2351 705 2453 735 inesse

1393 749 1616 784 similitudinis,
1636 749 1763 779 Socrate
1778 755 1904 779 tantum
1926 748 2074 779 existente
2095 748 2176 783 albo,
2193 757 2296 789 neque
2319 748 2452 779 omnino

1394 800 1448 829 est,
1465 803 1568 833 neque
1592 793 1726 822 omnino
1745 802 1811 823 non
1834 799 1896 828 est;
1921 792 1975 822 sed
1991 792 2232 832 quodammodo
2253 799 2308 828 est,
2326 799 2356 822 et
2371 803 2453 833 quo-

1394 837 1568 867 dammodo
1595 846 1662 866 non
1686 843 1747 872 est;
1772 843 1818 866 est
1841 836 1926 865 enirn
1955 835 2164 875 incomplete,
2189 846 2254 866 non
2278 843 2324 868 est
2347 843 2454 867 autem

1394 881 1559 920 complete.
1584 881 1625 911 Et
1643 879 1797 921 quoniam
1817 889 1883 909 esse
1899 879 2058 910 actualiter
2081 886 2172 909 sonat
2195 889 2262 910 esse
2285 880 2452 919 complete,

1393 925 1465 955 ideo
1489 925 1547 955 ista
1570 924 1714 964 negativa
1737 931 1782 954 est
1797 933 1878 959 vera,
1896 924 1998 953 inesse
2021 923 2186 953 relationis
2209 934 2270 953 non
2295 929 2355 954 est:
2380 934 2454 954 cum

1393 979 1457 1009 qua
1480 975 1586 999 tamen
1610 975 1669 998 stat
1684 967 1796 997 veritas
1820 966 2021 998 affirmativae
2045 977 2119 997 cum
2143 967 2323 997 conditione
2343 977 2453 998 secun-

1393 1013 1468 1043 dum
1492 1012 1579 1053 quid,
1604 1011 1728 1047 scilicet,
1750 1012 1852 1041 inesse
1874 1011 2040 1042 relationis
2055 1016 2102 1041 est
2117 1011 2358 1051 quodammodo,
2375 1011 2455 1042 idest

1393 1056 1594 1096 incomplete.
1619 1055 1659 1086 Et
1682 1061 1811 1095 propter
1834 1055 2025 1085 debilitatem
2049 1055 2097 1084 sui
2122 1065 2197 1091 esse,
2216 1065 2252 1085 ex
2267 1055 2335 1085 sola
2354 1065 2454 1095 appo-

1394 1101 1506 1130 sitione
1530 1099 1655 1130 termini
1678 1099 1869 1139 completur:
1894 1099 2062 1130 resultante
2082 1099 2236 1139 siquidem
2253 1099 2305 1136 ad,
2327 1100 2455 1129 resultat

1394 1151 1424 1175 et
1447 1144 1718 1183 complementum
1737 1142 1834 1182 ipsius
1851 1144 1892 1173 in.
1918 1143 2080 1180 Quoniam
2096 1153 2162 1172 non
2178 1153 2214 1173 ex
2238 1142 2359 1173 defectu
2384 1143 2454 1173 fun-

1394 1188 1532 1218 damenti
1556 1187 1730 1217 similitudo
1754 1186 1985 1226 incompletum
2009 1196 2074 1216 esse
2098 1187 2239 1222 habebat,
2263 1187 2318 1217 sed
2341 1197 2377 1216 ex
2401 1187 2454 1217 de-

1394 1231 1478 1262 fectu
1501 1231 1644 1262 termini:
1672 1238 1702 1261 et
1732 1238 1896 1270 propterea
1926 1240 2121 1271 consequens
2150 1237 2195 1260 est
2215 1231 2319 1271 quod,
2349 1231 2454 1270 posito

1394 1275 1529 1306 termino
1552 1275 1608 1315 qui
1632 1274 1802 1310 deficiebat,
1823 1274 1980 1313 compleat
2000 1273 2243 1304 fundamentum
2266 1274 2356 1314 quasi
2379 1284 2455 1314 pro-

1394 1319 1459 1349 lem
1481 1325 1536 1349 aut
1560 1318 1698 1348 fructum
1717 1327 1772 1348 seu
1797 1317 1941 1348 effectum
1965 1327 2069 1348 suurn.
2096 1317 2196 1348 Cuius
2221 1318 2401 1358 exemplum
2417 1318 2455 1348 si-

1394 1363 1479 1398 mile,
1496 1369 1527 1392 et
1544 1362 1583 1392 ad
1603 1362 1664 1392 hoc
1687 1361 1899 1401 propositum,
1924 1361 2010 1392 affert
2033 1372 2056 1392 s.
2067 1361 2210 1391 Thomas
2233 1362 2266 1391 in
2289 1371 2342 1402 qu.
2358 1372 2401 1391 vn
2416 1362 2456 1392 de

1394 1407 1539 1437 Potentia
1552 1406 1626 1443 Dei,
1639 1412 1694 1436 art.
1707 1416 1736 1445 9,
1748 1406 1787 1435 ad
1798 1416 1828 1446 7,
1842 1405 1880 1434 de
1895 1414 1961 1435 esse
1976 1406 2118 1435 actionis.
2135 1405 2300 1435 Subtracto
2317 1415 2455 1446 namque

1395 1449 1598 1486 calefactibili,
1623 1450 1649 1479 si
1673 1456 1752 1480 esset
1775 1448 1859 1479 calor
1875 1448 2082 1485 calefactivus,
2100 1449 2259 1479 calefactio
2276 1449 2374 1479 activa
2389 1459 2455 1479 non

1395 1501 1476 1525 esset
1498 1493 1668 1529 actualiter,
1685 1502 1742 1523 nec
1770 1492 1884 1522 inesset
1907 1492 2009 1532 agenti
2034 1500 2068 1523 ut
2091 1493 2232 1523 accidens
2248 1492 2279 1522 in
2297 1493 2454 1530 subiecto;

1395 1546 1425 1570 et
1448 1545 1564 1573 tamen,
1589 1537 1736 1578 apposito
1761 1536 1964 1572 calefacfibili,
1981 1536 2086 1567 statim
2105 1543 2185 1567 esset
2200 1543 2230 1566 et
2245 1537 2358 1566 inesset
2373 1537 2454 1567 actio

1394 1583 1427 1613 in
1445 1590 1564 1622 agente,
1582 1588 1710 1621 propter
1726 1581 1858 1610 eandem
1875 1589 2019 1615 causam;
2044 1580 2118 1621 quia
2134 1580 2250 1611 scilicet
2265 1588 2330 1611 tam
2346 1581 2453 1611 relatio

1395 1637 1493 1668 quam
1516 1626 1598 1656 actio
1622 1625 1743 1656 tollitur
1766 1631 1848 1660 actu,
1869 1625 2027 1655 subtracto
2051 1624 2223 1655 extrinseco
2247 1625 2382 1655 termino
2404 1625 2455 1654 vel

1395 1681 1499 1711 passo,
1524 1677 1554 1700 et
1578 1675 1717 1700 remanet
1739 1668 1912 1698 radicaliter
1935 1678 1989 1698 seu
2014 1668 2185 1698 causaliter.

1452 1715 1493 1745 Et
1515 1724 1553 1744 ex
1575 1714 1651 1749 hoc,
1676 1719 1712 1743 ut
1734 1712 1851 1743 ibidem
1875 1712 2004 1748 dicitur,
2029 1712 2161 1742 solvitur
2183 1711 2261 1742 ratio
2290 1712 2328 1742 de
2351 1719 2454 1742 muta-

1394 1759 1490 1790 tione.
1521 1757 1618 1795 Quo'd
1642 1756 1727 1787 enim
1751 1756 1793 1786 sic
1817 1763 1974 1792 remanet,
2004 1766 2069 1786 non
2093 1762 2218 1795 oportet
2245 1765 2327 1785 nova
2351 1763 2454 1786 muta-

1394 1803 1481 1834 tione
1497 1801 1653 1842 generari:
1678 1800 1830 1841 quoniam
1846 1810 1882 1830 ex
1898 1807 1985 1840 parte
2004 1809 2169 1830 causarum
2193 1798 2376 1830 sufficientia
2391 1800 2454 1829 iarn

1395 1853 1442 1877 est
1464 1846 1497 1876 in
1513 1853 1594 1882 actu,
1619 1845 1673 1875 sed
1696 1844 1787 1884 quasi
1810 1844 2026 1884 impediuntur
2049 1854 2084 1874 ex
2109 1843 2318 1874 subtractione
2341 1844 2454 1874 extrin-

1395 1890 1466 1921 seci.
1492 1890 1532 1921 Et
1556 1889 1697 1919 similiter
1719 1888 1752 1918 in
1777 1888 1978 1927 corruptione
2002 1897 2066 1917 non
2089 1887 2215 1927 proprie
2239 1894 2285 1917 est
2307 1888 2452 1923 mutatio,

1395 1945 1431 1965 ex
1455 1944 1520 1975 quo
1549 1939 1689 1963 remanet
1717 1939 1787 1963 actu
1818 1932 1871 1962 illa
1900 1941 2066 1962 causarum
2094 1931 2287 1962 sufficientia.
2319 1931 2453 1962 Mutatio

1395 1978 1480 2008 enim
1502 1977 1629 2018 proprie
1660 1975 1741 2006 dicta
1771 1975 1925 2007 terminus
1956 1982 2001 2015 est
2032 1975 2237 2005 alterationis:
2269 1974 2318 2005 hic
2347 1982 2453 2006 autem

1392 2021 1559 2053 intervenit
1581 2028 1707 2052 tantum
1729 2019 1877 2050 naturalis
1906 2019 2063 2060 quaedam
2091 2018 2241 2049 resolutio
2254 2042 2262 2055 ,
2292 2026 2346 2050 aut
2368 2019 2452 2050 illius

1394 2066 1516 2096 desitio.

1452 2109 1656 2149 Componere
1680 2114 1787 2138 autem
1810 2107 1995 2137 relationem
2018 2116 2092 2136 cum
2117 2106 2340 2142 fundamento,
2366 2116 2453 2137 com-

1393 2154 1591 2194 positiusque
1607 2162 1674 2183 esse
1690 2152 1799 2182 album
1818 2151 1918 2181 simile
1934 2161 2032 2191 quam
2051 2151 2168 2186 album,
2184 2160 2250 2180 non
2266 2150 2372 2180 solum
2387 2160 2453 2180 non

1394 2197 1585 2232 inconvenit,
1601 2197 1667 2226 imo
1692 2203 1737 2226 est
1758 2195 1985 2225 necessarium:
2010 2194 2085 2234 quia
2104 2194 2277 2224 similitudo
2301 2194 2391 2224 realis
2407 2202 2454 2225 est

1394 2241 1596 2272 essentialiter
1626 2240 1778 2270 accidens.
1813 2239 1874 2269 Sed
1897 2238 2014 2268 fallitur
2035 2238 2218 2277 imaginatio
2242 2238 2451 2278 quandoque,

1394 2285 1548 2326 quoniam
1571 2284 1760 2314 relationum
1780 2282 1910 2313 nomina
1929 2292 1994 2312 non
2014 2281 2156 2322 explicite
2172 2281 2307 2311 offerunt
2330 2292 2387 2311 sua
2410 2282 2451 2311 si-

1393 2328 1593 2369 gnificatione
1617 2329 1726 2358 inesse.
1751 2345 1771 2349 —
1794 2327 1860 2357 Nec
1888 2327 2014 2356 obstant
2036 2325 2182 2355 Auctoris
2205 2325 2298 2355 verba
2320 2325 2353 2355 in
2380 2325 2452 2355 loco

1394 2373 1535 2403 obiecto:
1560 2371 1715 2412 quoniam
1738 2381 1831 2401 causa
1854 2370 1971 2400 ibidem
1987 2369 2141 2409 assignata
2157 2369 2294 2399 ostendit
2309 2370 2397 2409 quod
2411 2370 2450 2399 de

1393 2416 1544 2447 relatione
1569 2415 1751 2451 formaliter,
1771 2414 1850 2444 idest
1869 2414 1907 2444 de
1923 2414 1975 2451 ad,
2000 2413 2150 2453 loquitur,
2175 2413 2254 2442 dum
2276 2413 2358 2449 dicit,
2376 2414 2451 2453 quia

1393 2470 1456 2491 non
1480 2460 1642 2501 significat
1664 2459 1786 2499 aliquid
1809 2460 1840 2488 in
1863 2458 2001 2488 subiecto
2024 2464 2098 2493 etc.,
2123 2463 2158 2487 ut
2186 2466 2326 2496 expresse
2349 2457 2382 2486 in
2405 2467 2451 2487 se-

1393 2504 1503 2546 quenti
1526 2504 1667 2539 articulo,
1691 2503 1730 2533 ad
1754 2513 1784 2543 7,
1809 2501 1940 2542 apernit.

1446 2548 1598 2578 Minimae
1621 2548 1751 2577 demum
1775 2545 1910 2576 entitatis
1934 2544 2041 2575 relatio
2069 2544 2149 2574 inter
2172 2550 2271 2574 cetera
2293 2543 2450 2583 praedica-

1391 2599 1498 2622 menta
1521 2598 1551 2621 et
1575 2597 1621 2621 est
1639 2597 1669 2621 et
1688 2590 1809 2624 dicitur,
1834 2588 1907 2629 quia
1931 2598 1967 2618 ex
1985 2587 2115 2628 proprio
2132 2587 2199 2623 sibi,
2220 2587 2298 2617 idest
2313 2588 2366 2624 ad,
2384 2597 2449 2617 non

1390 2636 1485 2665 habet
1507 2635 1595 2675 quod
1614 2634 1653 2664 sit
1670 2633 1770 2663 reale:
1794 2633 1871 2668 imo,
1889 2638 2044 2672 quantum
2069 2638 2114 2662 est
2137 2641 2174 2661 ex
2196 2631 2267 2666 hoc,
2288 2638 2393 2670 potest
2415 2631 2447 2660 in

1390 2680 1510 2710 ratione
1533 2678 1639 2708 solum
1661 2677 1803 2708 inveniri.
1826 2676 1867 2706 Et
1889 2676 1961 2706 ideo
1977 2675 2108 2716 quidam
2123 2682 2313 2715 putaverunt
2329 2676 2394 2705 esse
2411 2675 2449 2705 de

1390 2723 1535 2753 secundis
1557 2721 1730 2752 intellectis.
1754 2721 1898 2760 Tempus
1920 2727 2027 2750 autem
2051 2726 2080 2749 et
2103 2719 2222 2759 reliqua
2245 2725 2387 2758 oportet,
2413 2725 2448 2749 ut

1390 2767 1511 2798 dictum
1530 2774 1576 2797 est
1590 2763 1616 2802 *,
1636 2775 1702 2796 esse
1721 2764 1803 2795 entia
1821 2763 1914 2794 realia
1933 2763 2039 2804 aliquo
2059 2763 2168 2793 modo.

1446 2811 1528 2841 XIII.
1547 2810 1637 2841 Circa
1659 2809 1824 2849 praedicta,
1843 2808 1966 2838 adverte
1990 2807 2087 2848 quod,
2103 2806 2176 2837 licet
2196 2806 2386 2846 quibusdam
2402 2816 2447 2836 re-

1388 2855 1560 2885 lationibus
1583 2853 1729 2884 assentiat
1752 2852 1864 2883 Scotus
1888 2862 1911 2882 s.
1925 2851 2071 2882 Thomae
2099 2851 2188 2891 quod
2218 2850 2448 2889 distinguantur

1390 2899 1511 2929 realiter
1527 2909 1544 2928 a
1561 2896 1783 2932 fundamentis,
1801 2903 1835 2927 ut
1852 2902 1936 2936 patet
1953 2905 1988 2925 ex
2005 2895 2093 2925 dictis
2108 2895 2140 2930 *;
2165 2904 2230 2924 non
2246 2901 2351 2924 tamen
2371 2903 2445 2923 con-

1389 2943 1520 2973 veniunt
1543 2942 1575 2971 in
1599 2941 1660 2971 hoc
1683 2941 1772 2981 quod
1795 2940 1895 2970 inesse
1918 2939 2076 2970 relationis
2100 2938 2308 2977 distinguatur
2325 2937 2446 2968 realiter

1390 2988 1428 3017 ab
1452 2986 1518 3016 eius
1543 2984 1692 3020 essentia;
1722 2984 1802 3014 sicut
1824 2993 1882 3014 nee
1906 2982 2118 3013 universaliter
2143 2982 2230 3022 quod
2253 2991 2319 3011 esse
2342 2987 2373 3011 et
2397 2991 2444 3010 es-

1391 3030 1489 3061 sentia
1506 3029 1736 3068 distinguantur
1750 3028 1783 3058 in
1806 3027 1952 3058 creaturis
1968 3027 2088 3057 realiter
2097 3023 2123 3056 *.
2146 3026 2211 3056 Nec
2228 3032 2332 3055 tamen
2351 3025 2442 3055 intel-

1389 3075 1466 3114 ligas
1499 3074 1599 3103 inesse
1624 3072 1783 3103 relationis
1814 3071 1961 3111 distingui
1985 3071 2022 3100 ab
2046 3070 2113 3110 ipsa
2137 3069 2216 3099 sicut
2239 3069 2298 3098 alia
2321 3068 2444 3104 relatio,

1391 3125 1446 3148 aut
1461 3117 1540 3148 sicut
1558 3125 1606 3146 res
1630 3116 1762 3146 omnino
1786 3115 1938 3145 absoluta.
1964 3115 2142 3154 Utrumque
2166 3113 2250 3143 enim
2265 3112 2382 3142 horum
2401 3119 2447 3142 est

1390 3163 1519 3193 falsum:
1545 3171 1610 3190 esse
1633 3170 1771 3200 namque
1790 3158 1948 3189 relationis
1971 3158 2004 3188 in
2027 3167 2137 3197 genere
2154 3163 2199 3186 est
2214 3156 2382 3191 relationis,
2399 3166 2446 3186 re-

1391 3206 1514 3237 ductive
1538 3211 1654 3242 tamen,
1679 3210 1714 3234 ut
1737 3203 1804 3234 eius
1827 3203 2003 3238 actualitas;
2029 3202 2108 3231 sicut
2127 3210 2192 3230 esse
2208 3200 2398 3230 substantiae
2413 3199 2446 3229 in

1390 3259 1502 3291 genere
1519 3247 1718 3283 substantiae,
1736 3254 1767 3278 et
1781 3257 1846 3277 esse
1859 3245 2015 3287 qualitatis
2031 3245 2063 3275 in
2077 3254 2188 3284 genere
2204 3243 2370 3284 qualitatis,
2387 3250 2444 3273 etc.

1446 3294 1558 3324 Scotus
1577 3299 1683 3322 autem
1702 3301 1768 3321 non
1789 3298 1891 3331 potest
1915 3290 2010 3320 vitare
2034 3298 2135 3319 unum
2154 3287 2364 3327 impossibile:
2389 3286 2446 3317 sci-

1390 3339 1461 3369 licet
1484 3337 1571 3377 quod
1595 3336 1680 3366 idem
1702 3335 1868 3366 relativum
1887 3334 2006 3364 dicatur
2021 3333 2077 3368 bis,
2094 3332 2173 3362 idest
2188 3331 2227 3360 ad
2242 3331 2392 3362 terminos
2409 3340 2446 3360 ex

1391 3383 1512 3412 duabus
1535 3380 1686 3420 partibus.
1711 3379 1743 3409 Si
1767 3379 1861 3414 enim,
1884 3377 1968 3408 verbi
1992 3376 2105 3417 gratia,
2130 3374 2303 3406 similitudo
2326 3374 2447 3404 realiter

1390 3426 1520 3456 refertur
1543 3424 1582 3454 ad
1602 3423 1772 3454 terminum
1796 3429 1826 3452 et
1849 3422 2091 3452 fundamentum
2114 3419 2225 3459 seipsa,
2242 3418 2445 3448 manifestum

1391 3477 1436 3500 est
1459 3468 1546 3509 quod
1569 3467 1672 3498 simile
1694 3467 1741 3497 bis
1765 3466 1886 3496 dicitur.
1911 3465 1972 3496 Sed
1995 3463 2123 3495 actualis
2147 3462 2337 3493 inhaerentia
2361 3462 2445 3492 simi-

1390 3512 1528 3544 litudinis
1547 3512 1580 3541 in
1596 3511 1812 3546 fundamento,
1836 3509 1921 3549 apud
1940 3508 2071 3539 Scotum
2086 3507 2112 3543 *‚
2136 3513 2182 3537 est
2200 3507 2267 3547 ipsa
2281 3506 2389 3536 relatio
2406 3505 2446 3535 si-

1391 3556 1594 3588 militudinis:
1627 3555 1702 3595 quia
1724 3554 1791 3593 ipsa
1814 3553 1922 3583 relatio
1946 3551 2172 3587 similitudinis,
2197 3550 2287 3591 quasi
2311 3550 2445 3580 fundans

1391 3601 1575 3632 relationem
1598 3597 1806 3634 inhaesionis,
1836 3606 1902 3627 non
1925 3603 2028 3636 potest
2056 3596 2173 3636 absque
2202 3593 2445 3625 contradictione

2479 579 2487 587 ·
2494 577 2598 604 Lib,V11,
2605 583 2690 605 capav.

2480 670 2489 679 ⁶
2505 669 2539 691 Cf.
2557 675 2621 692 num.
2635 675 2667 690 vt.

2473 2769 2482 2778 '
2502 2769 2553 2790 Art.
2569 2775 2588 2794 1,
2612 2768 2684 2790 Com-

2474 2799 2547 2816 ment.
2561 2801 2623 2816 num.
2635 2801 2667 2816 rx.

2472 2903 2483 2914 ⁸
2498 2903 2568 2924 Num.
2584 2909 2623 2924 vn.

2477 3031 2485 3039 ⁶
2498 3029 2557 3051 Vide
2569 3030 2641 3055 Scot.‚
2652 3029 2685 3050 111

2472 3056 2552 3110 {giaf-²
2573 3056 2627 3078 dist.
2646 3062 2668 3077 vt
2678 3072 2684 3083 ,

2473 3510 2610 3539 'QuodLIIL
2617 3515 2674 3539 art-3
