2768 4178
75 535 84 543 ·
100 533 137 555 Cf.
152 539 217 555 num.
231 540 246 555 x
265 536 286 554 et

75 839 85 849 ⁶
99 837 133 860 Cf.
149 844 213 859 num.
229 843 270 859 ιιι.

71 970 130 992 *Ad
145 976 165 997 3.

73 1020 82 1029 ·
96 1020 132 1042 Cf.
147 1026 211 1041 num.
222 1026 270 1041 xiv.

69 1233 81 1244 ⁸
93 1233 140 1260 Qu.
148 1238 229 1260 xxvm,
239 1236 282 1254 art.

67 2432 76 2442 ·
93 2431 127 2453 Cf.
144 2437 209 2453 num.
223 2438 238 2453 ι.

66 2475 78 2486 “
92 2475 128 2497 Cf.
143 2481 208 2496 num.
222 2481 259 2497 xv.

70 2563 80 2573 '
101 2562 153 2583 Did.
176 2562 215 2583 lib.
231 2562 278 2589 lv,

134 2595 171 2614 xv,
188 2595 208 2610 n.
221 2588 244 2610 8.

143 2621 207 2636 num.
222 2621 260 2637 ιιι,

67 2594 128 2636 ΞἛὲ.

319 260 395 319 354

316 359 362 382 est
385 362 494 382 sensus
522 352 610 392 quod
634 358 707 382 sunt
730 351 811 382 duae
842 353 1019 382 secundum
1050 352 1223 382 rationem:
1249 359 1279 383 et
1301 353 1376 390 hoc,

314 396 386 426 licet
405 396 443 426 sit
458 406 583 431 verum,
608 405 673 425 non
698 401 743 426 est
765 402 871 426 tamen
891 396 931 426 ad
954 396 1166 436 propositum.
1192 396 1279 426 Tum
1304 397 1378 437 quia

315 440 353 470 de
376 440 469 470 rebus
493 439 524 469 in
548 440 606 470 hac
629 439 750 470 ratione
779 446 824 470 est
847 450 969 477 sermo,
1000 450 1082 480 quae
1106 450 1142 470 ex
1166 447 1276 470 natura
1300 441 1378 471 rela-

314 484 439 514 tionum
463 483 613 523 procedit.
637 484 726 514 Tum
748 483 824 524 quia
842 494 879 514 ex
895 484 1073 524 praemissis
1090 484 1265 524 praedictae
1281 485 1377 515 ratio-

314 528 362 558 nis
377 527 395 545 *
419 527 582 558 manifeste
606 527 758 568 sequitur,
783 527 809 558 si
833 535 880 558 est
894 528 1006 564 valida,
1024 528 1113 568 quod
1129 527 1259 558 diversis
1275 529 1378 568 specie

312 572 517 602 relationibus
545 578 671 612 oportet
698 572 834 602 diversas
865 572 967 612 specie
997 571 1162 602 relationes
1193 581 1377 612 correspon-

313 616 400 646 dere:
426 622 548 647 constat
580 622 687 646 autem
715 616 804 656 quod
832 617 872 646 ad
901 616 1112 646 diversitatem
1142 615 1321 656 specificam
1344 616 1376 647 in

312 669 418 690 rerum
441 666 561 696 natura,
586 669 653 690 non
676 659 791 690 sufficit
813 660 972 690 distinctio
996 659 1135 690 rationis.

364 704 433 734 XV.
457 704 602 734 Dubium
625 704 766 734 secundo
783 711 829 735 est
852 704 931 734 circa
954 703 1207 744 propositionem
1223 704 1311 734 illam
1328 714 1376 735 as-

312 755 474 788 sumptam
486 755 595 787 conua
606 748 868 788 Praepositivum,
885 748 1015 778 scilicet:
1032 749 1090 778 uni
1106 748 1256 778 relationi
1266 757 1376 779 secun-

312 792 386 823 dum
410 793 556 832 speciem,
582 802 644 822 non
662 798 801 832 possunt
823 792 1072 832 correspondere
1094 791 1179 822 duae
1200 792 1374 822 secundum

311 837 443 877 speciem
463 834 489 867 *.
513 836 679 867 Manifeste
709 836 795 866 enim
822 845 966 867 tenemus
990 835 1195 876 oppositum:
1221 836 1375 876 quoniam

311 881 367 910 uni
389 880 533 911 filiationi
557 880 691 921 Socratis
715 881 907 920 respondent
926 880 1119 910 diversarum
1136 879 1313 919 specierum
1329 890 1374 910 re-

310 925 457 962 lationes,
482 924 598 955 scilicet
620 924 788 964 paternitas
813 931 843 954 et
866 924 1046 954 maternitas
1069 930 1237 963 parentum
1259 923 1374 963 ipsius,

312 976 347 999 ut
369 969 402 999 in
425 969 531 999 Tertia
553 969 653 1004 Parte,
678 978 731 1008 qu.
749 978 838 1004 xxxv,
859 975 915 998 art.
936 970 951 998 5
969 968 995 1004 *,
1017 977 1160 1008 expresse
1183 968 1324 998 habetur.

366 1013 447 1044 XVI.
466 1013 516 1043 Ad
533 1013 674 1052 primum
691 1012 826 1042 dubium
839 1012 856 1031 *
875 1012 1045 1042 dicendum
1064 1018 1119 1048 est,
1133 1012 1222 1052 quod
1237 1011 1288 1042 hic
1301 1018 1375 1042 sunt

311 1058 394 1087 duo:
421 1057 536 1087 scilicet
552 1056 712 1096 pluralitas
735 1056 904 1092 relationis,
922 1063 952 1086 et
967 1056 1080 1087 modus
1089 1056 1301 1096 pluralitatis.
1325 1056 1374 1086 De

310 1100 485 1141 pluralitate
502 1100 631 1141 quidem
648 1100 755 1130 asserit
770 1100 871 1130 littera
886 1107 1009 1140 partem
1024 1099 1253 1136 affirmativam,
1263 1100 1374 1130 volens

310 1145 398 1186 quod
414 1144 581 1185 paternitas
596 1151 627 1174 et
642 1144 771 1184 spiratio
788 1151 862 1174 sunt
885 1144 966 1174 duae
989 1144 1156 1174 relationes
1175 1144 1282 1180 reales,
1299 1144 1375 1185 quia

311 1189 546 1228 distinguuntur
573 1188 752 1218 differentiis
776 1188 945 1218 relationis.
977 1188 1025 1218 De
1048 1188 1147 1218 modo
1172 1194 1279 1218 autem
1306 1198 1373 1229 quo

310 1240 383 1264 sunt
406 1234 496 1269 duae,
513 1232 657 1272 superius
671 1232 688 1251 *
706 1239 817 1272 negata
833 1232 893 1263 fuit
908 1231 1067 1262 distinctio
1087 1232 1192 1262 realis:
1217 1232 1292 1272 quia
1307 1242 1373 1262 non

309 1283 518 1318 opponuntur
536 1276 576 1306 ad
595 1276 730 1306 invicem
746 1276 882 1312 relative,
903 1283 933 1307 et
956 1276 999 1306 sic
1023 1286 1089 1306 non
1113 1282 1188 1306 sunt
1210 1276 1291 1306 duae
1310 1286 1373 1306 rea-

308 1322 386 1357 liter,
411 1321 485 1362 quia
508 1330 575 1351 non
594 1320 831 1360 distinguuntur
854 1320 1033 1351 differentiis
1052 1320 1105 1351 rei.

365 1365 530 1395 Affirmare
559 1374 635 1395 vero
666 1365 755 1405 quod
783 1371 858 1394 sunt
887 1364 969 1395 duae
993 1364 1166 1394 formaliter
1196 1365 1373 1395 secundum

308 1410 463 1440 rationem
485 1416 620 1445 tantum,
638 1418 704 1439 non
727 1409 847 1449 quietat
870 1408 1048 1439 multorum
1063 1408 1272 1439 intellectum:
1298 1409 1372 1450 quia

308 1464 374 1484 esse
398 1454 463 1484 duo
488 1454 664 1484 secundum
687 1453 861 1489 rationem,
891 1462 956 1482 non
981 1459 1028 1483 est
1050 1462 1118 1483 esse
1140 1452 1222 1489 duo,
1247 1453 1302 1483 sed
1325 1453 1371 1483 in-

307 1498 403 1537 telligi
427 1498 511 1533 duo;
537 1497 617 1528 sicut
639 1506 707 1527 esse
729 1503 887 1537 quantum
910 1497 1087 1527 secundum
1110 1496 1280 1533 rationem,
1305 1507 1371 1527 non

307 1549 353 1573 est
369 1551 435 1572 esse
451 1548 617 1582 quantum,
642 1541 696 1571 sed
720 1540 851 1580 intelligi
874 1547 1041 1581 quantum.
1066 1541 1168 1577 Unde,
1194 1551 1268 1571 cum
1284 1541 1372 1571 nulla

307 1587 346 1617 sit
360 1585 489 1616 actualis
506 1585 664 1616 distinctio
681 1592 802 1625 praeter
818 1584 934 1615 realem
950 1591 1005 1615 aut
1018 1584 1158 1621 rationis,
1173 1591 1268 1615 restat
1283 1586 1371 1627 quod

307 1631 370 1660 sint
393 1630 473 1660 duae
497 1630 697 1660 virtualiter:
721 1629 810 1665 idest,
831 1629 969 1669 perinde
983 1638 1018 1659 se
1039 1629 1155 1659 habent
1170 1638 1209 1659 ac
1223 1630 1253 1659 si
1268 1635 1372 1660 essent

306 1675 431 1705 duaa·
447 1674 488 1704 Et
503 1674 565 1704 hoc
589 1680 744 1704 consonat
767 1673 966 1703 excellentiae
990 1672 1113 1703 divinae
1136 1673 1191 1709 rei,
1215 1679 1246 1703 et
1269 1680 1315 1704 est
1337 1673 1370 1703 in

306 1728 411 1749 rerum
440 1725 551 1748 natura
574 1718 693 1758 absque
723 1717 813 1747 omni
840 1726 936 1757 opere
966 1717 1161 1753 intellectus,
1193 1716 1370 1758 sufficitque

306 1762 489 1803 proposito,
513 1762 705 1802 reliquisque
733 1761 968 1792 difficultatibus
992 1761 1159 1791 solvendis.
1193 1761 1276 1791 Nam
1300 1771 1370 1801 spe-

306 1806 393 1837 cifica
409 1806 568 1836 diversitas
584 1806 720 1836 duarum
743 1805 935 1836 relationum
957 1804 1051 1835 infert
1074 1804 1253 1845 specificam
1270 1805 1370 1836 diver-

305 1851 429 1881 sitatem
452 1850 642 1881 relationum
670 1850 727 1880 sibi
756 1849 1090 1889 correspondentium,
1107 1849 1299 1890 formaliter
1322 1850 1372 1880 vel

306 1895 507 1926 virtualiter:
530 1894 619 1930 idest,
643 1894 733 1934 quod
750 1893 822 1924 illae
837 1893 1003 1924 relationes
1019 1893 1300 1933 correspondentes
1316 1893 1368 1923 ha-

305 1939 399 1969 beant
421 1937 599 1978 specificam
624 1937 857 1968 distinctionem
880 1937 913 1967 in
934 1946 1041 1967 rerum
1065 1943 1175 1967 natura
1198 1937 1368 1974 actualiter,

305 1983 354 2013 vel
377 1982 506 2023 perinde
529 1992 562 2012 se
585 1982 720 2012 habeant
742 1991 778 2011 ac
802 1981 828 2012 si
850 1981 1000 2012 haberent
1023 1981 1110 2011 illam
1134 1980 1369 2012 distinctionem

305 2027 475 2057 actualiter.
500 2027 541 2057 Et
564 2026 615 2062 sic,
640 2025 795 2066 quoniam
817 2035 953 2065 persona
975 2024 1074 2055 Patris
1093 2024 1187 2055 habet
1202 2025 1369 2056 relationes

305 2072 402 2107 duas,
436 2071 479 2101 sic
502 2070 591 2111 quod
613 2079 825 2110 unaquaeque
847 2069 992 2100 vendicat
1021 2069 1080 2099 sibi
1105 2069 1252 2109 propria,
1285 2079 1321 2100 ac
1344 2069 1370 2099 si

305 2122 407 2145 essent
430 2124 575 2145 seorsum
605 2114 765 2145 actualiter
795 2114 876 2144 duae
903 2113 937 2144 in
959 2122 1010 2150 re;
1039 2113 1113 2143 ideo
1137 2119 1264 2153 oportet
1291 2114 1369 2144 duas

305 2159 470 2189 relationes
493 2158 525 2188 in
549 2159 713 2194 abstracto,
737 2165 890 2199 tanquam
914 2158 992 2188 duas
1010 2157 1110 2187 Patris
1128 2157 1285 2194 notiones,
1310 2167 1369 2198 po-

305 2213 388 2234 nere.
412 2203 565 2243 Alioquin
589 2202 771 2242 responderi
786 2211 852 2232 non
868 2208 976 2242 posset
991 2201 1164 2242 quaerenti,
1181 2211 1243 2241 quo
1258 2202 1367 2239 Pater,

306 2254 337 2277 et
359 2257 420 2287 quo
439 2247 604 2287 Spirator:
627 2256 701 2276 cum
725 2252 847 2276 constet
869 2246 995 2276 Patrem
1018 2245 1057 2275 ad
1076 2244 1205 2281 Filium,
1230 2245 1368 2285 Spirato-

306 2301 373 2321 rem
395 2300 470 2321 vero
500 2291 541 2320 ad
563 2289 716 2329 Spiritum
743 2289 896 2320 Sanctum
923 2298 999 2319 esse.
1017 2306 1037 2311 -
1052 2288 1267 2319 Veruntamen
1296 2298 1368 2329 pro—

306 2335 411 2375 posito
435 2334 575 2365 sufficere
598 2334 721 2364 videtur
747 2332 902 2364 affirmare
930 2333 1019 2373 quod
1043 2332 1279 2372 distinguuntur
1293 2332 1368 2373 for-

306 2380 452 2410 maliter:
474 2378 629 2420 quoniam
651 2384 799 2408 tractatus
822 2377 879 2407 iste
902 2386 969 2407 non
985 2383 1031 2407 est
1047 2376 1085 2406 de
1106 2377 1199 2407 rebus
1214 2377 1368 2413 absolute,

307 2424 360 2454 sed
384 2430 420 2453 ut
442 2422 604 2453 intellectis
628 2428 659 2452 et
681 2421 875 2462 significatis,
899 2426 935 2451 ut
957 2427 1042 2460 patet
1065 2429 1102 2450 ex
1124 2420 1225 2451 littera
1242 2420 1270 2451 *.

358 2467 455 2498 XVII.
480 2467 530 2497 Ad
554 2466 730 2496 secundum
753 2475 829 2505 vero
853 2465 988 2495 dubium
1002 2464 1020 2484 *
1039 2464 1152 2495 dicitur
1175 2465 1273 2505 quod,
1294 2474 1369 2495 cum

307 2511 392 2541 radix
415 2510 642 2551 propositionis
658 2520 681 2541 s.
696 2509 842 2540 Thomae
859 2509 898 2540 sit
916 2509 969 2539 illa
985 2508 1162 2549 propositio
1181 2508 1368 2545 Aristotelis,

306 2556 333 2586 V
343 2556 539 2596 Metaphys„
551 2564 618 2594 cap.
636 2554 675 2584 de
684 2554 736 2584 Ad
745 2553 868 2594 aliquid
875 2553 903 2591 *,
917 2553 1043 2588 scilicet,
1056 2553 1180 2583 nullum
1197 2553 1367 2583 relativum

305 2600 423 2630 dicitur
438 2600 494 2636 bis,
519 2605 647 2639 propter
661 2598 794 2628 eandem
810 2597 965 2628 rationem
974 2597 1000 2633 *,
1018 2597 1092 2637 quia
1110 2597 1154 2627 ad
1169 2596 1292 2637 aliquid
1307 2597 1369 2628 hoc

305 2644 411 2684 ipsum
435 2643 523 2684 quod
547 2650 609 2679 est,
634 2642 683 2672 sui
707 2641 959 2682 primostermini
984 2647 1047 2677 est,
1072 2650 1170 2681 quem
1193 2647 1279 2681 patet
1301 2651 1368 2671 esse

306 2697 424 2724 unum;
450 2687 536 2718 iuxta
550 2686 772 2717 limitationem
787 2685 870 2716 illius
887 2685 1094 2720 fundamenti,
1115 2684 1279 2715 limitanda
1295 2691 1369 2716 sunt

307 2731 542 2772 consequentia.
567 2730 747 2761 Relativum
769 2729 864 2770 igitur
888 2739 950 2760 non
975 2729 1038 2760 dici
1060 2729 1117 2766 bis,
1142 2735 1247 2768 potest
1265 2728 1368 2770 dupli-

306 2776 381 2806 citer
403 2775 543 2815 intelligi.
567 2774 684 2811 Primo,
710 2784 772 2804 non
796 2774 915 2805 dicitur
938 2774 994 2810 bis,
1020 2773 1100 2804 idest
1118 2773 1158 2803 ad
1177 2773 1243 2803 duo
1267 2783 1368 2803 corre-

305 2820 399 2850 lativa
422 2820 491 2850 solo
516 2828 650 2849 numero
674 2818 828 2848 distincta.
854 2818 894 2848 Et
913 2818 956 2848 sic
973 2817 1130 2848 credimus
1150 2817 1211 2848 hoc
1230 2827 1297 2847 esse
1313 2817 1368 2847 fal-

306 2873 393 2894 sum:
427 2864 502 2905 quia
529 2863 670 2894 Socrates
698 2862 788 2892 albus
815 2862 925 2892 eadem
953 2861 1158 2892 similitudine
1189 2861 1299 2891 similis
1323 2867 1370 2891 est

306 2907 455 2938 omnibus
478 2907 565 2938 albis.
583 2924 603 2930 -
618 2906 780 2942 Secundo,
806 2915 868 2936 non
897 2906 1016 2936 dicitur
1038 2905 1103 2943 bis,
1127 2905 1208 2935 idest
1235 2905 1275 2935 ad
1303 2905 1368 2936 duo

306 2952 487 2983 correlativa
510 2951 702 2981 diversarum
725 2950 894 2981 rationum.
919 2950 960 2980 Et
980 2949 1022 2980 sic
1038 2955 1143 2990 potest
1161 2949 1293 2989 intelligi
1312 2949 1369 2980 du—

306 2996 443 3036 pliciter:
468 2995 600 3032 scilicet,
624 2995 674 3025 vel
697 2994 891 3025 diversarum
921 2993 1082 3024 rationum
1103 2993 1317 3034 partialium:
1340 2999 1370 3023 et

306 3040 349 3070 sic
373 3040 467 3071 etiam
490 3049 556 3070 non
579 3046 626 3070 est
640 3048 760 3074 verum,
786 3045 822 3069 ut
845 3047 881 3068 ex
904 3037 960 3068 illo
977 3037 1108 3069 articulo
1125 3037 1250 3068 Tertiae
1270 3036 1370 3068 Partis

982 274 1249 320 QUAESTIO
1278 274 1442 321 XXXII,
1472 275 1768 313 ARTICULUS
1798 277 1830 312 II

1434 361 1528 394 patet.
1554 355 1613 385 Vel
1633 364 1695 385 non
1709 356 1920 395 partialium:
1944 362 1975 386 et
1990 355 2033 386 sic
2049 363 2095 387 est
2109 366 2231 387 verum.
2248 358 2339 388 Unde
2355 365 2503 390 notanter

1434 409 1458 428 s.
1476 398 1620 429 Thomas
1644 398 1775 435 ibidem,
1807 399 1839 429 in
1864 399 1978 430 ultimo
2003 407 2208 439 argumento,
2240 411 2277 431 ex
2299 401 2362 432 hoc
2386 403 2500 433 eodem

1433 442 1643 473 fundamento
1667 452 1733 473 non
1757 443 1858 479 infert,
1883 454 1963 485 ergo
1986 445 2178 484 impossibile
2200 450 2248 475 est
2270 455 2370 475 unum
2390 446 2499 477 relati-

1434 496 1506 517 vum
1530 487 1594 517 dici
1616 487 1660 517 ad
1681 487 1765 518 duo:
1787 488 1851 524 sed,
1877 498 1956 528 ergo
1981 488 2173 528 impossibile
2195 494 2242 519 est
2260 489 2346 529 quod
2368 500 2433 520 una
2450 500 2499 521 re-

1433 531 1510 561 latio
1531 532 1722 561 terminetur
1735 531 1778 562 ad
1794 537 1938 562 extrema
1954 533 2083 562 omnino
2098 532 2238 570 diversa,
2255 543 2311 572 per
2326 533 2358 574 ly
2370 535 2499 565 omnino

1433 584 1498 604 non
1522 575 1663 615 partialia
1686 575 1832 606 innuens.
1848 594 1868 598 -
1884 576 1976 607 Voco
2000 583 2107 606 autem
2126 577 2254 607 relativa
2271 578 2440 617 partialia,
2465 578 2499 608 in

1431 619 1615 658 proposito,
1639 619 1693 649 illa
1715 629 1855 660 quorum
1884 620 2091 651 fundamenta
2114 620 2284 661 partialiter
2307 628 2500 652 concurrunt

1431 662 1471 692 ad
1494 672 1597 693 unum
1621 673 1755 694 numero
1780 663 1936 700 effectum,
1961 671 1998 695 ut
2020 671 2106 704 patet
2128 665 2167 695 de
2190 672 2278 705 patre
2294 671 2326 695 et
2339 672 2438 695 matre
2454 675 2500 696 re-

1431 713 1540 746 spectu
1563 706 1628 737 filii.

1487 750 1640 781 Consona
1672 757 1779 781 autem
1801 752 1922 782 veritati
1953 753 2058 792 glossa
2085 753 2162 783 haec
2190 752 2367 783 ostenditur
2397 763 2434 783 ex
2457 763 2498 784 eo

1431 794 1528 834 quod,
1553 794 1681 834 proprie
1703 795 1877 835 loquendo,
1902 796 2068 827 relativum
2092 807 2158 827 non
2177 797 2290 828 dicitur
2308 797 2372 833 bis,
2397 807 2497 838 quan-

1430 837 1472 867 do
1497 838 1589 877 plura
1612 848 1649 868 ex
1672 839 1784 868 eadem
1807 846 1894 879 parte
1917 841 2055 880 respicit,
2079 841 2170 881 quasi
2198 848 2302 881 partes
2330 841 2497 882 adaequati

1430 881 1575 911 extremi:
1601 882 1655 911 sed
1679 883 1808 922 quando
1831 892 1934 913 unum
1958 893 1996 914 ex
2018 894 2099 921 una,
2124 891 2155 915 et
2178 885 2312 915 alterum
2342 895 2378 915 ex
2401 885 2498 915 altera

1430 931 1517 964 parte
1548 925 1729 965 respiceret,
1761 926 1808 956 bis
1841 926 2008 964 diceretur;
2040 935 2076 958 ut
2106 929 2224 968 species
2257 929 2296 959 ad
2330 938 2443 968 genus⁴
2466 935 2497 960 et

1429 969 1469 998 ad
1492 969 1711 1006 individuum,
1744 976 1775 1000 et
1797 970 1924 1001 scientia
1953 971 2107 1002 diceretur
2133 973 2171 1002 ad
2203 972 2310 1003 scibile
2338 979 2370 1003 et
2396 973 2495 1003 scien-

1429 1019 1508 1049 tem,
1533 1019 1590 1043 etc.

1485 1057 1516 1087 S.
1534 1057 1679 1087 Thomas
1700 1067 1775 1097 ergo
1791 1057 1852 1094 hic,
1869 1065 1978 1089 contra
2000 1059 2262 1098 Praepositivum,
2285 1060 2420 1091 intendit
2436 1059 2495 1090 im·

1429 1100 1578 1140 possibile
1602 1111 1669 1131 esse
1692 1102 1780 1142 quod
1797 1111 1862 1131 una
1882 1102 1991 1132 relatio
2015 1103 2193 1133 secundum
2216 1103 2364 1143 speciem,
2383 1104 2497 1135 habeat

1429 1151 1566 1175 extrema
1594 1145 1789 1176 diversarum
1819 1146 1980 1176 rationum
2010 1156 2077 1177 non
2107 1147 2298 1186 partialium.
2331 1147 2495 1178 Processio

1429 1199 1567 1229 namque
1591 1196 1621 1219 et
1643 1189 1753 1220 filiatio
1781 1199 1847 1220 non
1871 1190 1987 1220 habent
2017 1190 2158 1231 partialia
2181 1190 2407 1227 fundamenta,
2441 1191 2496 1221 sed

1429 1233 1622 1263 diversarum
1653 1233 1787 1263 omnino
1818 1234 1979 1265 rationum
2009 1235 2186 1265 secundum
2210 1244 2244 1265 se
2265 1234 2494 1275 perfectarum:

1428 1277 1583 1318 quoniam
1606 1277 1704 1307 Filius
1728 1277 1863 1317 perfecte
1886 1278 2034 1308 terminat
2057 1288 2242 1318 processum
2258 1279 2444 1315 intellectus,
2465 1285 2498 1310 et

1428 1321 1570 1352 similiter
1585 1321 1719 1361 Spiritus
1732 1321 1865 1352 Sanctus
1881 1322 2038 1361 perfectus
2054 1329 2101 1353 est
2115 1322 2269 1353 terminus
2284 1322 2496 1363 processionis

1427 1365 1608 1396 voluntatis.
1634 1366 1669 1396 In
1692 1366 1799 1396 Tertia
1822 1373 1930 1397 autem
1952 1367 2052 1402 Parte,
2077 1373 2215 1397 extrema
2238 1366 2433 1397 diversarum
2447 1376 2495 1398 ra-

1427 1409 1553 1440 tionum
1578 1409 1719 1450 partialia
1742 1410 1876 1441 reddidit
1898 1409 2053 1446 filiationi,
2078 1417 2114 1441 ut
2136 1417 2231 1450 patet.

1484 1454 1596 1485 XVIII.
1622 1454 1657 1484 In
1679 1454 1885 1494 responsione
1909 1454 1948 1484 ad
1971 1455 2162 1491 secundum,
2187 1454 2324 1485 dubium
2347 1454 2493 1492 occurrit,

1426 1497 1504 1538 quid
1528 1497 1568 1528 sit
1589 1497 1755 1538 significari
1778 1503 1814 1528 ut
1836 1507 1905 1536 res,
1936 1505 1967 1529 et
1993 1498 2071 1539 quid
2094 1497 2260 1539 significari
2284 1504 2320 1529 ut
2342 1500 2436 1530 ratio.
2461 1498 2494 1530 Si

1426 1541 1512 1572 enim
1535 1541 1596 1572 hoc
1619 1542 1706 1572 idem
1729 1548 1775 1572 est
1797 1542 1887 1582 quod
1911 1542 2078 1582 significari
2101 1542 2134 1572 in
2158 1549 2306 1573 concreto
2330 1549 2361 1573 et
2383 1542 2416 1573 in
2439 1543 2494 1574 ab·

1426 1592 1554 1622 stract0,
1573 1585 1674 1616 littera
1690 1586 1874 1617 contradicit
1892 1586 1950 1617 sibi
1963 1585 1999 1616 ⁴²:
2024 1586 2099 1627 quia
2121 1587 2278 1626 sapientia
2302 1587 2495 1618 abstractum

1426 1639 1545 1660 nomen
1570 1636 1625 1666 est,
1650 1636 1680 1660 et
1702 1636 1809 1660 tamen
1832 1630 1871 1660 de
1895 1640 1932 1660 ea
1954 1630 2068 1661 dicitur
2081 1630 2211 1671 *quod
2226 1630 2366 1671 disponit
2383 1632 2493 1662 omnia

1424 1674 1579 1711 suaviter,
1604 1680 1673 1710 etc„
1698 1683 1764 1704 non
1787 1674 1931 1704 obstante
1955 1674 2013 1704 sibi
2036 1674 2091 1705 tali
2110 1674 2211 1705 modo
2231 1673 2436 1715 significandi.
2460 1674 2493 1706 Si

1425 1724 1534 1748 autem
1556 1717 1729 1748 intenditur
1752 1717 1925 1749 differentia
1954 1718 2035 1748 inter
2062 1728 2129 1748 rem
2151 1718 2268 1749 realem
2291 1725 2323 1749 et
2343 1718 2492 1755 rationis,

1425 1761 1590 1792 manifeste
1618 1761 1735 1792 falsum
1759 1761 1887 1792 dicitur:
1911 1762 2068 1802 quoniam
2095 1762 2263 1802 paternitas
2286 1771 2354 1793 rem
2376 1762 2493 1793 realem

1425 1804 1588 1845 significat,
1613 1805 1695 1836 sicut
1717 1812 1748 1836 et
1772 1805 1933 1845 sapientia.

1482 1850 1565 1880 XIX.
1590 1849 1641 1879 Ad
1663 1849 1726 1880 hoc
1750 1849 1863 1880 dicitur
1885 1849 1983 1890 quod,
2008 1848 2082 1890 quia
2106 1849 2139 1890 ly
2163 1854 2198 1879 ut
2221 1849 2361 1890 aliquam
2384 1850 2493 1880 condi·

1424 1893 1547 1924 tionem
1569 1893 1721 1933 importat
1728 1901 1736 1929 ;
1761 1900 1792 1923 et
1811 1893 1951 1924 conditio
1975 1893 2019 1923 rei
2042 1900 2089 1924 est
2106 1892 2235 1924 existere
2256 1894 2308 1924 vel
2327 1893 2494 1925 subsistere

1426 1936 1527 1980 (nulla
1550 1936 1709 1978 siquidem
1732 1946 1790 1973 res,
1814 1944 1851 1968 ut
1873 1947 1932 1974 res,
1956 1944 2003 1967 est
2025 1937 2085 1967 nisi
2108 1937 2163 1974 sit;
2188 1944 2219 1968 et
2241 1937 2384 1968 similiter
2407 1937 2494 1969 nulla

1424 1991 1472 2012 res
1488 1988 1526 2012 ut
1540 1991 1588 2012 res
1611 1979 1813 2021 significatur,
1835 1981 1896 2011 nisi
1912 1988 1948 2012 ut
1966 1990 2021 2011 ens
2038 1991 2094 2011 seu
2118 1980 2251 2012 existens
2270 1979 2492 2024 significetur);

1424 2025 1503 2056 ratio
1519 2031 1627 2056 autem
1643 2025 1718 2066 quia
1733 2025 1951 2056 innotescendi
1967 2025 2064 2066 gratia
2080 2025 2123 2056 vl
2145 2026 2334 2066 Topicorum
2346 2025 2365 2045 *
2379 2025 2495 2058 dicitur
2519 2030 2598 2059 ’C-p.
2607 2036 2624 2059 ι,
2639 2037 2662 2053 ιι.
2673 2031 2696 2053 ⁶.

1423 2069 1564 2106 inventa,
1588 2069 1845 2110 principiumque
1866 2069 1997 2100 notitiae
2020 2069 2060 2100 sit
2082 2075 2170 2100 actus
2193 2076 2224 2100 et
2245 2069 2365 2106 forma,
2389 2079 2428 2101 ex
2449 2070 2493 2101 tx

1423 2114 1606 2154 Metaphys.
1623 2113 1659 2150 *;
1683 2113 1824 2144 conditio
1847 2113 1977 2144 rationis
2001 2120 2057 2149 est,
2082 2120 2118 2144 ut
2141 2113 2181 2144 sit
2199 2113 2373 2144 formaliter
2387 2113 2493 2146 notifi-

1425 2157 1538 2194 cativa,
1563 2164 1594 2188 et
1616 2157 1896 2198 proportionaliter
1918 2164 1954 2188 ut
1976 2156 2170 2198 significetur
2192 2163 2228 2188 ut
2250 2157 2384 2188 formale
2406 2158 2493 2199 prin-

1425 2202 1545 2242 cipium
1564 2201 1597 2231 in
1620 2201 1862 2241 cognoscendo:
1887 2201 1930 2232 sic
1954 2202 2040 2232 enim
2063 2201 2181 2232 modus
2203 2201 2400 2242 significandi
2423 2211 2494 2233 cor-

1424 2245 1595 2286 respondet
1623 2244 1798 2275 conditioni
1827 2245 1957 2275 rationis
1986 2252 2022 2276 ut
2048 2245 2127 2276 ratio
2157 2251 2214 2276 est.
2247 2246 2288 2276 Et
2310 2245 2385 2287 quia
2415 2245 2498 2278 haee

1424 2295 1567 2319 exercent
1589 2289 1779 2319 abstractum
1804 2295 1836 2319 et
1858 2295 2061 2325 concretum,
2090 2289 2164 2319 ideo
2187 2290 2373 2320 conceditur
2402 2290 2493 2331 quod

1423 2332 1590 2373 significari
1614 2338 1650 2363 ut
1673 2342 1735 2370 res,
1761 2332 1910 2364 coincidit
1924 2342 1999 2363 cum
2014 2339 2172 2369 concreto,
2190 2340 2221 2364 et
2235 2339 2272 2364 ut
2294 2335 2390 2372 ratio,
2415 2342 2491 2365 cum

1423 2377 1589 2407 abstracto.

1481 2421 1523 2451 Et
1545 2420 1585 2450 ad
1608 2419 1821 2450 obiectionem
1853 2420 1887 2450 in
1919 2420 2108 2460 oppositum
2136 2420 2251 2451 dicitur
2278 2421 2386 2461 quod,
2417 2421 2491 2453 licet

1423 2464 1574 2495 omnibus
1596 2464 1765 2500 abstractis,
1783 2474 1820 2494 ex
1835 2464 1935 2495 modo
1951 2463 2156 2504 significandi,
2174 2474 2347 2496 commune
2365 2465 2406 2496 sit
2423 2474 2490 2496 non

1424 2518 1597 2548 congruere
1621 2508 1874 2548 operationibus;
1898 2508 1979 2539 inter
2002 2509 2154 2539 abstracta
2176 2515 2283 2539 tamen
2306 2515 2354 2540 est
2374 2518 2491 2550 magna

1423 2552 1558 2584 latitudo
1581 2561 1619 2582 ex
1637 2558 1724 2592 parte
1747 2552 1846 2592 ipsius
1868 2552 1999 2583 rationis
2017 2552 2159 2583 formalis
2175 2552 2374 2592 significatae.
2399 2552 2490 2590 Quo-

1423 2596 1559 2628 rundam
1582 2596 1668 2626 enim
1698 2596 1777 2627 ratio
1809 2595 1950 2627 formalis
1977 2597 2154 2627 secundum
2182 2606 2215 2626 se
2238 2597 2365 2628 nullutn
2395 2596 2491 2628 habet

1423 2640 1569 2671 ordinem
1591 2641 1631 2670 ad
1655 2650 1757 2680 opus,
1791 2647 1827 2671 ut
1855 2646 1941 2680 patet
1971 2640 2004 2670 in
2032 2640 2253 2671 relationibus:
2284 2641 2490 2682 quorundam

1423 2691 1530 2715 autem
1554 2685 1731 2715 secundum
1753 2694 1786 2714 se
1810 2684 1905 2715 habet
1928 2684 2072 2715 ordinem
2095 2685 2136 2715 ad
2158 2694 2251 2725 opus,
2275 2691 2312 2716 ut
2337 2685 2490 2725 sapientia

1424 2729 1463 2759 ad
1486 2728 1640 2765 ordinare,
1670 2728 1788 2759 iustitia
1821 2729 1861 2758 ad
1894 2728 2022 2759 reddere
2045 2728 2219 2770 unicuique
2250 2728 2319 2767 ius,
2351 2735 2409 2760 etc.
2434 2729 2490 2760 Illa

1424 2773 1576 2803 abstracta
1598 2782 1680 2813 quae
1704 2782 1740 2802 ex
1763 2782 1796 2803 re
1819 2772 1991 2803 formaliter
2013 2772 2186 2812 significata
2209 2783 2292 2813 opus
2307 2772 2487 2814 respiciunt,

1424 2826 1598 2856 congruam
1621 2816 1875 2856 propositionem
1903 2816 2092 2853 admittunt,
2123 2823 2160 2848 ut
2189 2816 2221 2847 in
2249 2817 2351 2848 littera
2379 2817 2419 2847 de
2441 2826 2489 2848 sa-

1424 2860 1542 2901 pientia
1565 2867 1596 2891 et
1617 2860 1777 2891 intellectu
1802 2860 1915 2891 dicitur
1930 2860 1957 2890 *.
1982 2860 2118 2901 Reliqua
2136 2867 2253 2896 autem,
2269 2867 2306 2891 ut
2320 2859 2490 2900 paternitas

1425 2911 1455 2935 et
1477 2904 1616 2945 reliquae
1640 2903 1805 2940 notiones,
1833 2904 1907 2945 quia
1930 2914 1988 2935 nec
2011 2914 2048 2935 ex
2071 2904 2171 2935 modo
2194 2903 2406 2944 significandi,
2430 2914 2489 2936 nec

1425 2958 1461 2979 ex
1484 2948 1611 2989 propria
1634 2948 1755 2979 ratione
1778 2948 1917 2984 formali,
1935 2948 2039 2989 operis
2055 2947 2208 2989 principia
2230 2954 2314 2984 sunt,
2334 2957 2490 2989 congruas

1425 2992 1658 3023 enuntiationes
1680 2991 1794 3022 habere
1818 3002 1884 3023 non
1908 2999 2043 3033 possunt
2065 2992 2145 3023 circa
2167 2992 2378 3032 operationes,
2403 2992 2487 3035 utin

1426 3036 1527 3067 littera
1550 3036 1673 3068 dicitur.
1698 3036 1790 3067 Unde
1814 3036 1902 3066 nulla
1925 3043 1972 3067 est
1995 3035 2210 3068 contradictio-

2520 1592 2532 1605 ⁸
2545 1592 2577 1615 Cf
2587 1596 2636 1616 not.
2650 1602 2671 1618 ν.

2519 1637 2531 1648 ·
2539 1636 2709 1665 svmmvm.
2715 1643 2735 1660 r.

2517 2118 2529 2130 ⁸
2542 2119 2576 2142 Ca
2593 2134 2600 2140 .
2612 2124 2645 2141 tx.
2655 2130 2667 2136 -
2677 2118 2731 2142 Did.

2519 2177 2586 2194 num.
2600 2161 2627 2194 63
2635 2151 2688 2174 σιμ
2698 2151 2730 2174 κ’

2515 2866 2524 2876 ·
2540 2864 2576 2888 Cf.
2591 2865 2632 2888 eit.
2645 2869 2695 2888 not.
2705 2873 2728 2890 ν.
