2768 4178
309 260 380 307 148

303 349 397 380 posse
412 338 585 378 intelligere
604 345 635 369 et
650 338 824 378 significare
837 339 1076 380 perfectionem,
1089 347 1167 380 puta
1179 339 1376 380 sapientiam,

303 385 422 425 absque
445 383 657 414 intellectione
681 390 711 414 et
734 382 963 424 significatione
994 384 1219 415 conditionum
1246 395 1378 416 suarum

302 439 382 470 quas
405 429 500 459 habet
521 428 554 458 in
579 437 622 464 re,
640 434 718 468 puta
741 428 830 469 quod
853 428 893 460 sit
915 428 1002 459 idern
1026 439 1102 459 cum
1120 429 1207 466 aliis,
1232 435 1287 460 aut
1310 439 1377 460 non

302 473 398 504 idem.
424 473 516 504 Unde
541 472 786 514 consequentiae
809 473 886 504 istae
904 473 983 504 nihil
998 473 1120 504 valent:
1146 473 1307 514 Sapientia
1331 480 1378 505 est

302 518 336 549 in
360 516 508 548 creaturis
539 526 587 547 res
615 517 761 548 distincta
784 527 802 548 a
825 517 956 554 iustitia,
983 524 1057 553 etc.,
1082 527 1157 558 ergo
1181 527 1302 548 nomen
1324 527 1376 549 sa-

295 563 451 603 pientiae,
469 561 590 592 dictum
607 562 645 592 de
665 561 824 598 creaturis,
845 561 999 603 significat
1015 561 1204 602 sapientiam
1223 572 1298 593 cum
1314 562 1376 593 dis-

302 606 454 638 tinctione
478 606 545 637 eius
560 616 578 636 a
592 605 720 643 iustitia,
742 613 818 643 etc.;
843 606 925 638 sicut
948 617 1013 637 non
1029 606 1125 637 valet:
1151 607 1319 644 Quantitas
1342 607 1376 638 in

301 651 406 682 mixtis
430 657 477 682 est
495 661 544 681 res
561 650 731 682 coniuncta
747 651 857 687 colori,
883 661 958 692 ergo
978 661 1097 682 nomen
1114 652 1238 692 quanti,
1254 651 1376 683 dictum

262 700 267 705 “
302 696 341 726 de
360 695 474 732 mixtis,
495 694 649 736 significat
672 695 882 736 quantitatem
906 696 1110 726 coniunctam
1134 695 1245 732 colori,
1271 702 1329 727 etc.

59 1772 154 1821 Lbssffi.
169 1778 217 1800 seq.

59 2220 70 2230 ⁶
85 2219 157 2241 Num.
171 2224 210 2246 vn,
226 2225 273 2240 vui.

357 740 514 776 Secundo,
539 740 625 781 quia,
643 740 802 782 quidquid
818 740 858 771 sit
873 740 912 771 de
929 740 1165 781 consequentia,
1181 740 1250 781 ipsa
1268 746 1375 771 tamen

301 785 481 826 propositio
497 794 706 826 consequens,
723 785 756 815 in
780 795 844 826 qua
860 792 1053 816 sustentatur
1075 794 1223 825 praesens
1245 785 1374 825 positio,

302 837 349 860 est
364 829 396 859 in
413 839 445 860 se
462 829 549 861 falsa.
573 829 615 860 Et
630 829 850 860 manifestatur
872 829 935 860 hoc
954 829 1085 866 ratione,
1111 829 1165 860 sic.
1190 829 1377 870 Sapientiae

302 884 431 910 nomen,
449 874 602 911 absolute,
627 881 683 905 aut
698 872 852 914 significat
867 874 1054 915 sapientiam
1070 873 1202 911 finitam,
1227 880 1283 905 aut
1305 873 1376 904 infi-

301 919 418 955 nitam,
444 925 499 950 aut
521 925 705 960 utramque;
731 925 786 950 aut
813 926 926 949 neutro
957 919 1077 955 modo,
1105 918 1160 949 sed
1184 917 1334 949 abstrahit
1357 928 1376 949 a

301 963 420 994 finitate
440 970 471 994 et
491 962 654 994 infinitate.
678 963 753 994 Non
769 963 928 1003 primum:
953 963 1029 1004 quia
1052 963 1096 994 sic
1111 963 1172 994 ista
1191 969 1272 994 esset
1285 962 1374 1000 falsa,

300 1009 391 1039 Deus
415 1014 462 1039 est
483 1009 621 1048 sapiens.
641 1008 717 1038 Non
740 1007 935 1038 secundum:
958 1007 1034 1049 quia
1049 1007 1093 1038 sic
1108 1003 1167 1039 ista
1183 1014 1264 1039 esset
1286 1007 1373 1045 falsa,

301 1053 395 1083 homo
411 1058 458 1083 est
472 1053 611 1093 sapiens.
630 1053 696 1083 Nec
720 1052 865 1083 tertium:
887 1052 963 1093 quia
986 1052 1031 1083 sic
1050 1059 1184 1093 utraque
1201 1052 1375 1093 praedicta-

301 1108 374 1128 rum
398 1104 479 1128 esset
502 1097 588 1127 falsa.
614 1097 700 1137 Ergo
728 1103 889 1137 quartum.
914 1097 956 1128 Et
978 1097 1005 1128 si
1029 1097 1091 1134 sic,
1124 1107 1213 1137 ergo,
1239 1097 1375 1128 dicendo

300 1143 394 1173 homo
418 1147 465 1173 est
494 1142 639 1182 sapiens,
665 1147 696 1172 et
724 1141 816 1172 Deus
846 1146 892 1172 est
921 1142 1067 1182 sapiens,
1096 1141 1130 1183 ly
1156 1143 1286 1183 sapiens
1308 1152 1376 1173 non

301 1186 402 1227 magis
422 1185 576 1226 significat
591 1186 669 1227 quid
689 1185 874 1217 distinctum
893 1186 926 1216 in
943 1186 1046 1226 prima
1062 1196 1162 1228 quam
1176 1186 1209 1217 in
1225 1187 1374 1224 secunda,

301 1231 376 1272 quia
400 1230 582 1271 simpliciter
606 1238 636 1262 et
659 1230 805 1261 absolute
827 1231 861 1261 in
878 1237 1011 1272 utraque
1030 1231 1238 1272 praedicatur,
1255 1232 1376 1273 absque

301 1275 462 1306 additione
486 1275 602 1316 aliqua.
627 1293 647 1298 -
670 1275 712 1306 Et
735 1274 957 1306 confirmatur:
983 1276 1058 1317 quia
1086 1276 1256 1317 positionis
1279 1277 1375 1307 huius

301 1327 412 1351 auctor
428 1320 461 1351 in
477 1320 539 1351 hoc
554 1319 679 1351 videtur
698 1320 859 1361 deceptus,
875 1321 964 1361 quod
981 1331 1047 1351 non
1064 1320 1203 1352 distinxit
1217 1321 1298 1352 inter
1313 1321 1375 1352 for-

301 1365 385 1396 male
408 1364 620 1405 significatum
638 1364 795 1401 nominis,
827 1371 857 1396 et
879 1365 1040 1396 materiale
1064 1366 1270 1407 suppositum
1294 1366 1375 1397 eius-

302 1410 385 1441 dem.
404 1409 559 1448 Quamvis
575 1409 671 1446 enim,
689 1419 764 1440 cum
780 1409 851 1440 dico
868 1410 961 1441 homo
978 1415 1024 1441 est
1034 1412 1176 1451 sapiens,
1189 1410 1222 1452 ly
1233 1412 1374 1452 sapiens,

301 1455 400 1495 gratia
423 1454 572 1485 materiae
602 1454 777 1490 subiectae,
802 1454 961 1496 praedicet
984 1465 1052 1485 rem
1075 1455 1272 1492 distinctam,
1298 1462 1374 1492 etc.,

301 1500 377 1540 quia
400 1499 517 1530 scilicet
539 1499 608 1540 ipsa
631 1498 785 1539 sapientia
812 1498 844 1529 in
868 1499 1001 1530 homine
1025 1506 1072 1531 est
1094 1510 1143 1531 res
1168 1499 1313 1531 distincta
1335 1500 1375 1531 ab

302 1544 370 1575 eius
394 1554 470 1580 esse,
487 1550 562 1580 etc.;
588 1553 625 1574 ex
648 1543 774 1574 formali
797 1550 905 1574 tamen
921 1554 981 1574 suo
1006 1543 1181 1584 significato
1197 1555 1264 1575 non
1285 1555 1375 1586 prae-

302 1589 385 1620 dicat
408 1588 467 1619 nisi
491 1588 666 1629 sapientem
690 1598 767 1625 esse,
793 1588 858 1619 sive
881 1588 1014 1619 limitate
1038 1589 1103 1620 sive
1127 1599 1194 1620 non
1213 1589 1256 1620 ibi
1273 1589 1313 1621 sit
1328 1599 1375 1620 se-

301 1633 444 1665 cundum
468 1643 546 1664 rem.

354 1678 408 1709 VI.
433 1678 484 1709 Ad
508 1677 698 1708 evidentiam
721 1677 858 1715 horum,
883 1677 942 1708 tria
965 1677 1066 1709 facere
1089 1684 1233 1719 oportet:
1258 1679 1374 1719 primo,

301 1724 456 1754 declarare
479 1722 633 1753 terminos
657 1729 855 1763 assumptos;
880 1722 1038 1759 secundo,
1070 1723 1236 1754 excludere
1258 1723 1375 1754 falsum

302 1778 431 1798 sensum
454 1767 550 1798 huius
574 1777 741 1807 processus
755 1767 788 1803 *;
814 1766 917 1803 tertio,
942 1767 1141 1798 manifestare
1164 1778 1277 1798 verum
1294 1768 1339 1800 **.
1356 1785 1375 1791 -

301 1812 386 1844 Scito
411 1812 501 1853 quod
524 1811 698 1851 significare
722 1811 842 1852 aliquid
864 1818 900 1842 ut
920 1812 1115 1849 distinctum,
1133 1822 1188 1843 seu
1204 1812 1238 1843 in
1253 1812 1375 1844 ratione

302 1857 448 1893 distincti,
466 1856 622 1896 contingit
644 1856 820 1896 dupliciter.
846 1857 920 1887 Uno
941 1857 1052 1893 modo,
1068 1857 1272 1898 formaliter,
1295 1857 1376 1893 idest

301 1900 475 1942 significare
494 1901 615 1942 aliquid
630 1907 661 1931 et
680 1900 917 1932 distinctionem
935 1900 1020 1932 illius
1039 1902 1077 1932 ab
1095 1901 1177 1932 aliis:
1203 1908 1234 1932 et
1247 1901 1291 1933 sic
1307 1912 1374 1932 non

301 1946 486 1986 intelligitur
501 1945 533 1976 in
549 1945 661 1976 littera.
686 1945 760 1976 Alio
777 1945 878 1976 modo
885 1945 1195 1986 fundamentaliter,
1221 1956 1276 1977 seu
1302 1956 1375 1977 cau-

301 1991 421 2021 saliter:
447 1997 478 2021 et
496 1990 559 2020 hoc
583 1996 629 2020 est
653 1989 826 2030 significare
842 1989 963 2031 aliquid
987 1997 1023 2021 ut
1047 1989 1184 2021 fundans
1200 1990 1374 2022 distinctio—

302 2046 377 2066 nem
393 2035 441 2066 sui
458 2035 497 2065 ab
519 2034 597 2066 aliis.
622 2034 663 2065 Et
679 2034 723 2065 sic
738 2034 876 2066 sumitur
890 2034 922 2065 in
939 2035 1116 2075 proposito.
1136 2035 1273 2067 Intendit
1289 2036 1375 2067 enim

301 2080 401 2111 littera
421 2079 510 2120 quod
531 2078 693 2120 sapientia,
710 2086 741 2110 et
756 2079 816 2110 alia
832 2079 1029 2116 huiusmodi,
1047 2079 1223 2120 significent
1241 2080 1274 2111 in
1292 2091 1374 2112 crea-

301 2125 389 2161 turis,
415 2135 480 2155 non
504 2124 590 2165 quod
612 2123 689 2165 quid
707 2129 753 2155 est
770 2124 941 2165 sapientiae
957 2130 987 2155 et
1002 2124 1237 2156 distinctionem
1262 2126 1332 2156 eius
1354 2136 1374 2157 a

303 2170 435 2206 iustitia,
454 2169 509 2199 sed
523 2168 608 2209 quod
622 2169 699 2208 quid
714 2173 760 2199 est
784 2168 954 2209 sapientiae
971 2175 1007 2200 ut
1011 2168 1141 2210 fundat
1155 2169 1373 2201 diversitatem

301 2215 354 2245 sui
369 2224 389 2244 a
412 2214 544 2244 iustitia.
570 2213 642 2243 Hoc
666 2219 784 2249 autem,
809 2220 845 2244 ut
867 2213 949 2243 infra
964 2211 980 2228 *
1003 2213 1132 2253 patebit,
1157 2224 1223 2244 non
1247 2214 1375 2245 aliunde

302 2259 396 2289 habet
419 2257 572 2298 sapientia
588 2267 686 2298 quam
701 2267 738 2288 ex
761 2267 819 2288 sua
834 2257 1026 2298 quidditate:
1051 2264 1083 2289 et
1100 2257 1184 2294 ideo,
1201 2258 1375 2298 significare

303 2302 490 2344 sapientiam
509 2308 544 2332 ut
560 2301 739 2332 distinctam
755 2302 794 2332 ab
811 2302 889 2338 aliis,
906 2301 986 2332 nihil
1002 2301 1089 2332 aliud
1105 2309 1151 2333 est
1166 2313 1265 2344 quam
1281 2303 1374 2343 signi-

302 2347 394 2378 ficare
418 2346 606 2387 sapientiam
624 2353 660 2377 ut
683 2346 903 2387 quidditatem.
919 2364 940 2369 -
954 2346 1042 2377 Cum
1060 2353 1167 2378 autern
1184 2347 1275 2378 audis
1289 2348 1322 2389 ly
1335 2348 1376 2379 ab

303 2393 387 2430 aliis,
406 2401 471 2422 non
488 2391 642 2431 intelligas
667 2391 705 2421 ab
725 2390 878 2422 universis
899 2390 1020 2422 ceteris:
1045 2391 1201 2432 quoniam
1217 2392 1261 2423 sic
1277 2402 1375 2423 omne

303 2446 423 2467 nomen
448 2436 542 2467 etiam
565 2435 599 2466 in
618 2436 688 2466 Deo
713 2435 867 2475 significat
890 2435 1011 2476 aliquid
1036 2435 1230 2473 distinctum,
1255 2447 1313 2468 nec
1329 2444 1375 2468 est

302 2482 335 2512 in
350 2481 412 2512 hoc
428 2480 600 2511 differentia
616 2480 722 2521 aliqua
737 2479 818 2511 inter
831 2479 963 2511 nomina
980 2480 1087 2510 divina
1103 2487 1134 2512 et
1150 2488 1373 2513 creaturarum.

303 2526 365 2557 Sed
380 2525 534 2565 intelligas
550 2525 590 2555 ab
605 2525 680 2556 aliis
688 2524 942 2566 perfectionibus
956 2525 1156 2566 simpliciter,
1171 2526 1221 2556 vel
1244 2526 1284 2557 ab
1300 2526 1376 2558 aliis

296 2570 503 2612 possibilibus
518 2571 550 2600 in
568 2570 675 2600 eodem
692 2571 842 2608 inveniri,
858 2576 894 2600 ut
908 2569 1010 2601 littera
1034 2577 1140 2610 aperte
1155 2580 1229 2610 prae
1248 2581 1281 2601 se
1305 2571 1373 2603 fert.

356 2615 424 2646 VII.
449 2615 557 2645 Potest
580 2621 688 2645 autem
718 2624 885 2655 processus
917 2614 976 2646 iste
1007 2613 1121 2645 habere
1146 2615 1227 2645 duos
1251 2625 1373 2647 sensus.

301 2660 432 2691 Primus
456 2666 510 2695 est,
535 2665 571 2690 ut
592 2669 629 2690 ex
647 2658 808 2690 identitate
831 2665 862 2690 et
876 2658 1078 2691 distinctione
1101 2660 1185 2690 reali
1207 2660 1374 2700 perfectio-

302 2714 383 2735 num
406 2703 557 2734 inferatur
581 2703 753 2734 differentia
777 2703 958 2742 nominum,
978 2703 1087 2746 quoad
1107 2703 1282 2745 significare
1305 2715 1374 2745 per-

302 2748 474 2780 fectionem
497 2754 533 2779 ut
556 2747 754 2784 distinctam,
782 2755 812 2779 et
836 2748 1009 2789 significare
1033 2758 1098 2779 non
1123 2755 1159 2780 ut
1183 2749 1373 2781 distinctam.

302 2793 344 2824 Et
367 2793 453 2824 quta
475 2792 562 2823 hunc
585 2802 715 2823 sensum
742 2793 920 2833 procedunt
950 2793 1145 2825 obiectiones
1169 2793 1278 2825 factae.
1313 2794 1374 2826 Sed

302 2837 353 2868 hic
373 2847 483 2868 sensus
507 2843 553 2868 est
577 2836 683 2874 falsus,
708 2843 745 2868 ut
768 2837 947 2869 obiiciendo
967 2839 1139 2879 probatum
1163 2845 1225 2870 est:
1251 2848 1309 2870 nec
1328 2845 1375 2870 est

302 2882 442 2913 intentus
461 2881 494 2912 in
510 2881 621 2912 littera.
638 2899 658 2904 —
673 2882 765 2912 Alter
787 2892 862 2912 vero
888 2893 998 2914 sensus
1022 2890 1078 2920 est,
1094 2889 1130 2914 ut
1153 2893 1190 2914 ex
1213 2883 1374 2915 identitate

303 2934 334 2958 et
348 2925 550 2958 distinctione
560 2925 704 2967 formali
719 2926 954 2967 perfectionum
972 2927 1124 2959 inferatur
1143 2928 1301 2968 praedicta
1317 2939 1374 2959 no-

302 2971 428 3002 minum
452 2970 635 3002 differentia.
660 2971 702 3002 Et
724 2970 775 3002 hic
798 2981 908 3003 sensus
933 2979 979 3004 est
1003 2973 1157 3010 intentus,
1182 2982 1286 3013 verus,
1311 2973 1375 3004 for-

303 3016 404 3052 malis,
429 3022 460 3046 et
483 3015 677 3046 concludens
700 3015 869 3047 intentum.

357 3061 407 3091 Ad
424 3060 515 3091 cuius
536 3059 737 3097 evidentiam,
755 3060 834 3092 scito
850 3062 938 3102 quod
956 3062 1034 3093 duas
1051 3061 1260 3102 perfectiones
1274 3061 1373 3103 iungi,

303 3106 343 3136 ad
366 3104 587 3145 propositum,
617 3105 772 3145 contingit
803 3105 985 3146 dupliciter:
1017 3106 1134 3138 scilicet
1164 3106 1318 3145 idenfice,
1344 3113 1376 3138 et

295 3150 496 3192 formaliter.
522 3149 658 3180 Identice
674 3149 816 3191 quidem,
842 3156 878 3181 ut
893 3150 918 3180 si
938 3150 1096 3191 fingamus
1116 3151 1207 3192 quod
1222 3151 1375 3193 sapientia

303 3194 439 3225 Socratis
455 3200 485 3225 et
501 3194 569 3225 eius
586 3194 703 3225 iustitia
719 3194 781 3225 sint
796 3202 927 3226 unamet
946 3206 1005 3227 res.
1018 3213 1039 3218 -
1055 3195 1242 3227 Formaliter
1256 3203 1373 3232 autem,

303 3245 408 3279 potest
431 3238 596 3278 imaginari
621 3238 797 3280 dupliciter.
822 3239 942 3278 Primo,
967 3240 992 3271 si
1016 3239 1174 3281 fingamus
1197 3241 1287 3282 quod
1302 3250 1375 3281 pro-

304 3283 372 3324 pria
394 3282 474 3314 ratio
498 3283 640 3314 formalis
656 3283 828 3324 sapientiae
848 3290 879 3315 et
901 3284 1030 3325 propria
1053 3285 1133 3316 ratio
1157 3284 1294 3316 iustitiae
1313 3284 1376 3316 sint

304 3338 369 3358 una
392 3327 472 3358 ratio
496 3327 654 3364 formalis,
680 3327 723 3359 ita
746 3328 837 3369 quod
860 3328 913 3359 illa
937 3339 1001 3360 una
1025 3329 1104 3360 ratio
1128 3339 1195 3361 non
1219 3329 1259 3361 sit
1285 3329 1375 3361 tertia

304 3372 402 3408 ratio,
423 3372 477 3402 sed
501 3372 541 3403 sit
563 3379 688 3403 tantum
719 3373 848 3414 propria
871 3373 1042 3414 sapientiae
1066 3380 1097 3405 et
1119 3373 1255 3405 iustitiae
1283 3373 1373 3405 ratio.

304 3416 345 3446 Et
368 3415 553 3447 huiusmodi
576 3416 723 3448 identitas
747 3424 793 3448 est
816 3417 1000 3459 simpliciter
1023 3418 1245 3460 impossibilis,
1270 3418 1375 3459 impli-

305 3470 443 3501 cansque
466 3461 532 3491 duo
556 3461 810 3493 contradictoria.
834 3462 866 3494 Si
891 3462 977 3493 enim
1000 3463 1072 3494 illae
1102 3464 1184 3494 duae
1207 3473 1273 3494 non
1302 3469 1376 3494 sunt

305 3514 370 3535 una
392 3504 472 3535 ratio
491 3505 594 3542 tertia,
619 3516 694 3547 ergo
717 3516 784 3537 non
807 3514 883 3538 sunt
901 3517 966 3546 una
989 3507 1084 3539 ratio:
1109 3507 1265 3550 quoniam
1288 3507 1376 3539 nulla

305 3548 386 3579 ratio
410 3555 456 3579 est
470 3548 639 3581 identitatis
664 3550 806 3582 formalis
823 3551 918 3583 unius
939 3552 979 3582 ad
1002 3552 1107 3590 aliam,
1125 3563 1161 3583 ex
1178 3562 1245 3594 quo
1265 3561 1375 3583 secun-

306 3593 385 3624 dum
401 3602 434 3623 se
457 3603 522 3624 non
539 3601 613 3625 sunt
636 3605 709 3627 una.
737 3596 778 3627 Et
794 3596 820 3627 si
844 3596 906 3627 sint
930 3606 994 3627 una
1010 3597 1100 3634 ratio,
1125 3607 1201 3637 ergo
1221 3603 1296 3628 sunt
1311 3606 1375 3628 una

305 3637 394 3668 tertia
417 3637 509 3668 ratio:
535 3648 574 3669 eo
598 3640 687 3680 quod
710 3650 774 3671 una
798 3641 975 3672 secundum
1000 3651 1032 3672 se
1057 3651 1123 3672 non
1148 3648 1194 3673 est
1218 3641 1323 3673 altera.

1005 260 1275 307 QUAESTIO
1304 261 1410 307 XIII,
1444 261 1739 300 ARTICULUS
1767 262 1803 299 V

1486 341 1634 372 Secundo
1657 348 1764 382 potest
1786 342 1928 383 intelligi,
1946 342 1972 373 si
1988 341 2147 383 fingamus
2163 342 2321 373 rationem
2335 342 2506 383 sapientiae

1431 393 1463 417 et
1485 385 1642 417 rationem
1664 386 1801 418 iustitiae
1825 387 2000 418 eminenter
2025 386 2130 418 claudi
2153 387 2187 417 in
2210 397 2275 418 uua
2297 387 2419 418 ratione
2443 386 2506 417 for-

1431 430 1507 461 mali
1531 430 1703 471 superioris
1727 430 1865 468 ordinis,
1890 438 1921 463 et
1942 431 2128 463 identificari
2151 430 2334 462 formaliter.
2364 431 2407 462 Et
2427 430 2506 462 haec

1430 474 1577 506 identitas
1608 481 1655 506 est
1677 485 1743 506 non
1767 475 1876 506 solum
1905 475 2080 517 possibilis,
2106 476 2162 506 sed
2185 475 2224 506 de
2248 474 2332 506 facto
2355 474 2506 506 omnium

1430 519 1664 559 perfectionum
1687 519 1720 550 in
1743 520 1824 551 Deo.
1851 521 1926 551 Non
1950 527 1997 552 est
2020 521 2106 551 enirn
2137 520 2319 561 putandum
2348 519 2506 550 rationem

1430 563 1599 595 formalem
1614 564 1782 605 propriam
1795 565 1967 605 sapientiae
1983 575 2051 596 esse
2066 565 2100 596 in
2115 565 2201 596 Deo:
2222 565 2287 601 sed,
2303 570 2340 595 ut
2355 563 2388 594 in
2404 563 2507 595 littera

1430 608 1572 646 habetur,
1592 608 1672 640 ratio
1692 609 1864 650 sapientiae
1882 609 1915 640 in
1931 610 2012 647 Deo,
2031 620 2099 641 non
2115 609 2287 650 sapientiae
2306 608 2434 649 propria
2448 614 2505 645 est,

1430 653 1485 683 sed
1505 660 1551 684 est
1573 653 1703 694 propria
1718 654 1898 695 superioris,
1916 661 1995 695 puta
2018 654 2151 691 deitatis,
2169 660 2199 685 et
2218 652 2411 690 communis,
2426 652 2505 683 emi-

1430 697 1537 728 nentia
1559 697 1695 735 formali,
1713 698 1861 736 iustitiae,
1881 698 2025 736 bonitati,
2041 698 2212 740 potentiae,
2229 705 2287 730 etc.
2312 697 2400 729 Sicut
2419 696 2506 728 enim

1430 751 1478 772 res
1502 752 1584 783 quae
1604 749 1651 773 est
1674 742 1837 783 sapientia,
1855 750 1887 774 et
1909 753 1958 774 res
1977 754 2060 785 quae
2083 750 2130 775 est
2152 742 2271 774 iustitia
2286 743 2319 774 in
2344 740 2504 778 creaturis,

1430 786 1592 817 elevantur
1607 786 1641 817 in
1657 797 1757 818 unam
1772 797 1841 818 rem
1865 788 2037 828 superioris
2056 787 2186 824 ordinis,
2204 787 2321 818 scilicet
2344 786 2503 823 deitatem,

1430 837 1461 861 et
1483 830 1557 861 ideo
1581 837 1656 862 sunt
1679 841 1744 862 una
1767 841 1816 862 res
1839 832 1873 863 in
1888 832 1975 869 Deo;
2000 832 2045 864 ita
2066 832 2148 863 ratio
2167 831 2309 863 formalis
2333 830 2505 872 sapientiae

1430 881 1461 906 et
1483 874 1564 906 ratio
1588 875 1731 906 formalis
1750 876 1891 908 iustitiae
1915 877 2078 909 elevantur
2092 877 2126 907 in
2141 886 2242 907 unam
2264 876 2423 907 rationem
2441 875 2506 906 for-

1429 919 1548 950 malem
1571 919 1744 960 superioris
1767 920 1901 958 ordinis,
1928 921 2047 952 scilicet
2070 921 2228 952 rationem
2251 920 2416 962 propriam
2439 919 2505 951 dei-

1429 964 1511 1001 tatis,
1530 970 1561 995 et
1583 970 1659 995 sunt
1677 974 1742 995 una
1756 975 1893 996 numero
1917 965 1998 996 ratio
2014 965 2166 1002 formalis,
2187 965 2363 996 eminenter
2385 971 2505 996 utram-

1429 1019 1492 1050 que
1516 1008 1675 1039 rationem
1698 1008 1874 1046 continens,
1901 1020 1969 1041 non
1991 1016 2119 1041 tantum
2147 1009 2340 1046 virtualiter,
2365 1015 2402 1040 ut
2424 1009 2504 1040 ratio

1429 1053 1508 1084 lucis
1526 1053 1668 1085 continet
1685 1053 1843 1084 rationem
1859 1054 1981 1090 caloris,
2002 1054 2058 1085 sed
2073 1053 2257 1090 formaliter,
2274 1060 2311 1084 ut
2326 1052 2406 1084 ratio
2425 1053 2505 1084 lucis

1430 1098 1572 1129 continet
1595 1098 1754 1129 rationem
1783 1098 1907 1130 virtutis
1938 1098 2147 1130 calefactivae.
2173 1098 2267 1129 Unde
2300 1097 2505 1129 subtilissime

1430 1143 1576 1174 divinum
1599 1153 1624 1174 s.
1637 1143 1785 1174 Thornae
1807 1142 1990 1184 ingenium,
2015 1153 2053 1174 ex
2074 1143 2138 1174 hoc
2160 1142 2251 1184 quod
2278 1142 2359 1174 ratio
2381 1141 2505 1183 sapien-

1428 1188 1491 1219 tiae
1506 1187 1539 1218 in
1563 1187 1633 1218 Deo
1650 1194 1697 1218 est
1719 1187 1894 1219 formaliter
1914 1198 1981 1219 non
2005 1188 2114 1218 solum
2136 1187 2215 1229 ipsa,
2235 1187 2291 1218 sed
2306 1186 2403 1218 etiam
2425 1186 2506 1217 ratio

1429 1232 1576 1269 iustitiae,
1597 1239 1628 1263 et
1651 1239 1883 1274 consequenter
1906 1239 1953 1264 est
1974 1232 2055 1264 ratio
2079 1231 2209 1273 propria
2231 1241 2298 1263 non
2322 1230 2504 1272 sapientiae,

1430 1278 1485 1309 sed
1509 1276 1642 1308 alicuius
1665 1277 1765 1314 tertii,
1794 1277 1826 1308 in
1856 1277 2006 1308 creaturis
2030 1284 2139 1308 autem
2162 1283 2209 1308 est
2240 1275 2414 1308 formaliter
2436 1275 2506 1316 ipsa

1430 1321 1560 1363 propria
1582 1321 1662 1353 ratio
1686 1322 1867 1363 sapientiae,
1887 1321 2012 1353 intulit:
2037 1322 2123 1362 Ergo
2139 1321 2200 1352 alia
2214 1327 2262 1352 est
2276 1320 2358 1352 ratio
2381 1320 2505 1361 sapien-

1429 1367 1491 1398 tiae
1513 1367 1547 1398 in
1570 1367 1660 1403 Deo,
1686 1374 1717 1398 et
1740 1366 1800 1397 alia
1833 1366 2004 1407 sapientiae
2035 1366 2068 1397 in
2097 1366 2260 1402 creaturis;
2284 1375 2321 1396 ac
2344 1375 2401 1406 per
2423 1365 2504 1402 hoc,

1430 1421 1551 1443 nomen
1575 1421 1748 1442 commune
1771 1421 1839 1442 non
1863 1411 1978 1443 dicitur
2001 1411 2040 1442 de
2063 1411 2108 1442 eis
2132 1411 2311 1442 secundum
2333 1419 2434 1441 unam
2456 1419 2504 1441 ra-

1429 1456 1561 1488 tionem.
1587 1456 1687 1494 Quod
1701 1463 1737 1487 ut
1751 1455 1865 1487 clarius
1881 1455 2082 1497 percipiatur,
2099 1455 2244 1496 exempla
2260 1455 2447 1486 subdamus.
2471 1453 2505 1486 Si

1430 1501 1516 1532 enim
1528 1507 1710 1543 quaeratur:
1727 1501 1806 1542 quid
1820 1506 1867 1532 est
1879 1501 1974 1532 homo
1991 1501 2181 1542 inquantum
2197 1499 2355 1541 sapiens?
2372 1508 2505 1540 respon-

1430 1546 1554 1577 debitur
1576 1545 1667 1587 quod
1690 1545 1907 1585 ordinativus,
1930 1545 1982 1576 vel
2005 1545 2125 1586 aliquid
2148 1544 2346 1576 huiusmodi.
2371 1543 2405 1575 Si
2427 1553 2514 1581 vero,

1429 1597 1612 1632 quaeratur:
1637 1590 1716 1631 quid
1738 1595 1784 1621 est
1806 1590 1898 1621 Deus
1921 1591 2111 1631 inquantum
2127 1589 2285 1630 sapiens?
2307 1588 2504 1629 responden-

1429 1636 1510 1667 dum
1532 1642 1579 1666 est
1597 1635 1687 1676 quod
1710 1635 1836 1676 aliquid
1858 1635 2035 1666 eminenter
2046 1634 2254 1675 praehabens
2268 1635 2300 1664 in
2314 1643 2350 1665 se
2364 1642 2433 1664 esse
2450 1642 2504 1664 or-

1428 1678 1622 1712 dinativum.⁸
1651 1679 1715 1711 Ubi
1737 1678 1903 1710 manifeste
1927 1685 2013 1720 patet
2036 1679 2135 1720 quod,
2161 1678 2235 1709 licet
2256 1678 2290 1720 ly
2312 1678 2442 1719 sapiens
2465 1677 2506 1710 sit

1429 1735 1549 1756 nomen
1574 1734 1748 1755 commune
1769 1724 1840 1755 Deo
1857 1730 1888 1755 et
1902 1723 2037 1760 homini,
2054 1723 2134 1756 ratio
2150 1730 2258 1754 tamen
2274 1722 2442 1763 utriusque
2457 1732 2505 1753 se-

1429 1770 1573 1801 cundum
1588 1768 1670 1800 illud
1685 1778 1816 1805 nomen,
1833 1778 1900 1799 non
1915 1775 1962 1800 est
1977 1768 2112 1798 omnino
2131 1767 2261 1804 eadem;
2285 1773 2416 1808 propter
2430 1766 2503 1803 hoc,

1429 1814 1506 1856 quia
1521 1814 1601 1845 ratio
1617 1813 1790 1854 sapientiae
1808 1813 1842 1843 in
1857 1812 1990 1844 homine
2007 1818 2054 1843 est
2077 1811 2185 1843 solum
2198 1811 2277 1852 ipsa,
2293 1811 2327 1842 in
2343 1811 2413 1842 Deo
2427 1820 2504 1842 vero

1429 1866 1476 1890 est
1491 1859 1560 1900 ipsa
1574 1865 1605 1890 et
1622 1858 1714 1895 aliae;
1739 1857 1807 1888 imo
1829 1867 1887 1888 nec
1901 1856 1970 1897 ipsa
1986 1866 2045 1888 nec
2060 1856 2149 1893 aliae,
2165 1857 2220 1887 sed
2236 1856 2331 1887 altior
2345 1855 2505 1898 quaedam

1429 1903 1519 1935 ratio.
1545 1903 1586 1934 Et
1608 1903 1671 1934 hoc
1695 1908 1741 1933 est
1764 1902 1854 1943 quod
1877 1901 1910 1932 in
1933 1901 2045 1938 littera,
2070 1907 2162 1933 acute
2181 1907 2354 1943 perspecta,
2379 1899 2504 1932 dicitur.

1484 1948 1568 1979 VIII.
1588 1948 1640 1979 Ad
1663 1946 1858 1978 obiectiones
1882 1953 1990 1977 autem
2012 1946 2046 1977 in
2070 1945 2260 1987 oppositum
2274 1944 2292 1965 *
2315 1944 2438 1977 dicitur.
2463 1944 2506 1976 Et

1429 1993 1473 2024 ad
1482 1994 1627 2034 primam
1645 1991 1777 2033 quidem
1793 1991 1916 2027 dicitur,
1934 1991 2024 2032 quod
2047 2000 2216 2032 processus
2230 1990 2289 2022 iste
2312 1995 2379 2021 non
2402 1989 2506 2031 arguit

1429 2048 1467 2069 ex
1481 2037 1720 2068 conditionibus
1738 2045 1846 2067 rerum
1861 2036 1902 2066 ad
1917 2035 2118 2067 conditiones
2138 2034 2320 2071 nominum,
2340 2034 2504 2072 absolute;

1429 2083 1485 2113 sed
1508 2092 1546 2113 ex
1569 2081 1747 2113 diversitate
1769 2080 1900 2112 rationis
1924 2079 2066 2111 formalis
2089 2079 2281 2120 significatae
2304 2089 2361 2120 per
2383 2088 2505 2110 nomen

1430 2127 1463 2157 in
1478 2126 1541 2158 hoc
1567 2133 1598 2158 et
1616 2126 1650 2157 in
1672 2126 1739 2162 illo,
1764 2125 1804 2156 ad
1829 2125 2053 2156 destruendam
2072 2124 2334 2158 univocationem
2352 2123 2505 2164 nominis.

1430 2171 1474 2203 Ut
1496 2171 1584 2202 enim
1607 2176 1694 2212 patet
1716 2180 1754 2201 ex
1777 2169 1884 2206 dictis,
1909 2179 1975 2200 non
1999 2179 2037 2200 ex
2059 2169 2221 2200 identitate
2249 2175 2305 2206 aut
2328 2168 2506 2200 diversitate

1430 2216 1523 2254 reali,
1549 2216 1604 2246 sed
1628 2225 1665 2245 ex
1688 2214 1850 2245 identitate
1867 2221 1898 2245 et
1914 2213 2090 2245 diversitate
2106 2213 2248 2255 formali
2270 2213 2506 2255 perfectionum

2531 1949 2543 1961 ⁸
2556 1947 2595 1972 Cf.
2608 1954 2673 1972 am.
2687 1955 2712 1972 v.

1430 2260 1511 2291 inter
1534 2270 1577 2297 se,
1602 2259 1769 2295 intellecta,
1794 2258 1938 2299 procedit
1959 2257 2071 2289 littera.
2094 2258 2162 2289 Nec
2185 2257 2325 2289 licuisset
2348 2257 2444 2289 etiam
2467 2267 2505 2290 ex
2548 2255 2552 2259 ’

1431 2304 1558 2335 formali
1587 2303 1749 2334 identitate
1779 2302 2013 2344 perfectionum
2041 2301 2122 2333 inter
2145 2311 2178 2333 se
2208 2302 2368 2334 destruere
2391 2302 2505 2334 univo-

1431 2349 1590 2380 cationem
1613 2347 1771 2384 nominis,
1796 2347 1856 2377 nisi
1880 2357 1917 2378 ex
1940 2346 2067 2377 formali
2097 2346 2260 2378 identitate
2284 2356 2398 2378 eorum
2421 2356 2504 2388 quae

1430 2394 1608 2425 secundum
1627 2402 1660 2424 se
1677 2402 1743 2423 non
1767 2398 1842 2423 sunt
1857 2391 1953 2428 idern,
1971 2398 2129 2422 constaret
2152 2391 2242 2432 sequi
2261 2391 2386 2423 tertiam
2409 2391 2504 2423 ratio·

1430 2448 1505 2470 nem
1528 2438 1673 2469 altiorem
1696 2436 1848 2468 omnibus
1878 2435 2066 2467 huiusmodi
2091 2435 2231 2467 diversis.
2260 2436 2308 2467 Ex
2330 2436 2394 2467 hoc
2417 2436 2505 2468 enim

1429 2483 1519 2524 quod
1543 2492 1610 2514 non
1633 2481 1694 2513 nisi
1717 2481 1807 2513 tertia
1827 2480 1908 2512 ratio
1924 2487 1980 2518 est,
2001 2480 2146 2522 proxime
2161 2480 2263 2521 liquet
2278 2480 2421 2512 formalis
2440 2481 2504 2512 dis-

1429 2527 1541 2559 tinctio
1569 2526 1771 2568 perfectionis
1795 2526 1932 2556 elevatae
1957 2532 1988 2556 et
2011 2535 2078 2556 non
2101 2525 2253 2562 elevatae;
2283 2535 2339 2556 seu
2368 2524 2503 2557 identifi-

1429 2579 1516 2604 eatae
1539 2571 1715 2612 formaliuer
1738 2570 1815 2607 aliis,
1834 2577 1864 2601 et
1880 2580 1947 2601 non
1970 2568 2179 2600 identificatae
2203 2569 2379 2601 formaliter
2401 2570 2481 2602 aliis.

1484 2617 1537 2648 Aa
1558 2615 1732 2648 secundam
1756 2625 1832 2646 vero
1850 2614 1973 2651 dicitur,
1990 2614 2081 2656 quod
2101 2621 2327 2655 argumentum
2350 2614 2505 2656 supponit

1428 2662 1607 2703 sapientiae
1629 2670 1749 2691 nomen
1773 2659 1928 2696 absolute,
1946 2669 2014 2690 non
2037 2665 2074 2690 ut
2096 2658 2252 2699 significat
2269 2659 2410 2700 speciem
2425 2669 2503 2702 qua-

1428 2705 1532 2743 litatis,
1550 2705 1606 2736 sed
1620 2705 1876 2736 transcendenter
1899 2710 2076 2745 sumptum,
2101 2702 2276 2744 significare
2299 2703 2440 2746 aliqum
2456 2713 2504 2736 ra-

1428 2751 1551 2782 tionem
1567 2749 1736 2781 formalem
1752 2759 1851 2780 unam
1866 2748 2059 2790 slmpliciter.
2076 2748 2177 2786 Quod
2188 2754 2295 2779 tamen
2312 2748 2364 2780 hic
2378 2749 2504 2791 quaeti-

1429 2803 1481 2827 tur
1497 2802 1529 2827 et
1544 2795 1733 2836 disputatur,
1751 2800 1781 2825 et
1797 2793 1999 2825 concluditur
2014 2803 2082 2824 esse
2096 2792 2230 2824 falsum:
2254 2792 2331 2834 quia
2349 2793 2505 2834 significat

1429 2840 1586 2871 rationem
1616 2839 1786 2870 formalem
1817 2848 1916 2870 unam
1945 2838 2123 2869 secundum
2151 2837 2348 2878 analogiam,
2377 2844 2409 2869 et
2436 2847 2503 2869 non

1430 2884 1623 2926 simpliciter.
1653 2883 1832 2922 Quomodo
1856 2890 1964 2914 autem
1995 2882 2075 2914 ratio
2106 2891 2171 2913 una
2192 2882 2372 2913 secundum
2394 2882 2503 2914 analo-

1429 2930 1515 2970 giam
1538 2928 1736 2970 praedicatur
1755 2928 1794 2958 de
1814 2927 1970 2968 pluribus,
1988 2926 2100 2958 diffuse
2115 2932 2284 2958 tractatum
2306 2936 2325 2957 a
2348 2926 2442 2958 nobis
2456 2933 2503 2959 est

1429 2974 1462 3005 in
1485 2980 1618 3005 tractatu
1641 2973 1694 3004 De
1706 2972 1870 3014 Analogia
1886 2973 2062 3003 Nominum
2076 2971 2104 3003 *.
2121 2988 2142 2994 -
2157 2970 2250 3002 Unde
2264 2970 2304 3000 ad
2320 2970 2503 3012 quaesitum

1430 3019 1603 3050 dicendum
1626 3023 1716 3055 esset,
1741 3017 1830 3058 quod
1853 3017 2006 3058 importat
2028 3022 2198 3056 utramque
2220 3014 2422 3055 sapientiam,
2446 3015 2504 3048 sed

1430 3073 1493 3095 non
1512 3073 1576 3104 per
1591 3062 1721 3094 modum
1746 3062 1891 3093 univoci:
1913 3068 1944 3093 et
1967 3061 2040 3093 ideo
2064 3059 2192 3102 sequela
2215 3059 2295 3090 nihil
2310 3059 2401 3097 valet,
2419 3070 2503 3102 quae

1430 3108 1492 3139 hoc
1515 3107 1679 3148 supponit.

1485 3152 1537 3183 Ad
1560 3152 1834 3193 confirmationem
1859 3158 1968 3183 autem
1985 3149 2101 3181 dicitur
2118 3148 2218 3190 quod,
2236 3158 2311 3180 cum
2326 3148 2398 3180 dico
2412 3149 2503 3181 Deus

1430 3202 1477 3228 est
1499 3197 1640 3237 sapiens,
1656 3196 1689 3238 ly
1704 3197 1844 3237 sapiens,
1860 3206 1897 3227 ex
1916 3193 2043 3226 formali
2066 3203 2126 3225 suo
2146 3192 2333 3233 significato,
2351 3193 2505 3235 importat

1430 3241 1618 3282 sapientiam
1634 3241 1768 3272 eandem
1782 3240 1957 3272 formaliter
1979 3237 2126 3275 iustitiae,
2142 3244 2215 3269 etc.:
2240 3237 2318 3275 imo,
2335 3245 2372 3270 ut
2387 3238 2503 3270 rectius

1430 3286 1560 3327 loquar,
1585 3284 1757 3326 significat,
1783 3295 1850 3316 non
1873 3283 2079 3325 sapientiam,
2104 3282 2159 3313 sed
2183 3282 2304 3324 aliquid
2327 3282 2504 3314 eminenter

1430 3330 1625 3371 praehabens
1648 3330 1806 3361 rationem
1829 3328 1999 3371 sapientiae
2013 3327 2039 3359 *.
2065 3326 2151 3358 Cum
2167 3337 2243 3358 vero
2259 3327 2331 3359 dico
2347 3328 2442 3359 homo
2456 3332 2503 3359 est

1429 3375 1569 3415 sapiens,
1585 3375 1617 3417 ly
1633 3375 1761 3416 sapiens
1784 3372 2064 3415 praedicatipsam
2083 3371 2254 3412 sapientiae
2278 3371 2448 3408 rationem;
2466 3378 2503 3404 ut

1431 3426 1517 3460 patet
1547 3429 1585 3450 ex
1615 3418 1878 3460 responsionibus
1907 3416 2073 3448 reddendis
2102 3416 2326 3457 quaerentibus
2355 3416 2434 3458 quid
2455 3421 2503 3448 est

1429 3464 1520 3495 Deus
1535 3469 1571 3494 ut
1586 3463 1742 3505 sapiens?
1765 3469 1805 3499 et,
1825 3461 1902 3504 quid
1916 3466 1963 3493 est
1978 3461 2071 3492 homo
2088 3466 2124 3492 ut
2138 3460 2296 3502 sapiens?
2318 3460 2400 3492 Illud
2415 3460 2503 3491 enirn

1431 3507 1606 3539 formaliter
1635 3517 1754 3538 nornen
1779 3505 1949 3547 significat,
1974 3505 2063 3546 quod
2087 3505 2297 3546 respondetur
2319 3504 2500 3546 quaerenti:

1430 3552 1508 3594 quid
1531 3557 1578 3583 est
1600 3552 1628 3582 A
1653 3553 1843 3593 inquantum
1867 3550 1960 3582 habet
1983 3549 2065 3581 illud
2087 3548 2230 3581 nomen?
2251 3549 2327 3580 Non
2342 3555 2390 3580 est
2407 3548 2503 3590 igitur

1431 3597 1581 3637 deceptus
1597 3598 1728 3632 Auctor,
1754 3595 1809 3626 sed
1831 3595 1988 3626 rationem
2011 3594 2226 3626 univocorum
2250 3593 2419 3624 formalem
2437 3592 2502 3625 for-

1431 3640 1603 3672 malissime
1626 3647 1673 3671 est
1694 3640 1838 3677 intuitus,
1863 3639 1950 3671 iuxta
1972 3638 2150 3670 Aristotelis
2174 3637 2401 3669 definitionem.

2529 2982 2541 2994 ⁶
2559 2981 2581 3004 0
2599 2987 2651 3004 aee.
2669 2981 2744 3005 Calet-

2529 3009 2585 3058 ab,
2595 3007 2744 3063 &gf-353

2528 3332 2745 3362 ’unq-idemma-

2529 3362 2567 3382 ια·
2600 3365 2629 3382 aa
2655 3359 2744 3382 entia-

2529 3386 2582 3409 edd.
2593 3392 2630 3416 ¹⁵⁰
2647 3402 2654 3414 ,
2669 3392 2724 3415 ¹5¹4.
