2768 4178
60 702 72 713 ⁸
86 701 154 723 Vers.
169 707 203 729 22,
217 707 251 730 ²3·

59 1019 69 1028 '¹
85 1018 152 1039 Vers.
162 1024 200 1039 20.

60 1337 69 1346 ·
77 1335 270 1366 Τηοῐ.κιντ,”ηοη

59 1366 148 1384 remote
161 1368 174 1383 a
188 1368 262 1390 princ.

57 2061 68 2072 '⁵
84 2061 120 2083 Cf.
138 2067 202 2083 num.
213 2067 247 2083 ni.

58 2089 81 2098 ··
97 2087 133 2110 Cf.
148 2094 211 2110 num.
222 2095 253 2110 v1.

59 3037 221 3065 ¹„Retractat
230 3038 270 3060 lib.

60 3063 83 3091 1,
99 3070 149 3092 cap.
160 3070 227 3087 xxm.

301 298 376 347 278

984 299 1251 346 QUAESTIO
1282 300 1424 346 XXIII,
1455 299 1753 336 ARTICULUS
1781 299 1816 335 V

300 378 408 426 igitur
435 379 542 415 Deus
578 378 616 414 in
644 378 885 426 hominibus,
915 386 1099 426 quantum
1128 379 1176 415 ad
1205 378 1371 427 aliquos,
1397 378 1401 431 1
1427 378 1658 415 naturalibus
1686 384 1812 427 potest
1839 377 2019 425 assignari
2038 377 2145 426 ratio,
2168 390 2256 415 eum
2275 378 2398 428 prima
2416 392 2497 417 ma-

301 444 399 481 quos
414 431 719 480 praedestinat,
678 430 708 457 tt
732 443 842 468 suam
863 439 1146 480 repraesentare
1162 431 1371 468 bonitatem

301 497 371 533 per
389 484 550 521 modum
575 483 870 532 misericordiae,
894 485 1106 533 parcendo;
1129 491 1164 520 et
1183 491 1370 543 quantum

301 537 351 574 ad
371 537 519 585 aliquos
537 542 577 584 nn,
599 549 696 586 quos
720 538 910 586 reprobat,
931 549 999 586 per
1018 537 1179 574 modum
1199 536 1369 584 iustitiae,

300 590 507 639 puniendo.
538 591 588 627 Et
610 591 707 627 haec
728 598 784 627 est
803 591 896 627 ratio
917 602 1033 639 quare
1053 591 1160 626 Deus
1180 589 1368 638 quosdam

303 643 399 691 eligit
427 640 473 690 ⁰⁰,
505 651 540 680 et
568 643 760 691 quosdam
789 644 979 692 reprobat.
1015 643 1064 679 Et
1095 643 1195 679 hanc
1214 655 1370 680 causam

301 696 464 743 assignat
490 697 720 745 Apostolus,
750 697 802 733 ad
827 698 940 733 Rom.
957 707 992 732 1x
1011 695 1042 742 *,
1068 695 1213 732 dicens:
1243 696 1372 732 volens

300 750 406 786 Deus
434 749 627 786 ostendere
654 750 752 786 iram
783 749 903 796 (idest
929 748 1138 786 vindictam
1167 748 1368 795 iustitiae),

301 808 337 839 et
363 807 490 839 notam
508 804 648 851 facere
669 803 876 851 potentiam
904 805 1026 847 suam,
1051 801 1225 837 sustinuit
1252 801 1372 847 (idest

299 855 484 904 permisit)
504 856 541 892 in
562 856 680 893 multa
701 856 897 904 patientia,
926 866 1019 892 vasa
1049 854 1129 891 irae
1148 859 1237 902 apta
1257 854 1294 890 in
1315 854 1370 891 in-

301 909 462 954 teritum,
485 915 526 945 ut
543 909 752 946 ostenderet
777 908 924 945 divitias
941 907 1092 957 gloriae
1108 919 1202 944 suae
1220 907 1257 943 in
1277 918 1369 944 vasa

300 962 602 1008 misericordiae,
637 973 734 1021 quae
760 961 1010 1010 praeparavit
1038 961 1075 997 in
1102 959 1282 1009 gloriam.
1322 960 1371 996 Et

301 1016 333 1051 11
367 1015 462 1051 Tim.
480 1014 538 1051 ιι*
563 991 670 1052 dicit:
709 1015 745 1051 in
784 1026 929 1064 magna
962 1019 1124 1050 autem“
1152 1013 1264 1050 domo
1293 1025 1368 1049 non

298 1067 421 1104 solum
446 1073 533 1104 sunt
557 1079 651 1104 vasa
679 1079 798 1104 aurea
818 1073 855 1103 et
871 1072 1066 1116 argentea,
1094 1066 1161 1103 sed
1186 1066 1299 1102 etiam
1328 1066 1370 1102 li-

298 1132 400 1170 gnea
429 1126 464 1157 et
479 1120 640 1168 fictilia‚·
668 1126 704 1157 et
721 1120 907 1169 quaedam
938 1120 1087 1168 quidem
1107 1119 1145 1156 in
1173 1120 1369 1165 honorem,

299 1173 486 1222 quaedam
515 1173 552 1210 in
582 1173 860 1210 contumeliam.

354 1226 431 1263 Sed
452 1239 568 1275 quare
588 1227 661 1263 hos
690 1226 825 1274 elegit
816 1239 855 1263 in
875 1225 1046 1277 gloriam,
1068 1232 1104 1262 et
1130 1225 1212 1262 illos
1241 1237 1370 1274 repro—

298 1279 422 1326 bavit,
458 1292 538 1317 non
569 1280 686 1316 habet
714 1280 900 1316 rationem
938 1279 1007 1316 nisi
1035 1278 1206 1316 divinam
1234 1279 1369 1316 volun-

298 1339 427 1369 tatem.
461 1333 573 1370 Unde
601 1332 835 1381 Augustinus
865 1332 962 1380 dicit,
992 1343 1105 1380 super
1132 1331 1369 1369 Ioannem*:

298 1397 418 1434 quare
444 1387 544 1423 hunc
572 1387 709 1432 trahat,
738 1392 774 1423 et
800 1385 905 1423 illum
925 1397 1000 1422 non
1026 1386 1161 1431 trahat,
1182 1385 1262 1422 noli
1278 1385 1371 1422 velle

298 1439 516 1485 diiudicare,
536 1439 572 1476 si
586 1451 661 1476 non
681 1440 737 1476 vis
756 1451 900 1476 errare.
933 1439 1036 1476 Sicut
1065 1438 1179 1475 etiarn
1198 1438 1235 1475 in
1256 1439 1370 1475 rebus

351 1571 392 1604 ζζ)
407 1571 604 1603 praedestinat.
622 1585 642 1591 —
656 1570 873 1604 praedestinavit
891 1571 967 1596 BDE.

351 1607 395 1639 ηη)
415 1607 528 1639 aliquos.
545 1621 564 1626 -
581 1607 649 1632 alios
667 1607 697 1632 B.

352 1641 390 1675 08)
411 1642 495 1675 eligit.
513 1655 532 1662 —·
550 1642 631 1675 elegit
648 1642 744 1667 ACDa.

352 1678 380 1711 ιι)
400 1685 502 1711 magna
520 1680 619 1703 autem.
639 1691 657 1697 ·-·
674 1682 763 1703 autem
783 1677 906 1702 omittunt
924 1678 970 1702 Pb.

351 1714 392 1746 κκ)
413 1716 442 1738 ut
460 1714 561 1739 scilicet
578 1713 615 1738 sit
634 1713 784 1738 diversitas.
802 1726 822 1732 —
840 1716 870 1738 ut
888 1714 924 1739 sit
942 1712 1085 1738 diversitas
1104 1713 1151 1742 Fa,
1172 1715 1201 1737 ut
1218 1712 1257 1737 sic
1275 1711 1311 1738 sit
1329 1712 1370 1738 di-

298 1749 411 1774 versitas
432 1749 476 1773 PG
495 1754 520 1774 et
539 1749 580 1774 ed.
599 1749 622 1774 b.

350 1783 397 1817 λλ)
419 1784 473 1809 Sed
491 1791 582 1817 quare.
600 1798 620 1803 -
640 1784 730 1814 Quare
749 1787 838 1809 autem
857 1783 980 1808 ABCDE.

1427 431 1518 468 teria
1545 438 1624 468 tota
1644 430 1689 468 sit
1707 431 1746 468 in
1766 443 1806 468 se
1825 431 2036 478 uniformis,
2058 443 2176 479 quare
2204 444 2282 468 una
2308 444 2397 481 pars
2417 433 2496 470 eius

1427 491 1482 521 est
1510 485 1581 521 sub
1614 484 1740 521 forma
1770 483 1876 532 ignis,
1902 492 1938 521 et
1971 484 2041 521 alia
2074 485 2146 521 sub
2170 484 2295 521 forma
2323 492 2457 532 terrae,
2473 498 2496 523 a

1426 537 1535 574 Deo
1527 549 1564 574 1n
1583 537 1770 586 principio
1791 537 1961 574 condita:
1982 544 2024 574 ut
2043 537 2182 574 scilicet
2196 537 2242 574 sit
2256 537 2453 575 diversitas
2467 545 2495 559 *κ

1426 590 1640 639 specierum
1658 590 1696 627 in
1721 590 1835 627 rebus
1859 590 2103 627 naturalibus.
2127 590 2205 628 Sed
2224 602 2341 639 quare
2355 588 2382 612 ²³
2398 591 2495 628 haec

1424 654 1512 691 pars
1544 643 1724 680 materiae
1754 651 1810 680 est
1839 644 1910 680 sub
1930 644 1999 681 ista
2018 644 2153 690 forma,
2176 651 2212 680 et
2238 644 2301 681 illa
2319 645 2390 681 sub
2411 644 2495 692 alia,

1426 695 1618 744 dependet
1647 708 1691 732 ex
1719 696 1878 745 simplici
1911 696 2041 734 divina
2067 697 2277 734 voluntate.
2314 697 2420 734 Sicut
2449 709 2496 734 ex

1425 748 1582 797 simplici
1620 749 1817 786 voluntate
1855 749 2007 787 artificis
2045 749 2255 798 dependet,
2294 750 2400 800 quod
2434 750 2495 787 ille

1424 800 1518 849 lapis
1547 810 1603 838 est
1620 807 1660 828 μμ
1685 802 1724 838 in
1751 802 1822 839 ista
1848 810 1954 851 parte
1979 803 2147 852 parietis,
2178 811 2214 841 et
2241 803 2302 840 ille
2334 803 2372 840 in
2400 803 2494 840 alia:

1424 854 1600 901 quamvis
1639 854 1732 891 ratio
1770 855 1857 892 artis
1890 856 2031 893 habeat
2062 857 2167 906 quod
2196 856 2311 906 aliqui
2348 856 2421 894 sint
2456 856 2496 893 in

1423 907 1516 952 hac,
1546 914 1583 943 et
1610 906 1725 955 aliqui
1753 907 1826 944 sint
1855 914 1880 928 '⁹
1907 908 1947 946 in
1973 908 2046 946 illa.
2070 923 2072 925 ’

1477 959 1616 1008 Neque
1647 966 1779 997 tamen
1814 968 1972 1009 propter
1998 962 2073 999 hoc
2102 969 2159 999 est
2185 962 2362 1010 iniquitas
2391 962 2494 1012 apud

1424 1013 1566 1059 Deum,
1583 1012 1614 1049 si
1632 1012 1847 1061 inaequalia
1865 1026 1944 1050 non
1958 1014 2222 1062 inaequalibus
2236 1013 2265 1039 ξε
2277 1023 2492 1065 praeparat.

1426 1066 1513 1102 Hoc
1533 1065 1635 1102 enim
1656 1073 1756 1102 esset
1775 1073 1907 1103 contra
1934 1066 2093 1104 iustitiae
2113 1068 2314 1116 rationem,
2335 1068 2366 1105 si
2384 1080 2494 1118 prae-

1426 1118 1685 1157 destinationis
1705 1118 1864 1156 effectus
1884 1131 1930 1156 ex
1949 1119 2079 1157 debito
2108 1120 2340 1168 redderetur,
2360 1129 2398 1159 et
2416 1134 2495 1159 non

1425 1172 1579 1210 daretur
1611 1184 1657 1209 ex
1689 1172 1817 1220 gratia.
1858 1173 1901 1209 In
1937 1172 1995 1209 his
2025 1173 2128 1210 enim
2165 1186 2265 1222 quae
2301 1186 2347 1212 ex
2378 1174 2496 1222 gratia

1425 1225 1572 1272 dantur,
1594 1233 1720 1274 potest
1747 1225 1881 1274 aliquis
1900 1238 1971 1274 pro
1991 1226 2096 1263 libito
2117 1239 2188 1264 suo
2209 1226 2300 1264 dare
2321 1227 2382 1264 cui
2399 1227 2494 1275 vult,

1423 1279 1508 1328 plus
1537 1279 1599 1316 vel
1626 1278 1765 1326 minus,
1796 1279 2012 1316 dummodo
2042 1280 2132 1316 nulli
2166 1280 2363 1318 subtrahat
2390 1279 2496 1318 debi-

1424 1340 1517 1379 tum,
1540 1332 1686 1380 absque
1704 1331 1938 1381 praeiudicio
1958 1332 2130 1370 iustitiae.
2151 1333 2202 1370 Et
2220 1333 2296 1370 hoc
2315 1340 2372 1370 est
2390 1333 2496 1382 quod

1425 1384 1514 1422 dicit
1550 1385 1841 1432 Paterfamilias,
1876 1386 1984 1423 Matt.
2005 1398 2051 1422 xx
2071 1385 2108 1423 *z
2142 1386 2228 1423 tolle
2256 1386 2359 1435 quod
2390 1391 2496 1424 tuum

1425 1444 1489 1485 est,
1513 1443 1550 1475 et
1565 1438 1675 1475 vade.
1704 1439 1766 1475 An
1787 1451 1862 1476 non
1883 1438 1968 1476 licet
1985 1439 2079 1476 mihi
2100 1439 2202 1488 quod
2217 1439 2317 1486 volo,
2329 1438 2497 1488 facere?

1476 1571 1524 1605 μμ.)
1544 1570 1587 1595 ille
1604 1570 1674 1603 Iapis
1692 1574 1740 1596 est.
1758 1584 1777 1589 -
1795 1571 1838 1596 hic
1856 1570 1926 1603 lapis
1943 1571 1981 1596 sit
1999 1571 2111 1601 codices,
2126 1571 2176 1597 iste
2194 1571 2263 1604 lapis
2281 1575 2322 1598 est
2340 1572 2398 1598 edd.
2411 1572 2463 1598 ab.
2474 1587 2497 1593 «-

1422 1606 1482 1631 Mox
1500 1613 1548 1639 pro
1567 1606 1619 1635 ille,
1639 1606 1682 1631 hic
1700 1606 1845 1631 ABCDEF.

1476 1641 1514 1673 νν)
1539 1642 1602 1667 sint.
1620 1655 1639 1661 -
1658 1642 1720 1667 Om.
1739 1642 1850 1667 codices.
1868 1656 1888 1661 —
1906 1642 1970 1667 Post
1993 1642 2019 1667 in
2046 1642 2092 1667 illa
2111 1642 2135 1667 G
2153 1642 2238 1667 addit:
2263 1643 2308 1668 Ad
2331 1642 2381 1669 hoc
2405 1643 2498 1670 reddit

1423 1677 1575 1709 exemplum
1594 1677 1716 1709 Apostoli
1734 1677 1846 1702 dicentis
1864 1677 1944 1702 Rom.
1956 1685 1995 1702 xx:
2015 1685 2049 1702 an
2070 1685 2122 1703 non
2143 1678 2222 1703 habet
2235 1681 2396 1710 potestatem
2420 1678 2495 1712 (seq.

1424 1712 1536 1745 spatium
1555 1720 1667 1737 vacuum
1686 1712 1803 1745 quinque
1823 1713 1924 1746 litteris)
1938 1720 1976 1738 ex
1987 1713 2080 1738 eadem
2097 1721 2185 1739 massa
2191 1714 2286 1747 facere
2299 1714 2376 1739 aliud
2389 1714 2495 1747 quidem

1424 1755 1472 1773 vas
1491 1748 1517 1772 in
1537 1748 1672 1777 honorem,
1691 1748 1768 1772 aliud
1787 1755 1849 1773 vero
1870 1748 1896 1772 in
1916 1748 2112 1773 contumeliam.

1481 1781 1519 1816 ΕΕ)
1538 1783 1690 1816 inaequalia
1710 1790 1762 1808 non
1783 1783 1974 1816 inaequalibus.
1991 1797 2010 1803 -
2028 1783 2182 1816 aequalibus
2201 1784 2354 1817 inaequalia
2371 1785 2401 1810 B.

984 1879 1316 1913 Commentario.
1339 1878 1589 1912 Cardinalis
1611 1878 1812 1912 Caietam

358 1982 466 2001 nurus
489 1971 522 2001 in
547 1980 679 2011 corpore
709 1970 893 2001 declaratur.
919 1987 938 1992 -
963 1970 998 2000 In
1028 1979 1160 2009 corpore
1189 1969 1246 2000 tria
1275 1968 1364 1999 facit:

300 1983 480 2056 Tprimo,
505 2015 640 2045 declarat
663 2014 809 2050 titulum;
835 2014 992 2050 secundo,
1018 2020 1128 2044 tractat
1151 2020 1212 2044 tres
1241 2013 1367 2054 opinio-

298 2070 353 2090 nes
378 2060 457 2090 circa
482 2058 661 2100 quaesitum
677 2059 707 2095 *;
733 2059 834 2095 tertio,
860 2058 1029 2099 respondet
1053 2057 1197 2098 quaesito
1211 2057 1255 2088 **.

357 2104 393 2134 11.
415 2104 531 2141 Quoad
549 2105 715 2144 primum,
741 2103 905 2143 distinguit
928 2102 1017 2143 quod
1048 2101 1368 2142 praedestinationem

299 2148 419 2179 causari
451 2158 487 2178 ex
522 2147 681 2188 praescitis
713 2147 850 2183 meritis,
885 2154 990 2187 potest
1024 2146 1157 2187 intelligi
1190 2146 1367 2186 dupliciter.

298 2193 415 2228 Primo,
441 2202 478 2222 ex
497 2199 583 2232 parte
603 2199 706 2222 actus:
732 2198 763 2222 et
778 2191 822 2222 sic
846 2191 935 2221 nulla
958 2197 1004 2221 est
1028 2191 1183 2231 quaestio.
1208 2190 1366 2226 Secundo,

299 2247 336 2267 ex
354 2243 441 2277 parte
466 2236 609 2266 effectus:
635 2243 665 2266 et
684 2235 727 2266 sic
743 2235 874 2276 vertitur
897 2235 930 2265 in
954 2235 1100 2266 dubium.
1124 2234 1368 2275 Manifestatque

298 2281 379 2312 hanc
403 2280 656 2315 distinctionem,
683 2289 757 2310 cum
785 2279 849 2309 suis
874 2278 1040 2315 membris,
1065 2288 1103 2309 ex
1126 2278 1231 2308 divina
1254 2278 1368 2308 volun-

298 2331 377 2356 tate:
407 2324 563 2365 quoniam
586 2323 654 2364 ipsa
684 2323 841 2354 clauditur
863 2323 896 2353 in
920 2322 1215 2363 praedestinatione.
1247 2322 1369 2352 Eadem

299 2369 458 2410 siquidem
481 2367 682 2399 distinctione
698 2367 744 2398 uti
761 2374 897 2408 oportet,
915 2377 990 2398 cum
1006 2367 1045 2397 de
1060 2376 1154 2397 causa
1168 2376 1265 2407 quare
1281 2366 1368 2397 Deus

298 2413 373 2444 velit
396 2412 525 2453 aliquid,
548 2412 693 2453 quaestio
718 2418 777 2448 est,
802 2418 838 2442 ut
862 2422 899 2442 ex
917 2410 1109 2451 supradictis
1132 2417 1228 2451 patet.
1252 2410 1294 2441 Et
1317 2410 1368 2441 lit-

298 2465 363 2489 tera
387 2463 433 2488 est
457 2457 547 2488 clara.

356 2502 407 2532 111.
424 2501 542 2538 Quoad
556 2500 743 2538 secundum,
760 2500 862 2540 prima
879 2499 990 2540 opinio
1007 2505 1054 2530 est
1068 2498 1224 2539 Origenis,
1238 2498 1369 2530 dicentis

298 2545 463 2587 praeterita
487 2552 558 2576 ante
581 2545 663 2575 hanc
685 2544 783 2575 vitam
806 2543 918 2574 merita
937 2543 1126 2580 animarum,
1150 2553 1278 2574 causam
1302 2553 1368 2574 esse

298 2589 602 2631 praedestinationis.
621 2607 640 2611 -
656 2589 704 2620 Et·
711 2588 894 2619 confutatur
910 2587 1095 2619 auctoritate
1111 2587 1274 2628 Apostoli:
1295 2598 1366 2618 cum

299 2634 439 2665 nondum
464 2634 537 2664 boni
560 2633 682 2674 aliquid
705 2634 846 2674 egissent
870 2639 928 2663 etc.

354 2678 498 2709 Secunda
513 2685 560 2708 est
574 2677 828 2717 Pelagianorum,
847 2676 1022 2707 dicentium
1042 2676 1132 2717 quod
1154 2676 1265 2707 merita
1280 2686 1368 2716 prae·

299 2722 459 2754 existentia
489 2722 522 2752 in
553 2722 611 2752 hac
635 2722 714 2757 vita,
745 2728 818 2752 sunt
847 2721 926 2752 ratio
950 2720 1262 2761 praedestinationis,
1291 2720 1368 2761 quia

298 2767 426 2798 initium
454 2765 669 2797 benefaciendi
693 2775 730 2796 ex
754 2765 846 2796 nobis
870 2772 926 2796 est.
951 2783 969 2788 -
995 2764 1056 2796 Sed
1079 2765 1156 2795 haec
1185 2764 1368 2796 confutatur

298 2810 482 2842 auctoritate
505 2810 666 2850 Apostoli,
699 2810 789 2850 quod
820 2820 882 2840 non
915 2819 1028 2840 sumus
1050 2809 1248 2850 sufficientes
1280 2810 1367 2850 cogi-

298 2861 370 2887 tare
386 2862 458 2886 etc.:
484 2861 607 2885 constat
629 2854 714 2885 enim
731 2854 819 2895 quod
835 2853 986 2894 cogitatio
1004 2860 1050 2884 est
1064 2853 1206 2894 primum
1222 2863 1258 2884 ex
1274 2853 1366 2884 nobis

298 2899 425 2930 initium
449 2898 642 2939 cooperandi
665 2899 756 2929 bene.

355 2943 463 2974 Tertia
493 2943 604 2983 opinio
629 2949 688 2979 est,
713 2942 802 2983 quod
825 2942 936 2973 merita
967 2941 1092 2978 futura,
1122 2941 1155 2972 in
1178 2941 1237 2973 hac
1259 2948 1366 2972 tamen

296 2988 369 3024 vita,
395 2995 469 3018 sunt
492 2997 585 3018 causa
609 2986 911 3027 praedestinationis.
943 2986 983 3017 Et
1006 2986 1047 3016 ad
1070 2986 1151 3016 hanc
1179 2985 1366 3026 opinionem

296 3032 456 3063 reducitur
485 3031 596 3072 opinio
627 3037 790 3061 retractata
817 3031 855 3061 ab
879 3030 1062 3070 Augustino
1078 3030 1111 3066 *‚
1137 3030 1254 3061 scilicet
1277 3031 1366 3071 quod

298 3076 375 3107 fides
399 3076 505 3107 futura
528 3075 587 3106 fuit
603 3075 681 3106 ratio
706 3075 999 3116 praedestinationis
1023 3075 1126 3110 Iacob,
1151 3075 1251 3115 magis
1267 3085 1365 3115 quam

298 3121 392 3151 Esau.
410 3138 430 3143 —
446 3120 507 3151 Sed
531 3119 612 3150 hanc
637 3119 822 3160 opinionem
847 3119 990 3150 confutat
1005 3121 1127 3150 Auctor
1142 3118 1175 3149 in
1194 3118 1296 3150 littera
1310 3119 1363 3149 sic.

297 3165 329 3195 Si
347 3164 466 3205 aliquid
482 3174 518 3194 ex
534 3170 621 3204 parte
639 3170 745 3194 nostra
762 3170 842 3194 esset
858 3174 951 3194 causa
968 3162 1269 3203 praedestinationis,
1284 3162 1364 3193 illud

297 3219 363 3239 non
393 3209 589 3239 clauderetur
619 3208 677 3238 sub
708 3207 1001 3248 praedestinationis
1025 3207 1155 3238 effectu:
1181 3207 1235 3238 sed
1258 3213 1364 3238 totum

297 3253 385 3293 quod
408 3252 566 3283 invenitur
589 3252 622 3282 in
646 3252 733 3282 bono
758 3261 818 3282 usu
842 3251 967 3291 gratiae,
989 3259 1035 3282 est
1050 3251 1177 3282 effectus
1193 3250 1363 3292 praedesti-

297 3296 448 3327 nationis:
474 3306 548 3336 ergo
565 3296 644 3327 nihil
660 3295 750 3336 quod
766 3302 812 3326 est
828 3295 860 3326 in
877 3296 963 3326 bono
980 3305 1041 3326 usu
1057 3295 1183 3335 gratiae,
1201 3301 1248 3326 est
1270 3305 1364 3326 causa

296 3341 557 3381 praedestinandi.
573 3358 593 3363 -
609 3340 765 3371 Probatur
782 3339 952 3370 destructio
978 3339 1200 3380 consequentis
1217 3338 1270 3370 sic.
1287 3339 1363 3370 Non

297 3392 342 3415 est
366 3385 550 3415 distinctum
582 3384 614 3414 id
644 3384 733 3425 quod
765 3391 811 3414 est
835 3394 852 3414 a
876 3393 969 3414 causa
993 3384 1148 3420 secunda,
1173 3390 1205 3414 et
1228 3393 1246 3414 a
1269 3393 1363 3414 causa

297 3429 412 3468 prima:
437 3439 511 3468 ergo
529 3439 594 3459 non
610 3435 656 3459 est
672 3428 856 3459 distinctum
871 3428 960 3469 quod
985 3434 1031 3458 est
1053 3437 1090 3458 ex
1108 3428 1207 3458 libero
1224 3426 1361 3462 arbitrio,

297 3479 327 3503 et
357 3472 658 3512 praedestinatione:
692 3482 766 3512 ergo
789 3472 822 3502 id
846 3471 935 3513 quod
959 3478 1005 3502 est
1034 3482 1089 3512 per
1120 3471 1256 3502 liberum
1282 3471 1363 3502 arbi-

297 3516 407 3552 trium,
440 3523 485 3547 est
509 3527 545 3547 ex
569 3516 863 3557 praedestinatione.
894 3515 999 3546 Prima
1023 3515 1249 3556 consequentia
1276 3525 1362 3546 nunc

297 3560 377 3591 facta
407 3561 573 3601 probatur:
599 3560 674 3601 quia
698 3560 803 3591 divina
833 3559 1031 3601 providentia
1061 3559 1209 3600 producit
1236 3558 1363 3590 effectus

295 3615 352 3644 per
376 3604 577 3644 operationes
600 3615 766 3635 causarum
791 3604 1012 3635 secundarum.

355 3649 407 3679 IV.
433 3648 523 3679 Circa
542 3648 623 3679 hanc
642 3655 763 3689 partem
784 3649 917 3685 adverte,
936 3648 1024 3689 quod
1043 3647 1200 3679 Henricus
1220 3647 1258 3678 de
1277 3646 1361 3678 Gan—

1422 1968 1514 2005 davo,
1531 1968 1647 2006 Quodl.
1662 1969 1714 2005 IV,
1732 1975 1788 1999 art.
1804 1979 1852 2009 19,
1869 1975 1900 2000 et
1919 1969 2035 2006 Quodl.
2047 1969 2130 2006 VIII,
2147 1976 2203 2001 art.
2219 1970 2246 2007 5,
2263 1976 2349 2002 tenet
2367 1969 2496 2011 opinio·

1422 2023 1497 2043 nem
1515 2012 1590 2044 satis
1613 2012 1830 2056 propinquam
1849 2013 1924 2044 huic
1942 2014 2042 2044 modo
2063 2014 2253 2051 confutatae,
2278 2014 2384 2045 dicens
2405 2013 2496 2056 quod

1422 2057 1527 2087 bonus
1551 2067 1642 2094 usus,
1668 2066 1734 2087 non
1757 2057 1888 2098 gratiae,
1918 2064 1954 2088 ut
1976 2058 2166 2098 praecedens
2189 2058 2267 2089 dixit
2290 2057 2415 2099 opinio,
2439 2058 2496 2090 sed

1422 2101 1511 2132 liberi
1530 2101 1656 2138 arbitrii,
1677 2108 1724 2132 est
1743 2111 1836 2132 causa
1855 2101 2158 2142 praedestinationis.
2183 2102 2225 2134 Et
2239 2102 2395 2144 quoniam
2413 2101 2494 2134 ratio

1422 2145 1503 2176 facta
1522 2145 1555 2176 in
1577 2146 1680 2176 littera
1704 2145 1819 2176 directe
1842 2146 1956 2177 militat
1979 2153 2087 2178 contra
2111 2147 2207 2178 talem
2230 2146 2428 2188 opinionem,
2447 2146 2494 2177 id·

1423 2190 1505 2221 circo
1530 2196 1664 2221 conatur
1692 2190 1813 2220 solvere
1845 2200 1932 2227 eam,
1957 2197 1988 2221 et
2011 2191 2145 2230 probare
2174 2201 2266 2222 suam
2294 2191 2492 2232 opinionem.

1422 2234 1463 2264 Et
1479 2244 1571 2264 suam
1587 2234 1717 2274 quidem
1734 2235 1847 2274 probat
1870 2234 2055 2266 auctoritate
2073 2235 2263 2276 Augustini:
2288 2237 2373 2268 venit
2387 2235 2428 2267 de
2441 2244 2493 2267 oc-

1422 2278 1606 2309 cultissimis
1634 2279 1757 2308 meritis
1780 2278 1877 2314 etc.*,
1902 2285 1938 2309 ut
1960 2279 2057 2309 habes
2080 2289 2099 2309 a
2121 2280 2283 2320 Magistro,
2299 2289 2352 2311 xm
2371 2278 2494 2314 distJ*

1422 2321 1544 2352 Deinde
1563 2321 1694 2358 ratione,
1719 2321 1889 2362 tripliciter.
1921 2323 2010 2353 Tum
2033 2323 2109 2364 quia
2128 2323 2240 2354 electio
2263 2323 2494 2364 praesupponit

1423 2365 1637 2406 disparitatem
1661 2365 1795 2406 eligendi
1811 2376 1828 2397 a
1844 2366 2055 2406 reprobando.
2081 2367 2170 2398 Tum
2186 2367 2261 2408 quia
2277 2367 2395 2398 iustitia
2410 2377 2492 2399 sem-

1422 2419 1478 2451 per
1497 2416 1544 2441 est
1562 2419 1670 2440 comes
1694 2409 1939 2441 misericordiae:
1966 2417 1996 2441 et
2020 2410 2062 2441 sic
2085 2411 2228 2452 aliquam
2251 2411 2492 2452 congruentiam

1423 2464 1459 2485 ex
1484 2461 1571 2495 parte
1594 2454 1845 2494 praedestinandi
1869 2461 1996 2495 oportet
2017 2454 2165 2492 inveniri,
2190 2455 2231 2486 ad
2253 2455 2492 2488 misericordem

1422 2498 1751 2539 praedestinationem.
1768 2499 1857 2529 Tum
1873 2499 1949 2540 quia
1964 2499 2195 2540 reprobationis
2211 2506 2259 2532 est
2273 2500 2381 2542 aliqua
2396 2510 2492 2532 causa

1422 2554 1459 2574 ex
1474 2550 1562 2584 parte
1577 2542 1694 2574 nostri:
1720 2553 1794 2583 ergo
1818 2550 1850 2574 et
1868 2543 2170 2584 praedestinationis.

1475 2587 1645 2618 Rationem
1661 2593 1768 2618 autem
1785 2593 1983 2628 praesentem
2011 2587 2131 2628 arguit,
2163 2588 2309 2628 negando
2340 2589 2431 2630 quod
2453 2598 2491 2620 ex

1420 2631 1656 2662 indistinctione
1671 2631 1738 2662 eius
1751 2631 1839 2672 quod
1853 2639 1899 2663 est
1911 2641 1947 2662 ex
1962 2631 2062 2662 libero
2077 2632 2204 2663 arbitrio
2218 2639 2249 2664 et
2263 2631 2370 2663 divina
2380 2632 2490 2673 gratia,

1422 2682 1572 2717 sequatur
1586 2676 1676 2716 quod
1691 2675 1723 2705 id
1742 2675 1832 2716 quod
1855 2682 1901 2707 est
1925 2685 1961 2706 ex
1984 2682 2072 2716 parte
2095 2676 2184 2707 liberi
2207 2676 2335 2714 arbitrii,
2353 2676 2491 2708 totaliter

1422 2720 1584 2752 claudatur
1603 2720 1661 2750 sub
1681 2720 1982 2760 praedestinatione,
2006 2730 2062 2751 seu
2086 2721 2154 2752 eius
2178 2720 2299 2752 effectu.
2325 2721 2490 2759 Quoniam

1421 2771 1482 2796 stat
1503 2764 1723 2795 indistinctum
1746 2774 1812 2795 esse
1836 2765 1960 2796 bonum
1983 2775 2080 2795 usum
2106 2765 2196 2796 liberi
2219 2765 2337 2796 arbitrii
2363 2765 2420 2807 qui
2442 2771 2491 2797 est

1421 2819 1439 2840 a
1461 2808 1559 2849 gratia
1587 2815 1618 2839 et
1647 2808 1746 2840 libero
1770 2808 1914 2846 arbitrio,
1940 2816 1970 2840 et
1993 2816 2100 2840 tamen
2123 2809 2230 2850 ipsum
2254 2819 2322 2840 esse
2345 2809 2489 2851 quodam

1422 2853 1521 2884 modo
1545 2863 1563 2883 a
1585 2852 1684 2883 libero
1709 2852 1846 2890 arbitrio,
1872 2863 1938 2894 quo
1962 2863 2028 2884 non
2053 2860 2100 2886 est
2122 2864 2140 2884 a
2167 2853 2274 2894 gratia.
2305 2853 2347 2884 Et
2369 2853 2423 2890 sic,
2447 2863 2487 2884 eo

1421 2897 1521 2928 modo
1558 2907 1624 2938 quo
1649 2903 1696 2927 est
1718 2904 1826 2928 noster
1849 2903 1879 2928 et
1902 2908 1968 2928 non
2003 2898 2132 2938 gratiae,
2159 2904 2264 2938 potest
2296 2898 2488 2928 esse“causa

1420 2940 1722 2982 praedestinationis.
1748 2941 1847 2978 Quod
1874 2949 1981 2972 autem
2010 2942 2116 2973 bonus
2146 2951 2223 2972 usus
2253 2941 2342 2972 liberi
2370 2941 2488 2972 arbitrii

1420 2986 1528 3027 aliquo
1560 2985 1660 3016 modo
1684 2985 1724 3016 sit
1742 2985 1852 3026 ipsius,
1871 2996 1938 3027 quo
1963 2996 2029 3017 non
2060 2992 2106 3018 est
2123 2986 2250 3027 gratiae,
2267 2992 2354 3026 patet
2376 2991 2488 3017 aucto-

1420 3031 1509 3062 ritate
1525 3029 1711 3070 Augustini,
1732 3039 1827 3070 super
1845 3030 1940 3061 illud:
1963 3030 2091 3062 Adiuva
2110 3039 2178 3069 nos,
2205 3030 2306 3068 Deus,
2330 3030 2488 3062 salutaris

1421 3079 1528 3105 noster
1543 3073 1569 3110 *,
1595 3074 1649 3104 ubi
1668 3074 1736 3104 vult
1754 3084 1813 3104 nos
1838 3074 2002 3115 cooperari
2024 3073 2149 3115 gratiae.

1477 3118 1516 3149 V.
1535 3119 1587 3149 Ad
1603 3118 1690 3156 haec,
1714 3118 1870 3159 quoniam
1894 3118 2057 3150 manifeste
2077 3118 2220 3149 eiusdem
2233 3125 2280 3149 est
2296 3117 2486 3150 difficultatis

1418 3162 1495 3193 haec
1512 3162 1622 3202 opinio
1647 3165 1722 3193 cum
1745 3162 1871 3193 recitata
1890 3163 1922 3193 in
1937 3163 2048 3199 littera,
2066 3162 2199 3194 breviter
2214 3173 2299 3194 nunc
2319 3169 2366 3194 est
2380 3162 2485 3194 dicen-

1419 3206 1507 3237 dum.
1537 3207 1578 3237 Et
1601 3206 1640 3236 ad
1663 3206 1882 3238 auctoritatem
1906 3206 2076 3247 Augustini
2101 3207 2249 3247 Magister
2272 3207 2443 3248 respondet
2457 3206 2484 3244 *,

1419 3250 1525 3281 dicens
1549 3260 1620 3281 eam
1641 3257 1838 3281 retractatam
1859 3251 1891 3282 in
1915 3250 2019 3282 simili.
2043 3250 2085 3282 Et
2108 3251 2188 3282 bene
2211 3251 2304 3282 dicit:
2329 3251 2485 3292 quoniam

1418 3304 1561 3335 expresse
1583 3294 1650 3335 ipse
1670 3295 1867 3335 Augustinus
1891 3295 1972 3326 hanc
1999 3295 2258 3327 retractationum
2284 3298 2415 3326 su'arum
2437 3305 2484 3328 re-

1417 3339 1526 3378 gulam
1545 3339 1714 3375 tradidit*,
1739 3346 1775 3370 ut
1797 3339 1950 3370 sententia
1969 3338 2084 3370 alicubi
2106 3347 2284 3376 retractata,
2309 3339 2428 3382 ubique
2450 3338 2483 3370 in

1417 3383 1567 3423 operibus
1590 3383 1654 3413 suis
1674 3389 1835 3414 retractata
1858 3389 2030 3414 censeatur.

1470 3427 1522 3457 Ad
1545 3427 1680 3458 rationes
1704 3434 1811 3458 autem
1835 3427 1956 3464 dicitur,
1982 3427 2071 3468 quod
2094 3427 2205 3459 electio
2230 3427 2384 3469 supponit
2407 3427 2483 3458 dile-

1417 3470 1565 3507 ctionem,
1590 3481 1627 3501 ex
1646 3481 1709 3512 qua
1736 3478 1782 3502 est
1805 3470 1977 3511 disparitas.
2002 3471 2064 3502 Sed
2087 3470 2212 3503 dilectio
2236 3482 2302 3503 non
2330 3477 2377 3503 est
2399 3478 2483 3502 extra

1417 3515 1745 3554 praedestinationem.
1770 3533 1791 3538 —
1814 3514 1934 3550 Iustitia
1964 3525 2096 3556 quoque
2119 3516 2152 3548 in
2176 3515 2286 3556 primis
2309 3515 2480 3552 effectibus,

1416 3568 1483 3588 non
1505 3558 1537 3588 in
1562 3558 1672 3589 ordine
1696 3559 1735 3589 ad
1759 3565 1930 3595 creaturas,
1956 3560 2011 3590 sed
2034 3559 2209 3591 bonitatem
2241 3566 2271 3591 et
2294 3559 2481 3600 sapientiam

1417 3602 1566 3638 divinam,
1592 3612 1698 3633 comes
1723 3609 1769 3633 est
1796 3603 1992 3644 requirenda.
2018 3622 2038 3626 -
2059 3604 2126 3635 Nec
2150 3611 2196 3636 est
2218 3604 2302 3634 idem
2325 3603 2481 3634 iudicium

1417 3646 1455 3677 de
1481 3646 1701 3687 reprobatione
1725 3653 1755 3678 et
1778 3647 2070 3687 praedestinatione.
2096 3647 2260 3686 Quoniam
2277 3647 2310 3678 in
2334 3647 2480 3688 reproba-

2523 1394 2534 1405 ·
2548 1393 2616 1416 Vero.
2631 1399 2665 1422 ¹⁴⁷
2681 1399 2714 1424 ¹5-

2521 2275 2590 2299 ἰῶ.
2599 2277 2730 2305 octoginta

2519 2303 2590 2325 m
2617 2303 2729 2332 Quaem,

2519 2335 2650 2378 2⁰13}le

2515 3071 2526 3082 ⁶
2539 3070 2688 3100 Pn-uxvm,
2701 3077 2730 3100 9.
2765 3060 2768 3100 J

2511 3208 2523 3220 ⁴*
2537 3207 2604 3230 Loco
2618 3207 2697 3231 citato.

2510 3339 2727 3394 issara
