2768 4178
0 503 8 624 μην-ῃ
0 212 7 494 ννῑᾼν.-ηῃ--ινψ“Ἶ-υ-
2 193 4 195 ,
0 172 2 179 <

22 1173 26 1176 .
67 1144 82 1156 ⁴
96 1143 134 1167 Cf.
143 1149 250 1167 nnmnv.

67 1188 82 1200 ⁴
96 1187 136 1212 Cf.
147 1193 214 1211 nam.
227 1194 251 1211 x.

66 1360 80 1378 ‘⁸
94 1363 131 1388 Cf.
145 1369 210 1388 nam.
225 1364 256 1387 Π.

24 2623 25 2626 ,
69 2604 80 2614 ·
93 2603 166 2626 Nam.
181 2609 197 2626 ι.

78 3265 89 3275 “
102 3265 162 3287 Ibid.

971 268 1237 314 QUAESTIO
1268 269 1373 314 XIX,
1404 267 1700 306 ARTICULUS
1729 269 1815 306 VIII

2421 270 2495 315 245

992 389 1323 423 Commentario.
1346 389 1595 423 Cardtnalis
1618 390 1816 424 Caietam

313 488 360 551 IN
384 477 488 514 titulo,
513 486 590 510 nota
613 478 689 510 duo.
714 479 834 515 Primo,
859 478 948 521 quod
963 478 1014 510 hic
1031 485 1077 509 est
1094 488 1198 509 sermo
1216 479 1254 508 de
1270 488 1375 509 neces-

342 522 430 554 sitate
454 523 619 558 absoluta,
652 533 716 563 qua
738 523 896 563 quaedam
929 530 1032 562 partes
1060 522 1198 553 universi
1229 522 1377 553 dicuntur

310 567 503 604 necessaria,
529 574 564 598 ut
588 576 721 606 corpora
745 566 887 597 caelestia
907 573 938 597 et
955 566 1194 606 intelligentiae;
1219 567 1376 606 quaedam

310 620 386 643 vero
402 612 632 652 contingentia,
646 618 681 641 ut
693 610 824 643 fortuita
838 617 868 642 et
882 610 1019 642 casualia
1029 618 1059 642 et
1069 610 1175 642 libera.
1186 628 1207 633 -
1216 610 1373 648 Secundo,

311 655 401 695 quod
423 654 511 686 aliud
534 662 579 686 est
602 664 761 695 quaerere,
786 661 895 685 utrum
918 654 1027 685 omnia
1051 654 1112 686 sint
1136 654 1320 690 necessaria;
1346 662 1377 685 et

310 698 396 731 aliud
413 705 460 731 est
478 708 637 740 quaerere,
653 705 761 730 utrum
777 698 927 729 omnibus
942 698 1047 730 volitis
1062 709 1080 729 a
1096 699 1176 735 Deo,
1193 698 1376 739 imponatur
1412 723 1417 726 .

310 742 488 775 necessitas.
513 742 657 774 Primum
681 742 766 773 enim
786 752 851 773 non
875 749 921 773 est
944 743 1115 783 praesentis
1135 743 1270 782 negotii:
1296 753 1375 783 quo-

309 787 397 819 niam
415 796 482 818 non
499 793 545 818 est
559 786 610 818 hic
626 786 835 819 consideratio
851 787 889 817 de
904 787 1052 818 universo
1072 794 1126 819 aut
1141 787 1281 827 partibus
1297 787 1374 823 eius,

309 831 366 863 sed
388 831 427 862 de
451 830 556 861 divina
571 830 745 862 voluntate.
770 830 954 862 Secundum
977 839 1085 862 autem
1105 831 1256 872 importat
1272 841 1321 867 an,
1339 841 1376 863 ex

309 875 372 907 hoc
401 874 491 917 quod
513 874 634 915 aliquid
657 882 703 906 est
726 874 862 906 volitum
885 886 903 906 a
926 876 1010 912 Deo,
1035 883 1185 916 sequatur
1206 875 1286 906 illud
1310 885 1375 906 esse

309 919 343 950 in
361 928 395 952 se
418 918 630 951 necessarium
645 919 798 951 absolute.
823 920 864 950 Et
879 920 941 951 hoc
955 920 1006 952 hic
1021 919 1197 961 quaeritur:
1223 920 1268 950 nil
1291 920 1374 950 enim

309 962 395 996 aliud
419 963 459 994 ad
481 962 568 995 hunc
591 970 710 1004 spectat
732 971 909 1000 tractatum,
934 964 993 995 nisi
1016 964 1094 1005 quid
1118 974 1154 995 ex
1178 964 1282 995 divina
1297 964 1376 995 voli-

308 1006 396 1039 tione
419 1017 467 1039 res
490 1007 605 1039 volitae
629 1007 813 1039 sortiuntur.
838 1008 900 1040 Hic
923 1016 969 1040 est
993 1019 1067 1048 ergo
1091 1018 1201 1040 sensus
1225 1008 1316 1039 tituli.

369 1051 407 1083 ΙΙ.
432 1051 467 1083 In
483 1061 616 1092 corpore
640 1051 697 1084 tria
721 1051 809 1083 facit:
835 1052 950 1093 primo,
968 1053 1060 1093 ponit
1075 1053 1315 1084 conclusionem
1331 1062 1376 1082 re-

310 1095 495 1136 sponsivam
517 1096 679 1137 quaesito;
704 1097 855 1133 secundo,
879 1104 999 1133 tractat,
1020 1097 1100 1128 circa
1115 1097 1271 1130 rationem
1293 1096 1376 1128 illius

310 1140 542 1176 conclusionis,
568 1141 730 1181 quandam
756 1141 944 1181 opinionem
959 1141 990 1178 *;
1014 1142 1122 1177 tertio,
1147 1141 1284 1181 assignat
1310 1140 1376 1180 ipse

309 1194 417 1216 veram
439 1184 595 1216 rationem
619 1184 831 1217 conclusionis
846 1185 872 1216 *.

369 1229 420 1261 111.
446 1229 564 1267 Quoad
580 1230 738 1271 primum,
764 1229 928 1262 conclusio
947 1229 1131 1270 responsiva
1147 1229 1226 1260 clare
1243 1236 1328 1269 patet
1344 1229 1376 1260 in

269 1312 275 1313 ἶ
309 1273 429 1312 littera:
443 1273 568 1305 ,Divina
583 1273 731 1304 voluntas
748 1273 941 1314 quibusdam
956 1273 1062 1306 volitis
1079 1284 1096 1304 a
1112 1283 1144 1304 se
1160 1273 1377 1304 necessitatem

309 1317 458 1358 imponit,
484 1325 514 1349 et
536 1317 729 1358 quibusdam
752 1327 828 1353 non.

369 1362 422 1394 IV.
447 1362 566 1400 Quoad
580 1362 756 1394 secundum
766 1362 793 1397 *,
810 1362 875 1393 duo
893 1361 976 1394 facit.
994 1361 1112 1397 Primo,
1129 1361 1237 1392 recitat
1251 1361 1377 1402 opinio-

310 1416 394 1443 nem,
420 1406 546 1443 scilicet,
571 1406 661 1447 quod
683 1405 815 1446 quidam
838 1412 991 1445 putarunt
1014 1406 1169 1437 rationem
1193 1405 1287 1436 huius
1312 1416 1378 1437 esse

311 1450 527 1492 disparitatem
550 1449 732 1482 mediorum
755 1449 935 1490 agentium:
969 1450 1043 1491 quia
1074 1450 1191 1482 scilicet
1221 1450 1378 1491 quaedam

309 1494 374 1536 agit
396 1504 452 1537 per
468 1504 577 1527 causas
601 1494 720 1526 medias
744 1493 942 1531 necessarias,
967 1502 998 1526 et
1021 1494 1178 1535 quaedam
1198 1504 1254 1535 per
1270 1505 1378 1526 causas

310 1538 538 1580 contingentes.

365 1583 488 1615 Deinde
517 1582 718 1624 reprehendit
750 1582 831 1614 hanc
854 1582 1042 1623 opinionem
1066 1582 1241 1623 dupliciter.
1269 1583 1377 1614 Primo

309 1627 364 1662 sic.
395 1626 510 1659 Divina
532 1626 680 1659 voluntas
704 1634 750 1658 est
774 1637 868 1658 causa
890 1627 993 1667 prima
1024 1637 1090 1658 non
1121 1627 1311 1668 impedibilis
1335 1628 1377 1658 ob

309 1671 470 1704 defectum
493 1671 725 1712 cuiuscumque
758 1681 870 1703 causae
894 1671 1068 1703 secundae:
1093 1681 1168 1711 ergo
1192 1671 1298 1702 divina
1324 1682 1379 1702 vo·

307 1716 413 1749 hant-s
440 1725 508 1747 non
534 1715 630 1749 ha'bet
660 1715 806 1748 effectum
830 1716 1066 1756 contingentem
1097 1723 1226 1756 propter
1250 1725 1377 1748 causam

309 1760 494 1795 secundam.
517 1760 560 1792 Et
583 1760 735 1800 probatur
754 1760 994 1801 consequentia:
1020 1760 1096 1801 quia
1115 1759 1242 1791 effectus
1258 1760 1377 1801 primae

213 1806 260 1837 de!
271 1845 282 1851 ς
310 1815 423 1837 musae
445 1811 493 1836 est
515 1804 702 1845 contingens
729 1811 858 1845 propter
881 1814 1010 1836 causam
1033 1805 1206 1836 secundam
1220 1803 1254 1841 ἦ
1278 1814 1315 1835 ex
1338 1815 1377 1835 eo

310 1849 400 1892 quod
421 1848 596 1890 impeditur
627 1848 754 1880 effectus
785 1849 905 1889 primae
933 1858 1045 1880 causae
1069 1858 1124 1889 per
1147 1848 1307 1880 defectum
1330 1859 1377 1880 se-

311 1894 452 1930 cundae,
476 1900 512 1925 ut
534 1899 621 1933 patet
653 1893 690 1923 de
722 1892 789 1924 sole
818 1899 848 1923 et
875 1892 998 1933 planta,
1022 1900 1166 1933 respectu
1196 1892 1378 1933 perficiendi

311 1938 442 1970 fructus.
457 1955 478 1961 -
492 1937 650 1974 Secundo,
667 1937 813 1968 ducendo
830 1937 870 1967 ad
885 1937 1121 1972 inconveniens,
1139 1937 1192 1968 sic.
1209 1937 1376 1968 Distinctio

311 1981 476 2014 necessarii
492 1991 510 2012 a
526 1981 728 2021 contingente
745 1981 878 2012 refertur
893 1988 1016 2012 tantum
1032 1981 1065 2012 in
1081 1991 1190 2013 causas
1207 1982 1376 2012 secundas:

311 2037 387 2068 ergo
406 2033 454 2058 est
476 2033 599 2067 praeter
620 2025 831 2057 intentionem
847 2032 877 2057 et
893 2025 1091 2056 voluntatem
1108 2026 1264 2056 divinam:
1289 2026 1378 2067 quod

312 2078 359 2102 est
381 2080 616 2102 inconveniens.

369 2115 409 2146 V.
434 2114 528 2146 Circa
543 2114 681 2154 primam
699 2113 855 2145 rationem
877 2113 1013 2144 dubium
1029 2120 1091 2144 est:
1117 2124 1155 2144 eo
1172 2115 1261 2155 quod
1277 2114 1379 2154 prima

312 2158 501 2200 propositio.
526 2168 621 2199 supra
644 2168 743 2199 quarn
766 2165 834 2190 tota
856 2157 1008 2189 fundatur
1030 2158 1120 2194 ratio,
1145 2158 1223 2189 falsa
1244 2158 1378 2189 videtur.

310 2205 386 2236 Non
410 2203 496 2235 enim
520 2202 685 2243 distinguit
706 2202 787 2233 inter
809 2202 989 2242 modificari
1011 2209 1042 2232 et
1061 2203 1217 2242 impediri.
1242 2203 1379 2234 Effectus

313 2248 396 2280 enim
422 2247 608 2287 contingens
631 2253 761 2287 propter
791 2245 1039 2286 contingentiam
1068 2247 1223 2277 secundae
1248 2257 1378 2283 causae,

312 2302 379 2324 non
403 2290 550 2332 provenit
573 2301 610 2322 ex
633 2290 840 2331 impeditione
866 2299 990 2330 semper
1018 2290 1138 2330 primae
1163 2300 1295 2327 causae;
1326 2292 1380 2322 sed

312 2336 507 2379 quandoque
522 2345 560 2366 ex
575 2334 812 2366 modificatione
829 2334 949 2375 primae
973 2344 1085 2366 causae
1108 2335 1140 2365 in
1169 2336 1316 2366 secunda.
1341 2335 1381 2366 Et

311 2381 356 2413 sic
370 2380 495 2412 videtur
518 2379 705 2411 intellexisse
723 2379 833 2420 opinio
857 2379 920 2415 illa,
937 2379 1036 2420 quod,
1053 2379 1129 2420 quia
1145 2379 1250 2410 divina
1265 2380 1380 2411 volun-

311 2432 359 2458 tu
386 2423 589 2456 modificatur
611 2424 644 2455 in
668 2434 763 2456 causa
793 2423 1009 2463 contingente,
1032 2423 1105 2454 ideo
1136 2424 1230 2455 habet
1254 2424 1380 2455 effectus

312 2469 538 2509 contingentes.

369 2513 460 2545 Circa
477 2513 649 2544 secundam
666 2522 796 2553 quoque
813 2511 979 2548 rationem,
993 2512 1110 2552 duplex
1125 2512 1290 2543 dubitandi
1302 2512 1381 2543 ratio

313 2557 459 2590 occurrit.
491 2557 580 2587 Turn
604 2556 679 2597 quia
702 2556 889 2587 antecedens
912 2556 1029 2587 recedit
1057 2566 1075 2587 a
1097 2556 1261 2597 quaesito,
1291 2564 1327 2587 ut
1349 2557 1381 2587 in

313 2602 408 2634 titulo
433 2601 626 2632 declaratum
643 2600 729 2632 est*:
754 2600 898 2641 loquitur
922 2600 1007 2630 enirn
1024 2601 1062 2632 de
1079 2601 1278 2632 distinctione
1302 2601 1382 2631 inter

311 2645 524 2678 necessarium
548 2652 578 2676 et
600 2644 785 2684 contingens
801 2644 956 2675 absolute.
982 2644 1071 2676 Tum
1091 2645 1167 2686 quia
1183 2655 1380 2686 consequen-

313 2690 358 2722 tia
373 2689 451 2721 nihil
473 2689 566 2720 valet.
590 2689 674 2720 Dato
698 2689 784 2719 enim
807 2689 897 2729 quod
921 2688 1134 2729 contingentia
1158 2697 1239 2720 esset
1254 2697 1383 2729 propter

317 2744 426 2766 causas
449 2733 620 2768 secundas,
651 2740 710 2764 stat
734 2732 983 2773 contingentiam
1006 2743 1073 2764 esse
1095 2734 1228 2765 volitam
1252 2744 1270 2764 a
1293 2734 1381 2764 Deo:

315 2778 471 2820 quoniam
490 2778 528 2808 ab
549 2787 587 2808 eo
607 2784 682 2808 sunt
699 2776 826 2813 volitae,
843 2783 973 2817 propter
991 2777 1219 2818 perfectionem
1236 2778 1381 2814 universi,

315 2823 403 2864 ipsae
426 2831 538 2854 causae
562 2821 791 2861 contingentes,
808 2828 838 2852 et
862 2829 1092 2862 consequenter
1115 2821 1243 2853 effectus
1262 2832 1381 2853 earum.

315 2867 358 2899 Et
381 2867 426 2898 sic
448 2866 590 2906 undique
614 2874 704 2896 ruere
727 2865 874 2896 videntur
896 2865 1034 2897 rationes
1057 2867 1178 2897 ambae.

375 2911 467 2942 Circa
490 2910 593 2951 ipsam
622 2909 783 2950 opinionis
808 2909 1085 2950 reprehensionem
1109 2910 1218 2946 etiam,
1249 2910 1383 2941 dubium

317 2955 467 2987 occurrit:
491 2954 648 2996 quoniam
662 2954 915 2985 irrationabiliter
929 2954 1115 2994 reprehendi
1131 2954 1264 2985 videtur.
1289 2955 1382 2992 Quia,

318 2999 393 3031 dato
420 2999 510 3040 quod
533 2999 572 3030 sit
595 2999 702 3039 aliqua
724 2998 784 3028 alia
807 2998 898 3030 altior
922 3008 1016 3029 causa
1044 2998 1292 3038 confingendae,
1316 2998 1384 3039 ipsa

318 3051 425 3075 tamen
442 3050 552 3074 natura
569 3053 736 3074 causarum
753 3043 964 3074 secundarum
978 3042 1216 3078 defectibilium,
1234 3053 1289 3073 seu
1308 3043 1384 3073 libe-

319 3097 435 3123 rarum,
460 3087 589 3127 propria
611 3087 842 3127 contingentiae
866 3097 960 3118 causa
983 3094 1043 3118 est:
1062 3097 1098 3118 ac
1116 3097 1172 3127 per
1190 3087 1261 3123 hoc,
1282 3097 1384 3127 repre-

319 3131 465 3162 hensioni
481 3140 548 3162 non
563 3131 672 3162 debuit
696 3141 762 3162 esse
786 3132 885 3167 locus,
908 3131 1037 3172 quando
1057 3131 1180 3162 effectui
1196 3132 1324 3172 propria
1340 3138 1385 3162 est

320 3175 441 3207 reddita
465 3185 568 3211 causa,
592 3176 739 3216 quamvis
762 3186 828 3206 non
853 3175 968 3206 omnis.

375 3219 429 3250 VI.
445 3219 496 3250 Ad
512 3219 701 3251 evidentiam
725 3220 852 3255 horum,
869 3219 1034 3250 sciendum
1049 3225 1096 3251 est
1114 3220 1212 3261 quod,
1230 3220 1384 3260 quamvis,

320 3271 356 3295 ut
369 3263 402 3294 in
418 3263 512 3294 titulo
527 3263 647 3295 dietum
662 3271 708 3295 est
717 3264 742 3301 *‚
761 3264 822 3295 alia
835 3263 978 3305 quaestio
995 3263 1168 3295 formaliter
1184 3264 1223 3294 sit
1239 3264 1277 3294 de
1294 3274 1387 3294 causa

321 3307 564 3347 contingentiae,
585 3315 616 3339 et
633 3308 693 3339 alia
709 3309 748 3340 de
769 3318 862 3339 causa
879 3308 1110 3348 contingentiae
1130 3308 1246 3338 volitae
1266 3318 1283 3337 a
1299 3308 1385 3343 Deo;

321 3352 398 3393 quia
421 3358 528 3382 tamen
550 3351 700 3383 voluntas
723 3352 828 3383 divina
852 3352 1109 3393 unumquodque
1132 3352 1201 3382 vult
1224 3362 1290 3382 esse
1314 3362 1386 3391 pro-

321 3404 390 3437 pter
405 3405 498 3427 suam
511 3403 648 3432 causam,
665 3396 698 3427 in
714 3406 920 3438 quocumque
936 3406 1049 3436 genere
1066 3406 1187 3432 causae,
1205 3396 1388 3426 coincidunt

322 3441 434 3471 ambae
448 3439 649 3480 quaestiones
666 3441 774 3481 quoad
789 3441 963 3472 materiam.
983 3441 1024 3471 Et
1040 3447 1207 3480 propterea
1222 3450 1289 3470 non
1305 3447 1389 3470 extra

322 3484 536 3526 propositum,
553 3483 623 3514 imo
644 3485 684 3514 ad
706 3484 769 3515 hoc
791 3485 1005 3516 necessarium
1029 3491 1075 3515 est
1098 3485 1136 3515 de
1157 3494 1250 3515 causa
1266 3484 1388 3515 contin-

322 3528 445 3569 gentiae
463 3527 622 3558 disserere.
637 3528 688 3563 Et
711 3537 817 3560 revera
839 3529 917 3560 nihil
940 3529 1026 3560 aliud
1049 3529 1081 3559 in
1106 3528 1241 3559 dubium
1259 3528 1389 3559 vertitur

322 3573 382 3609 hic,
408 3572 467 3603 nisi
490 3581 571 3613 quae
588 3571 629 3602 sit
642 3571 744 3612 prima
759 3573 886 3612 propria
909 3574 995 3604 radix
1011 3572 1256 3612 contingentiae:
1283 3579 1313 3603 et
1326 3573 1389 3603 hoc

322 3617 355 3647 in
374 3626 487 3657 genere
511 3626 622 3647 causae
647 3615 817 3647 efficientis.
833 3633 853 3639 -
867 3617 933 3648 Nec
948 3617 1107 3648 descendit
1122 3627 1225 3647 sermo
1242 3626 1388 3657 praesens

1429 479 1468 508 ad
1493 479 1739 519 contingentiam
1766 480 1862 510 talem
1876 481 1925 510 vel
1941 481 2051 517 talem;
2077 483 2131 512 sed
2148 483 2378 523 contingentiae
2400 484 2494 514 abso-

1429 523 1494 553 lute
1518 524 1680 564 propriam
1703 534 1738 555 ac
1761 524 1898 564 primam
1922 525 2058 556 radicem
2081 526 2217 566 quaerit:
2249 537 2289 558 an
2313 527 2427 558 scilicet
2455 528 2495 558 sit

1430 566 1535 607 aliqua
1558 568 1698 599 conditio
1728 578 1894 599 causarum
1917 570 2141 605 secundarum
2167 580 2206 600 an
2230 571 2269 602 sit
2293 571 2398 612 aliqua
2421 582 2495 602 con-

1431 610 1508 641 ditio
1538 611 1637 651 ipsius
1668 612 1791 643 divinae
1814 613 2004 649 voluntatis,
2034 623 2114 654 quae
2144 622 2190 645 est
2213 615 2315 655 prima
2345 615 2493 646 omnium

1431 664 1532 685 causa.

1486 699 1553 730 VII.
1578 700 1619 731 Et
1634 700 1744 740 opinio
1761 701 1891 742 quidem
1914 700 1947 731 in
1970 701 2070 732 littera
2088 701 2214 732 recitata
2238 712 2272 733 ac
2295 703 2492 743 reprehensa,

1431 743 1527 775 credit
1550 744 1688 775 radicem
1710 745 1896 776 huiusmodi
1920 755 1986 776 esse
2010 745 2226 776 conditionem
2249 747 2403 777 secundae
2420 757 2493 778 cau-

1430 796 1495 823 sae;
1513 787 1591 820 idest
1607 788 1883 825 defectibilitatem,
1901 799 1955 820 seu
1973 789 2211 829 possibilitatem
2228 791 2492 827 contradictionis,

1430 831 1462 862 in
1487 832 1587 862 causis
1611 833 1756 864 secundis
1779 833 1950 865 inventam.
1976 833 2074 870 Quod
2098 840 2133 865 ut
2155 833 2269 864 melius
2292 834 2492 874 intelligatur,

1430 875 1596 907 sciendum
1628 884 1674 908 est
1710 877 1799 917 quod
1827 877 2075 908 instrumentum
2108 877 2298 908 defectivum
2329 878 2494 918 dupliciter

1431 920 1593 960 contingit·
1609 931 1794 952 concurrere
1814 922 1852 951 ad
1869 921 1941 953 artis
1961 930 2059 961 opus:
2085 932 2151 952 uno
2176 921 2285 958 modo,
2303 929 2338 953 ut
2354 922 2492 953 defectus

1431 974 1497 994 non
1514 964 1552 996 sit
1568 965 1686 996 electus
1702 966 1740 996 ab
1758 965 1883 1002 artifice,
1909 966 1963 996 sed
1979 965 2018 996 sit
2034 975 2230 1006 consequens
2246 965 2493 997 instrumentum

1431 1008 1577 1045 electum,
1595 1020 1631 1040 ex
1647 1010 1829 1041 necessitate
1846 1010 2007 1045 materiae;
2026 1010 2165 1041 secundo
2182 1010 2291 1046 modo,
2304 1017 2339 1041 ut
2355 1010 2493 1041 defectus

1431 1052 1498 1092 ipse
1514 1053 1553 1084 sit
1571 1053 1688 1085 electus
1712 1054 1750 1084 ab
1774 1053 1899 1085 artifice.
1924 1054 2019 1084 Verbi
2042 1054 2148 1094 gratia,
2173 1054 2306 1093 scriptor
2328 1054 2494 1095 dupliciter

1432 1104 1535 1136 potest
1559 1098 1605 1129 uti
1629 1098 1714 1128 malo
1739 1098 1875 1129 calamo:
1900 1098 2020 1138 primo,
2045 1098 2119 1138 quia
2143 1097 2251 1130 statuit
2274 1108 2306 1129 se
2334 1098 2380 1129 uti
2404 1098 2493 1129 omni

1432 1151 1544 1180 genere
1568 1142 1696 1178 calami;
1721 1143 1882 1178 secundo,
1915 1142 1990 1182 quia
2013 1142 2119 1173 statuit
2147 1152 2179 1173 se
2208 1142 2366 1173 facturum
2394 1142 2493 1173 malas

1432 1185 1557 1216 litteras.
1583 1186 1618 1216 In
1635 1186 1739 1225 primo
1760 1196 1843 1222 casu,
1861 1196 1935 1217 cum
1951 1186 2092 1226 scriptor,
2110 1193 2201 1217 utens
2219 1187 2339 1217 calamo
2356 1186 2491 1227 lapideo,

1432 1229 1531 1260 malas
1555 1229 1671 1261 format
1694 1230 1825 1266 litteras,
1851 1231 2039 1261 advertenda
2062 1238 2136 1261 sunt
2159 1230 2235 1261 duo.
2260 1230 2377 1266 Primo,
2402 1231 2492 1271 quod

1432 1281 1498 1303 tam
1514 1273 1633 1304 malitia
1649 1274 1769 1309 calami,
1795 1284 1892 1314 quam
1915 1274 2033 1305 malitia
2055 1274 2238 1310 litterarum,
2256 1284 2321 1304 non
2339 1274 2419 1305 cadit
2434 1276 2493 1305 sub

1432 1317 1584 1349 electione
1608 1317 1781 1358 scriptoris,
1806 1319 1859 1349 sed
1884 1318 2089 1358 consequitur
2111 1318 2230 1349 malitia
2253 1328 2290 1349 ex
2313 1318 2494 1350 necessitate

1432 1362 1598 1392 materiae:
1623 1371 1689 1392 non
1710 1362 1794 1392 enim
1809 1362 1876 1402 ipse
1901 1362 2022 1392 malurn
2042 1362 2134 1401 elegit
2150 1362 2317 1398 calamum,
2335 1363 2398 1398 sed,
2419 1363 2494 1403 quia

1433 1415 1529 1436 omne
1552 1415 1652 1446 genus
1676 1406 1787 1436 calami
1812 1406 1913 1446 elegit,
1931 1416 1968 1436 ex
1983 1406 2163 1437 necessitate
2186 1406 2326 1446 lapideae
2348 1406 2494 1438 materiae

1433 1449 1571 1481 defectus
1596 1450 1628 1480 in
1653 1450 1775 1481 calamo
1799 1450 1970 1481 resultavit.
1994 1450 2034 1481 Et
2057 1457 2223 1490 propterea
2246 1450 2427 1481 deformitas
2445 1451 2494 1482 lit-

1431 1501 1570 1525 terarum
1593 1494 1762 1530 reducitur,
1788 1501 1823 1526 ut
1846 1494 1879 1525 in
1902 1494 2064 1534 propriam
2088 1501 2118 1525 et
2140 1495 2276 1534 primam
2292 1494 2438 1530 radicem,
2461 1495 2493 1525 in

1432 1538 1535 1579 ipsam
1559 1538 1776 1569 conditionem
1800 1538 1930 1574 calami;
1960 1545 1991 1569 et
2014 1548 2079 1568 non
2103 1538 2135 1568 in
2160 1539 2354 1579 scriptorem,
2378 1539 2443 1580 qui,
2469 1539 2494 1570 si

1432 1583 1549 1614 idoneo
1574 1590 1714 1614 uteretur
1737 1583 1869 1618 calamo,
1893 1584 1993 1613 bonas
2016 1583 2132 1614 litteras
2156 1582 2278 1614 faceret.
2304 1583 2344 1614 Et
2363 1583 2405 1614 sic
2422 1593 2495 1614 con·

1433 1627 1510 1658 ditio
1535 1627 1646 1658 calami
1675 1634 1721 1658 est
1743 1627 1927 1667 impeditiva
1949 1627 2071 1658 virtutis
2095 1627 2267 1667 scriptoris,
2297 1626 2494 1658 modificatae

1433 1681 1489 1711 per
1505 1672 1673 1702 calamum.
1693 1672 1727 1702 In
1744 1671 1884 1702 secundo
1907 1681 1982 1702 vero
2007 1681 2090 1707 casu,
2109 1671 2290 1702 deformitas
2309 1671 2493 1708 litterarum,

1433 1725 1507 1746 cum
1531 1715 1654 1747 defectu
1672 1716 1794 1752 calami,
1812 1716 1870 1746 sub
1890 1715 2042 1746 electione
2066 1715 2148 1746 cadit
2171 1715 2347 1756 scriptoris:
2372 1715 2438 1746 imo
2458 1725 2495 1746 ex

1432 1760 1494 1791 hoc
1512 1760 1583 1800 ipso
1607 1760 1729 1790 malum
1753 1760 1910 1790 calamum
1934 1759 2035 1799 elegit,
2054 1766 2089 1790 ut
2109 1759 2207 1790 malas
2229 1759 2346 1791 litteras
2369 1759 2493 1796 formet,

1432 1811 1589 1845 quatenus
1613 1804 1860 1835 instrumentum
1883 1804 1996 1835 habeat
2019 1803 2183 1835 conforme
2207 1804 2292 1834 malo
2310 1803 2431 1835 effectui
2447 1804 2494 1834 in-

1432 1855 1530 1880 tento.
1555 1849 1596 1880 Et
1612 1849 1655 1879 sic
1670 1848 1769 1879 virtus
1785 1848 1943 1888 scriptoris
1959 1847 2160 1879 modificatur
2175 1848 2306 1889 quidem
2322 1848 2354 1879 in
2371 1848 2493 1879 calamo

1433 1893 1529 1929 malo,
1554 1893 1610 1923 sed
1633 1902 1699 1923 non
1722 1892 1909 1933 impeditur:
1933 1892 2000 1922 imo
2025 1892 2164 1923 defectus
2187 1892 2254 1932 ipse
2274 1893 2384 1923 calami
2404 1893 2494 1923 obse-

1432 1937 1540 1977 quitur
1563 1937 1676 1973 eidem,
1701 1937 1855 1977 quoniam
1879 1937 1996 1967 electus
2020 1943 2066 1967 est
2088 1937 2127 1966 ad
2151 1935 2419 1967 modificationem
2435 1937 2494 1966 vir-

1416 1981 1507 2012 ⁴tutis
1531 1991 1615 2017 suae,
1641 1988 1676 2012 ut
1698 1981 1834 2011 suaviter
1856 1980 2014 2012 intentum
2038 1980 2258 2011 defectuosum
2281 1980 2427 2012 effectum
2449 1988 2493 2012 at-

1432 2032 1539 2066 tingat.

1490 2069 1571 2100 VIII.
1597 2069 1700 2100 Tenet
1722 2069 1826 2109 igitur,
1852 2069 1891 2099 ad
1914 2069 2117 2109 propositum
2140 2069 2344 2109 applicando.
2369 2069 2495 2100 recitata

1433 2113 1554 2154 opinio,
1579 2113 1669 2154 quod
1692 2113 1779 2144 Deus
1802 2113 1970 2153 gloriosus,
1988 2113 2062 2154 quia
2081 2113 2170 2143 omni
2193 2123 2306 2152 genere
2327 2123 2493 2144 causarum

1433 2158 1643 2189 secundarum
1667 2157 1713 2188 uti
1737 2157 1897 2193 statuerit,
1932 2164 1962 2188 et
1989 2156 2069 2187 infra
2099 2157 2297 2188 latitudinem
2329 2167 2495 2188 causarum

1433 2202 1645 2233 secundarum
1667 2201 1872 2232 inveniuntur
1887 2201 2044 2242 quaedam
2061 2201 2239 2237 defectivae,
2254 2201 2305 2231 vel
2321 2202 2360 2231 ad
2376 2208 2496 2232 utrum·

1433 2246 1529 2282 libet,
1563 2253 1729 2286 propterea
1761 2253 1910 2286 sequatur
1941 2245 2163 2285 contingentia.
2194 2245 2234 2276 Et
2257 2245 2300 2276 sic
2330 2245 2494 2281 intellecta,

1435 2290 1545 2330 opinio
1578 2290 1654 2320 haec
1685 2289 1806 2330 optime
1829 2289 2017 2330 reprehensa
2049 2297 2104 2320 est.
2136 2289 2193 2320 Est
2220 2289 2305 2319 enim
2328 2289 2496 2329 reprehen—

1435 2334 1532 2365 sibilis
1556 2332 1607 2376 (ut
1629 2334 1662 2364 in
1685 2334 1786 2364 littera
1809 2334 1931 2369 dicitur,
1956 2334 1997 2364 ob
2021 2333 2210 2364 modestiam
2225 2332 2396 2375 Auctoris),
2421 2334 2496 2374 quia

1434 2378 1659 2410 insufficienter
1682 2388 1809 2409 causam
1833 2377 1933 2408 reddit
1956 2377 2195 2418 contingentiae.
2226 2378 2309 2414 Imo,
2330 2377 2415 2408 utin
2434 2377 2496 2408 fine

1436 2423 1578 2463 corporis
1601 2422 1696 2453 huius
1720 2422 1840 2453 articuli
1864 2421 2016 2462 tangitur,
2042 2429 2073 2452 et
2095 2431 2132 2452 ex
2160 2421 2249 2452 dictis
2265 2421 2282 2440 *
2304 2422 2368 2451 iam
2391 2428 2495 2462 patere

1435 2474 1549 2508 potest,
1567 2466 1730 2507 propriam
1747 2476 1874 2497 causam
1897 2466 2128 2506 contingentiae
2152 2475 2217 2496 non
2241 2465 2388 2496 reddidit:
2412 2475 2494 2506 quo·

1436 2512 1532 2547 niam,
1551 2511 1629 2542 dum
1645 2510 1862 2542 conditionem
1882 2510 2037 2541 secundae
2053 2519 2163 2540 causae
2179 2509 2340 2549 propriam
2359 2510 2496 2540 radicem

1436 2556 1529 2591 dixit,
1554 2555 1674 2595 primae
1699 2564 1828 2590 causae,
1853 2554 1886 2584 in
1909 2564 1972 2595 qua
2000 2561 2046 2584 est
2068 2563 2140 2583 vera
2163 2553 2266 2589 radix,
2297 2554 2406 2584 locum
2430 2563 2495 2583 non

1436 2599 1570 2640 reliquit,
1589 2606 1624 2630 ut
1639 2599 1672 2629 in
1688 2599 1833 2638 exemplo
1854 2599 1927 2628 dato
1951 2605 2088 2638 apparet.
2105 2615 2126 2620 -
2141 2598 2181 2628 Et
2195 2607 2252 2638 per
2266 2597 2328 2628 hoc
2343 2604 2428 2638 patet
2446 2607 2496 2627 so-

1435 2644 1515 2674 lutio
1539 2643 1646 2674 tertiae
1671 2642 1875 2673 dubitationis
1897 2641 1924 2673 ⁴⁹.

1488 2688 1539 2718 IX.
1554 2686 1755 2727 Reprehensa
1767 2696 1898 2727 quoque
1911 2685 2134 2722 rationabiliter
2147 2692 2282 2726 utroque
2297 2692 2343 2716 est
2358 2685 2463 2716 medio
2469 2685 2496 2716 *.

1437 2732 1602 2770 Quoniam
1624 2731 1772 2761 virtutem
1801 2730 1921 2770 primae
1946 2740 2056 2760 causae
2083 2729 2257 2760 modificari
2285 2729 2318 2760 in
2341 2730 2496 2765 secunda,

1438 2776 1493 2807 etsi
1516 2775 1677 2815 contingat
1701 2774 1875 2815 dupliciter,
1900 2774 2015 2805 scilicet
2038 2784 2112 2805 cum
2135 2774 2364 2814 impedimento
2384 2780 2414 2804 et
2433 2773 2498 2804 sine

1437 2820 1666 2860 impedimento
1698 2819 1781 2855 eius,
1812 2826 1847 2850 ut
1875 2818 1908 2849 in
1939 2818 2085 2859 exemplo
2116 2818 2189 2849 dato
2220 2818 2422 2848 manifestum
2454 2824 2499 2848 est

1438 2864 1620 2907 (utrobique
1652 2863 1736 2894 enim
1760 2863 1858 2894 virtus
1881 2862 2040 2903 scriptoris
2068 2862 2154 2892 malo
2178 2861 2357 2892 modificata
2380 2868 2426 2892 est
2449 2872 2498 2892 ca-

1436 2907 1551 2949 lamo);
1576 2917 1700 2948 semper
1717 2914 1834 2943 tamen,
1859 2907 1987 2948 quando
2012 2906 2151 2937 defectus
2166 2906 2199 2936 in
2215 2906 2324 2937 effectu
2341 2906 2499 2936 reducitur

1437 2954 1469 2983 in
1487 2952 1703 2983 conditionem
1720 2961 1830 2982 causae
1854 2951 2010 2981 secundae
2033 2957 2185 2991 tanquam
2208 2950 2240 2980 in
2263 2949 2399 2989 primam
2422 2950 2499 2980 radi-

1438 3007 1517 3033 cem,
1542 3003 1668 3036 oportet
1691 2995 1779 3036 quod
1803 2995 1943 3026 conditio
1963 3004 2074 3025 causae
2091 2994 2245 3025 secundae
2260 2994 2298 3024 sit
2313 2993 2497 3033 impediens,

1438 3049 1468 3072 et
1492 3051 1558 3071 non
1589 3040 1695 3070 solum
1726 3039 1911 3070 modificans
1941 3039 2060 3079 primae
2084 3038 2262 3069 efficaciam.
2295 3038 2335 3068 Et
2358 3037 2432 3078 quia
2456 3037 2499 3068 sic

1439 3085 1549 3125 opinio
1573 3084 1624 3114 illa
1647 3090 1742 3120 tenet,
1759 3083 1831 3114 ideo
1854 3083 1956 3124 prima
1979 3083 2058 3113 ratio
2079 3082 2185 3113 efficax
2201 3089 2308 3112 contra
2326 3081 2427 3122 ipsam
2443 3088 2498 3112 est.

1439 3131 1479 3161 Et
1498 3129 1541 3160 sic
1564 3129 1666 3168 prima
1689 3127 1842 3158 dubitatio
1865 3128 1882 3147 *
1906 3127 2070 3158 clarificata
2094 3134 2147 3158 est.

1498 3173 1548 3204 Ad
1570 3183 1604 3203 ea
1622 3179 1728 3202 autem
1752 3181 1833 3212 quae
1851 3171 1884 3202 in
1905 3172 2040 3202 secunda
2057 3170 2251 3201 dubitatione
2266 3169 2284 3188 *
2302 3169 2393 3199 allata
2416 3176 2498 3205 sunt,

1441 3229 1478 3248 ex
1497 3217 1611 3248 eodem
1627 3216 1835 3253 fundamento
1854 3223 1940 3256 patet
1955 3215 2129 3255 responsio.
2153 3214 2227 3244 Non
2243 3213 2327 3244 enim
2343 3222 2500 3243 recessum

1441 3270 1487 3293 est
1506 3272 1523 3292 a
1542 3260 1722 3301 proposito:
1747 3260 1821 3301 quia
1845 3259 2055 3300 quaestiones,
2072 3266 2107 3289 ut
2122 3259 2186 3288 iam
2201 3257 2337 3288 diximus
2350 3257 2376 3292 *,
2394 3257 2501 3298 quoad

1441 3305 1605 3337 materiam
1635 3304 1828 3335 coincidunt.
1852 3305 1963 3344 Neque
1990 3304 2048 3334 sub
2072 3303 2186 3332 directa
2208 3302 2370 3332 voluntate
2398 3301 2501 3331 divina

1443 3351 1564 3381 caderet
1588 3348 1819 3388 contingentia:
1850 3348 1904 3378 sed
1928 3355 2007 3378 esset
2030 3348 2061 3377 in
2085 3346 2231 3377 universo
2261 3355 2297 3375 ex
2320 3345 2501 3375 necessitate

1443 3393 1605 3428 materiae,
1629 3393 1710 3423 idest
1732 3402 1768 3423 ex
1792 3392 1973 3423 necessitate
1997 3398 2179 3422 naturarum
2204 3398 2369 3420 causarum
2392 3397 2502 3419 secun—

1443 3440 1565 3473 darum,
1590 3444 1625 3467 ut
1648 3436 1680 3466 in
1704 3436 1849 3477 exemplo
1874 3436 1947 3466 dato
1971 3442 2108 3475 apparet.
2133 3434 2204 3464 Hoc
2222 3439 2329 3464 autem
2349 3439 2395 3464 est
2412 3433 2501 3463 valde

1443 3481 1683 3513 inconveniens:
1709 3481 1863 3521 quoniam
1883 3478 2093 3519 contingentia
2113 3485 2158 3508 est
2176 3478 2214 3508 de
2234 3476 2343 3518 primis
2363 3477 2502 3517 partibus

1444 3526 1531 3562 entis,
1549 3533 1578 3556 et
1593 3524 1750 3555 invenitur
1765 3525 1797 3554 in
1815 3524 1932 3555 naturis
1955 3533 2033 3563 pure
2057 3521 2261 3557 sensibilium,
2287 3528 2317 3552 et
2335 3521 2367 3551 in
2384 3520 2502 3551 naturis

1444 3580 1521 3611 pure
1545 3569 1819 3604 intellectualium,
1845 3575 1874 3599 et
1897 3568 1929 3597 in
1953 3574 2064 3598 natura
2087 3566 2190 3596 media
2214 3565 2294 3596 inter
2317 3572 2501 3606 utramque,

1444 3622 1520 3655 puta
1544 3614 1693 3643 humana.

2522 2425 2532 2435 ⁸
2547 2424 2618 2447 Num.
2630 2431 2707 2453 praec.

2524 2689 2532 2697 ·
2549 2686 2584 2709 Cf.
2595 2692 2658 2708 num.
2669 2692 2683 2707 v
2693 2686 2732 2707 fin.

2524 2737 2533 2744 ·
2549 2734 2584 2757 Cf.
2600 2740 2664 2756 num.
2677 2740 2706 2755 iv.

2527 3128 2536 3136 ·
2552 3125 2587 3148 Cf.
2603 3131 2666 3147 nurn.
2677 3132 2699 3147 v.

2527 3176 2535 3184 '¹
2552 3174 2587 3196 cf.
2602 3174 2660 3195 ibid.

2529 3260 2537 3268 ·
2552 3257 2623 3279 Num.
2634 3262 2665 3278 vr.
