2768 4178
1010 277 1278 324 QUAESTlo
1306 266 1412 325 xlx,
1442 278 1743 316 ARTICULUS
1773 279 1842 315 ΧΠ
2446 282 2515 318 251

1005 403 1336 438 Commentaria
1359 404 1607 439 cardinalis
1629 405 1828 439 Caietani

1458 517 1495 538 ex
1510 518 1549 538 eo
1562 508 1651 550 quod
1666 508 1715 540 his
1731 509 1874 551 quinque
1890 510 1994 540 modis
2014 511 2207 541 declaramus
2223 521 2282 542 nos
2299 511 2418 552 aliquid
2432 512 2523 543 velle.

1458 569 1477 574 -
1493 552 1651 591 Secundo,
1669 563 1706 584 ex
1729 560 1817 594 parte
1831 553 1938 584 voliti:
1964 565 2000 585 ex
2019 565 2057 585 eo
2072 556 2160 596 quod
2177 555 2413 596 distinguuntur
2427 566 2523 596 penes

336 603 376 625 ac
391 594 552 635 prohibet,
570 595 742 635 permittit,
767 594 915 632 consulit,
940 595 1059 635 implet.
1457 606 1604 637 praesens
1626 597 1677 628 vel
1705 597 1867 634 futurum,
1891 598 2014 629 malum
2042 606 2072 630 et
2098 600 2236 636 bonum,
2261 600 2470 631 necessarium
2493 608 2523 631 et

393 638 432 669 11.
457 638 494 669 In
517 647 650 679 corpore
673 637 766 669 unica
790 645 836 669 est
859 638 1038 675 conclusio,
1062 638 1245 679 responsiva
1268 639 1402 670 affirma·
1458 641 1730 681 superabundans.
1747 660 1767 665 -
1783 642 2042 683 Interseriturque
2066 644 2154 684 quod
2174 640 2220 675 'ita
2243 644 2282 675 sit
2298 645 2336 674 de
2352 644 2445 681 facto,
2465 644 2523 675 sci-

334 682 416 713 tive:
441 682 503 714 Ista
525 682 668 723 quinque
692 682 782 723 signa
809 683 1033 714 convenienter
1061 690 1227 724 ponuntur
1255 683 1334 714 circa
1358 684 1403 714 di-
1457 685 1529 716 licet
1553 686 1642 727 quod
1661 686 1739 717 haec
1755 687 1898 728 quinque
1917 687 2060 718 dicantur
2075 687 2199 718 divinae
2213 688 2400 725 voluntates,
2418 695 2524 719 aucto-

334 726 444 757 vinam
457 726 668 758 voluntatem.
685 744 706 749 -
719 726 939 758 Manifestatur
951 728 1072 768 primo,
1090 737 1127 759 ex
1142 735 1229 768 parte
1252 728 1401 759 volentis:
1458 729 1546 760 ritate
1570 730 1681 761 Matth.
1697 741 1743 767 w,
1768 737 1799 762 et
1820 731 2001 771 Augustini.

396 515 505 536 rrimus
527 505 562 536 in
584 505 690 547 primo
714 512 902 547 argumento
926 505 1119 546 explanatur,
1144 506 1223 537 dum
1246 506 1402 547 explican-

338 516 450 581 Ttur
462 549 531 591 ipsa
546 549 690 592 quinque
706 550 795 591 signa
817 549 850 580 in
872 550 935 581 hoc
950 560 1042 581 versu
1062 557 1223 582 contenta:
1242 552 1403 592 Praecipit

501 793 525 800 l
