2768 4178
50 1644 58 1654 ·
75 1644 101 1665 S.
111 1643 156 1665 Th.
167 1644 220 1664 lect.

51 1996 108 2011 ΧΧΧΧΧ

51 2285 238 2312 *ljb.1,c.xxx

53 2605 136 2654 32³8:
150 2611 241 2653 lalus·
254 2617 263 2621 ·

310 1632 360 1691 ,vt

291 277 336 313 56

1028 274 1296 322 QUAESTIO
1325 274 1371 320 v,
1402 272 1699 310 ARTICULUs
1729 274 1742 308 1

1008 452 1420 530 QUAESTIO
1465 452 1774 528 QUmTA

891 570 996 610 DE
1050 568 1279 609 BONO
1334 569 1416 609 IN
1472 568 1881 610 COMMUNI

1134 671 1169 696 IN
1198 671 1264 696 sEx
1292 661 1494 696 ART1CU'Los
1523 671 1640 696 D1V1SA

374 773 482 798 ElNDE
507 762 700 811 quaeritur
729 762 776 799 de
801 762 923 799 bono:
961 769 996 798 et
1022 760 1149 810 primo
1179 760 1234 798 de'
1256 762 1361 798 bono

292 772 413 855 Diu
442 815 661 862 communi;
691 815 861 853 secundo
892 815 938 852 de
967 814 1137 853 bonitate
1165 814 1238 852 Dei
1258 814 1288 850 ²³⁶.

291 868 403 906 Circa
430 868 601 918 primum
631 876 868 917 quaeruntur
895 880 972 906 sex.

344 922 494 959 Primo:
523 929 653 959 utrum
683 923 830 967 bonum
850 929 886 959 et
906 934 974 959 ens
1002 921 1074 959 sint
1101 921 1205 959 idem
1230 932 1364 957 secun-

399 975 492 1012 dum
522 987 614 1012 rem.

346 1029 545 1066 Secundo:
571 1028 769 1077 supposito
790 1028 895 1077 quod
926 1027 1101 1065 differant
1119 1027 1263 1064 ratione
1283 1033 1365 1063 tan-

397 1090 491 1129 tum,
503 1081 595 1130 quid
611 1081 657 1118 sit
669 1081 775 1131 prius
791 1081 1006 1119 secundum
1022 1081 1223 1129 rationem,
1234 1088 1363 1117 utrum

398 1136 544 1173 bonum
573 1136 635 1172 vel
666 1147 744 1172 ens.

1469 761 1626 798 Tertio:
1657 760 1856 810 supposito
1896 761 2001 810 quod
2039 773 2107 799 ens
2136 761 2181 798 sit
2208 760 2331 810 prius,
2362 760 2490 798 utrum

1525 826 1643 851 omne
1674 826 1740 851 ens
1770 814 1816 851 sit
1844 814 2006 852 bonum.

1473 867 1646 914 Quarto:
1685 867 1734 904 ad
1768 879 1884 916 quam
1923 879 2080 906 causam
2119 867 2215 905 ratio
2249 868 2342 905 boni
2378 868 2490 906 redu-

1527 927 1644 956 catur.

1473 972 1640 1020 Quinto:
1669 980 1800 1011 utrum
1829 973 1923 1011 ratio
1957 974 2050 1012 boni
2083 973 2263 1011 consistat
2290 974 2327 1011 in
2357 975 2490 1022 modo,

1526 1025 1653 1076 specie
1684 1033 1720 1063 et
1748 1026 1895 1064 ordine.

1473 1080 1610 1117 Sexto:
1642 1079 1842 1129 quomodo
1871 1079 2063 1118 dividatur
2091 1081 2239 1118 bonurn
2259 1087 2276 1102 0‘
2305 1081 2343 1118 in
2370 1082 2491 1118 hone-

1527 1141 1641 1181 stum,
1670 1133 1760 1170 utile
1790 1141 1826 1170 et
1855 1133 2089 1171 delectabile.

1111 1244 1430 1286 ARTICULUS
1461 1244 1669 1286 PRIMUS

804 1329 960 1360 UTRUM
985 1328 1139 1360 BONUM
1163 1328 1380 1359 DIFFERAT
1404 1328 1641 1359 SECUNDUM
1665 1328 1756 1359 REM
1780 1328 1836 1359 AB
1859 1328 1976 1358 ENTE

601 1408 610 1431 1
631 1407 713 1437 Sent„
734 1407 793 1432 dist.
811 1415 866 1438 vm,
886 1415 931 1440 qu.
955 1416 975 1439 1,
995 1412 1042 1432 art.
1064 1407 1091 1437 3;
1111 1407 1170 1431 dist.
1189 1414 1238 1435 xxx,
1257 1414 1301 1439 qu.
1321 1414 1345 1437 ν,
1364 1411 1410 1431 art.
1435 1414 1455 1437 1,
1475 1406 1507 1431 ad
1528 1406 1555 1437 3;
1576 1406 1618 1431 De
1641 1406 1730 1436 Verit„
1750 1414 1795 1439 qu.
1808 1414 1825 1437 1,
1845 1411 1891 1431 art.
1910 1414 1935 1437 1;
1955 1414 1999 1439 qu.
2012 1413 2062 1437 xxx,
2082 1412 2128 1431 art.
2148 1415 2174 1438 1;

1161 1442 1202 1467 De
1220 1443 1288 1471 Por..
1308 1450 1353 1475 qu.
1372 1449 1404 1471 ix,
1425 1447 1472 1467 art.
1486 1449 1511 1475 7,
1530 1442 1562 1466 ad
1581 1440 1607 1466 6.

325 1538 387 1558 Ἶ-κῑ
447 1547 464 1557 ,-

319 1546 486 1636 Ῐὶῗὲᾕ
507 1578 654 1615 bonum
675 1577 824 1614 differat
853 1579 1065 1616 secundum
1094 1589 1174 1614 rem
1194 1577 1241 1613 ab
1264 1583 1360 1613 ente.

345 1613 433 1675 *lvx
444 1616 477 1678 ἦ
491 1629 606 1668 Dicit
621 1631 724 1668 enim
735 1631 903 1680 Boetius,
914 1630 953 1668 in
963 1631 1060 1668 libro
1077 1631 1123 1668 de
1132 1629 1361 1667 Hebdom.*:

350 1660 450 1721 &ab
465 1677 655 1723 intueor
687 1685 723 1721 in
761 1686 872 1722 rebus
899 1684 1006 1722 aliud
1031 1696 1109 1721 esse
1143 1684 1243 1733 quod
1277 1689 1365 1720 sunt

291 1739 411 1784 bona,
447 1743 482 1774 et
509 1738 615 1775 aliud
644 1750 723 1775 esse
754 1738 856 1786 quod
885 1744 981 1776 sunt.
1012 1739 1115 1787 Ergo
1145 1738 1291 1774 bonum
1326 1745 1362 1773 et

291 1804 359 1828 ens
389 1790 567 1828 differunt
595 1791 809 1829 secundum
839 1804 932 1828 rem.

347 1857 380 1881 2.
413 1845 647 1893 PRAETEREA,
669 1845 759 1892 nihil
780 1845 1007 1882 informatur
1026 1844 1164 1894 seipso.
1197 1844 1274 1881 Sed
1294 1843 1362 1880 bo-

292 1910 385 1935 num
415 1898 549 1935 dicitur
575 1911 645 1948 per
673 1898 984 1936 informationem
1015 1898 1122 1946 entis,
1142 1906 1183 1934 ut
1202 1898 1363 1934 habetur

198 1969 250 1989 xm,
292 1952 329 1988 in
350 1952 584 1989 Commento
605 1951 688 1989 libri
716 1953 762 1989 de
786 1953 918 1989 Caus'is
936 1952 966 1989 ²⁸.
998 1953 1100 1999 Ergo
1126 1952 1273 1988 bonurn
1295 1950 1362 1988 dif-

292 2006 361 2041 fert
389 2006 602 2042 secundum
631 2017 712 2043 rem
742 2006 789 2043 ab
821 2013 917 2043 ente.

347 2059 381 2095 3.
403 2059 637 2106 PRAETEREA‚
659 2059 806 2096 bonum
834 2059 990 2108 suscipit
1017 2058 1138 2107 magis
1165 2066 1201 2094 et
1221 2057 1358 2095 minus.

292 2113 386 2148 Esse
417 2119 545 2149 autern
574 2125 653 2149 non
686 2112 841 2162 suscipit
869 2112 990 2161 magis
1019 2120 1055 2149 et
1083 2111 1222 2149 minus.
1260 2111 1362 2159 Ergo

292 2166 440 2202 bonum
471 2165 596 2202 differt
623 2166 837 2204 secundum
868 2178 950 2203 rem
979 2166 1027 2202 ab
1058 2172 1156 2203 ente.

347 2219 421 2255 SED
451 2230 597 2255 CONTRA
622 2231 688 2256 EST
707 2220 813 2267 quod
833 2219 1067 2267 Augustinus
1087 2218 1184 2265 dicit,
1206 2218 1245 2255 in
1265 2217 1361 2254 libro

241 2291 266 2306 n.
293 2271 338 2308 de
357 2272 542 2308 Doctrina
568 2273 780 2310 Christiana
795 2273 826 2320 ³¹⁶,
848 2273 955 2321 quod
975 2272 1197 2321 inquantum
1217 2282 1360 2317 sumus,

294 2325 384 2361 boni
410 2337 551 2361 sumus.

349 2379 573 2415 RESPONDEO
603 2390 787 2416 DICENDUM
817 2378 923 2428 quod
951 2379 1100 2416 bonum
1129 2385 1165 2415 et
1191 2390 1257 2415 ens
1277 2384 1365 2414 sunt

293 2431 396 2468 idem
435 2431 650 2468 secundum
689 2444 797 2469 rem:
837 2431 906 2469 sed
944 2431 1122 2469 differunt
1149 2430 1363 2469 secundum

293 2485 479 2522 rationem
513 2492 672 2522 tantum.
713 2485 831 2532 Quod
864 2485 917 2522 sic
955 2493 1068 2535 patet.
1108 2485 1220 2522 Ratio
1259 2483 1361 2522 enim

293 2538 384 2575 boni
413 2538 451 2575 in
487 2539 562 2575 hoc
599 2538 788 2586 consistit,
824 2539 930 2587 quod
964 2538 1106 2588 aliquid
1139 2538 1184 2575 sit
1219 2537 1362 2587 appeti-

292 2592 386 2629 bile:
416 2592 520 2629 unde
549 2591 819 2641 Philosophus,
841 2592 879 2629 in
904 2593 917 2629 1
938 2593 1058 2629 Ethic.
1079 2591 1110 2639 ³¹²,
1142 2591 1229 2629 dicit
1258 2592 1361 2641 quod

292 2646 440 2682 bonum
471 2653 526 2682 est
545 2645 646 2694 quod
673 2645 801 2682 omnia
820 2651 1008 2694 appetunt.
1040 2645 1286 2688 Manifestum
1307 2652 1363 2682 est

292 2706 420 2736 autem
448 2699 555 2748 quod
580 2699 888 2747 unumquodque
918 2707 974 2736 est
1002 2699 1206 2748 appetibile
1230 2710 1363 2735 secun-

292 2753 386 2790 dum
415 2752 522 2800 quod
551 2760 607 2789 est
635 2753 867 2801 perfectum:
898 2765 988 2790 nam
1019 2752 1151 2790 omnia
1180 2759 1363 2802 appetunt

292 2819 402 2844 suam
436 2806 724 2855 perfectionem.
765 2807 956 2842 Intantum
993 2813 1048 2842 est
1076 2813 1203 2842 autern
1241 2805 1362 2855 perfe-

292 2869 394 2898 ctum
424 2860 750 2909 unumquodque,
782 2859 1008 2907 inquantum
1039 2859 1094 2896 est
1122 2867 1230 2896 actu:
1259 2858 1362 2896 unde

291 2914 535 2951 manifestum
556 2921 612 2950 est
631 2914 738 2962 quod
757 2913 943 2950 intantum
964 2920 1020 2949 est
1039 2911 1180 2961 aliquid
1201 2913 1361 2959 bonum,

291 2967 519 3017 inquantum
539 2973 595 3003 est
615 2979 698 3003 ens:
721 2976 804 3003 esse
825 2966 927 3003 enim
949 2974 1005 3003 est
1024 2965 1217 3003 actualitas
1237 2965 1362 3002 omnis

186 3045 211 3060 ar
259 3046 263 3050 -
293 3021 358 3069 rei,
379 3028 421 3057 ut
446 3033 490 3058 ex
519 3019 814 3070 superioribus*
832 3026 945 3068 patet.
978 3019 1089 3056 Unde
1118 3019 1361 3056 manifestum

293 3082 348 3111 est
367 3074 473 3123 quod
493 3074 640 3110 bonum
662 3080 698 3110 et
719 3085 785 3110 ens
806 3080 893 3110 sunt
912 3072 1013 3109 idem
1033 3072 1246 3110 secundum
1261 3083 1360 3109 rem:

292 3128 360 3165 sed
380 3128 527 3164 bonum
548 3126 636 3164 dicit
656 3126 843 3163 rationem
863 3125 1076 3175 appetibilis
1090 3125 1118 3173 β,
1144 3137 1261 3175 quam
1282 3137 1360 3162 non

294 3180 382 3218 dicit
412 3193 490 3218 ens.

346 3236 404 3270 An
434 3245 571 3271 PRIMUM
601 3244 699 3270 ERGO
735 3243 919 3269 DicENDUM
948 3232 1070 3281 quod,
1099 3231 1184 3269 licet
1213 3232 1360 3269 bonum

294 3295 330 3324 et
363 3299 429 3324 ens
465 3287 536 3324 sint
573 3286 675 3324 idern
715 3285 930 3324 secundum
962 3298 1065 3333 rem,
1105 3285 1196 3333 quia
1232 3292 1362 3321 tamen

294 3340 473 3378 differunt
501 3340 714 3377 secundum
744 3339 943 3386 rationem,
965 3352 1043 3376 non
1073 3339 1211 3376 eodem
1241 3337 1360 3374 modo

295 3392 429 3430 dicitur
457 3394 595 3442 aliquid
624 3406 689 3431 ens
715 3392 950 3441 simpliciter,
982 3400 1017 3429 et
1045 3393 1184 3429 bonum
1222 3390 1360 3440 simpli-

293 3447 384 3483 citer
397 3446 427 3483 ²¹².
459 3447 561 3484 Nam
583 3459 670 3484 cum
695 3459 762 3484 ens
783 3446 883 3483 dicat
902 3445 1041 3495 aliquid
1061 3450 1074 3471 ⁷
1094 3444 1249 3494 proprie
1279 3455 1360 3480 esse

294 3500 331 3537 in
361 3508 467 3545 actu;
497 3508 601 3537 actus
631 3508 759 3537 autem
785 3499 937 3549 proprie
959 3499 1135 3536 ordinem
1155 3498 1293 3535 habeat
1313 3496 1361 3534 ad

350 3614 377 3646 α)
388 3614 520 3647 quomodo
534 3614 673 3639 dividatur
688 3615 793 3639 bonum.
803 3628 821 3633 -
834 3614 866 3639 de
877 3614 1006 3639 divisione
1021 3614 1082 3638 bom·
1094 3613 1196 3638 codices
1210 3618 1235 3638 et
1249 3612 1307 3637 edd.
1322 3612 1361 3636 ab

348 3648 372 3682 β)
392 3650 551 3682 appetibilis.
569 3663 588 3669 -
606 3650 808 3682 appetibilitatis
827 3649 974 3680 ACDEFG,
993 3649 1127 3682 appetitus
1146 3649 1187 3674 ed.
1200 3656 1226 3673 a.

430 1554 444 1565 ,
506 1537 528 1562 D
557 1536 694 1561 PRIMUM
723 1536 776 1561 Sic
805 1535 1045 1561 PROCEDlTUR.
1075 1523 1235 1560 Videtur
1258 1522 1363 1572 quod
1415 1524 1649 1573 potentiam3
1680 1524 1894 1561 secundum
1923 1525 1999 1561 hoc
2027 1524 2248 1573 simpliciter
2271 1525 2415 1574 aliquid
2436 1525 2491 1562 di-

1418 1577 1512 1614 citur
1540 1590 1621 1625 ens,
1651 1578 1867 1615 secundum
1896 1578 2002 1627 quod
2029 1578 2156 1626 primo
2187 1578 2411 1616 discernitur
2438 1579 2488 1616 ab

1418 1643 1464 1668 eo
1493 1631 1599 1680 quod
1629 1639 1684 1668 est
1711 1631 1751 1668 in
1778 1631 1948 1680 potentia
1976 1638 2135 1668 tantum.
2166 1632 2252 1669 Hoc
2281 1640 2409 1669 autern
2434 1640 2491 1670 est

1418 1697 1501 1722 esse
1539 1685 1785 1722 substantiale
1826 1684 1877 1721 rei
1915 1684 2238 1734 uniuscuiusque;
2280 1685 2385 1723 unde
2421 1697 2492 1735 per

1417 1750 1532 1775 suum
1562 1750 1644 1775 esse
1673 1738 1917 1775 substantiale
1939 1737 2073 1775 dicitur
2092 1740 2399 1788 unumquodque
2419 1751 2487 1776 ens

1417 1791 1649 1841 simpliciter.
1680 1792 1754 1828 Per
1773 1799 1879 1829 actus
1898 1799 2027 1829 autem
2047 1792 2325 1841 superadditos,
2354 1791 2490 1830 dicitur

1417 1845 1560 1893 aliquid
1598 1857 1681 1882 esse
1718 1846 1922 1882 secundum
1958 1845 2067 1894 quid,
2106 1845 2202 1882 sicut
2239 1858 2322 1883 esse
2357 1846 2488 1883 album

1417 1898 1603 1947 significat
1638 1911 1720 1935 esse
1756 1898 1971 1935 secundum
2006 1898 2119 1947 quid:
2158 1911 2238 1936 non
2273 1899 2375 1936 enirn
2406 1911 2488 1936 esse

1417 1953 1548 1989 album
1577 1952 1699 1989 aufert
1736 1963 1819 1988 esse
1848 1951 1886 1988 in
1914 1951 2084 2001 potentia
2119 1951 2357 2005 simpliciter,
2397 1964 2486 1990 cum

1418 2005 1596 2043 adveniat
1625 2005 1678 2042 rei
1707 2004 1783 2042 iam
1816 2005 2082 2054 praeexistenti
2111 2005 2151 2042 in
2179 2012 2276 2042 actu.
2314 2005 2392 2043 Sed
2421 2006 2489 2042 bo-

1418 2071 1512 2096 nurn
1542 2058 1630 2096 dicit
1658 2058 1845 2095 rationem
1873 2058 2040 2107 perfecti,
2061 2059 2166 2108 quod
2187 2066 2242 2096 est
2265 2058 2488 2108 appetibile:

1418 2120 1454 2149 et
1481 2125 1550 2162 per
1585 2124 1824 2161 consequens
1857 2111 1946 2149 dicit
1978 2111 2166 2161 rationem
2204 2111 2337 2149 ultimi.
2378 2111 2489 2150 Unde

1417 2165 1456 2203 id
1488 2166 1594 2214 quod
1633 2172 1688 2202 est
1723 2165 1858 2202 ultimo
1897 2165 2129 2214 perfectum,
2169 2165 2305 2202 dicitur
2341 2166 2489 2203 bonum

1417 2218 1646 2268 simpliciter.
1678 2218 1796 2265 Quod
1822 2226 1950 2256 autem
1971 2231 2049 2255 non
2070 2219 2185 2255 habet
2212 2219 2385 2256 ultimam
2404 2231 2489 2268 per-

1417 2271 1623 2310 fectionem
1655 2283 1773 2321 quam
1803 2271 1916 2308 debet
1944 2272 2108 2319 habere,
2142 2272 2322 2321 quamvis
2350 2272 2490 2310 habeat

1417 2324 1586 2375 aliquam
1622 2324 1896 2374 perfectionem
1932 2324 2158 2374 inquantum
2188 2333 2244 2362 est
2272 2333 2378 2372 actu,
2409 2337 2488 2363 non

1417 2386 1547 2416 tamen
1576 2377 1711 2416 dicitur
1738 2378 1950 2427 perfectum
1980 2378 2207 2427 simpliciter,
2230 2391 2309 2415 nec
2338 2379 2486 2416 bonurn

1417 2431 1648 2481 simpliciter,
1672 2431 1738 2469 sed
1759 2431 1974 2469 secundum
1996 2431 2098 2481 quid.
2116 2452 2139 2459 -
2157 2431 2220 2469 Sic
2240 2444 2330 2480 ergo
2350 2443 2487 2469 secun·

1418 2485 1512 2523 dum
1541 2485 1711 2535 primurn
1741 2497 1836 2532 esse,
1867 2484 1972 2534 quod
2003 2492 2058 2522 est
2077 2484 2332 2532 substantiale,
2354 2484 2489 2522 dicitur

1418 2538 1558 2587 aliquid
1589 2551 1656 2575 ens
1685 2538 1903 2586 simpliciter
1923 2546 1959 2575 et
1978 2538 2127 2575 bonum
2147 2538 2359 2576 secundum
2380 2538 2485 2588 quid,

1417 2592 1514 2629 idest
1542 2592 1768 2642 inquantum
1808 2599 1863 2628 est
1897 2604 1985 2628 ens:
2025 2591 2237 2629 secundum
2275 2603 2370 2629 vero
2403 2591 2488 2629 ulti-

1418 2658 1527 2683 mum
1556 2650 1696 2692 aetum,
1728 2644 1862 2682 dicitur
1890 2644 2031 2693 aliquid
2051 2657 2118 2682 ens
2138 2645 2352 2682 secundum
2381 2645 2485 2694 quid,

1419 2706 1454 2736 et
1482 2699 1629 2736 bonurn
1658 2698 1888 2747 simpliciter.
1925 2698 1987 2735 Sic
2017 2710 2106 2746 ergo
2136 2698 2242 2747 quod
2271 2697 2359 2736 dicit
2386 2699 2486 2736 Boe-

1417 2752 1510 2799 tius,
1546 2751 1651 2801 quod
1681 2752 1718 2788 in
1748 2752 1858 2788 rebus
1895 2751 2000 2788 aliud
2032 2757 2085 2788 est
2116 2752 2218 2800 quod
2242 2757 2330 2788 sunt
2365 2752 2485 2797 bona,

1417 2811 1453 2842 et
1478 2805 1583 2842 aliud
1609 2805 1711 2853 quod
1734 2811 1839 2850 sunt,
1871 2805 2112 2842 referendum
2143 2812 2199 2842 est
2227 2805 2276 2842 ad
2306 2817 2387 2842 esse
2417 2805 2486 2842 bo-

1418 2871 1508 2896 num
1529 2857 1543 2880 δ
1572 2866 1608 2895 et
1627 2858 1675 2895 ad
1696 2870 1777 2895 esse
1797 2858 2033 2906 simpliciter:
2062 2858 2151 2907 quia
2179 2858 2391 2895 secundum
2410 2857 2485 2907 pri-

1416 2924 1524 2949 mum
1553 2919 1681 2949 actum
1722 2919 1777 2948 est
1810 2911 1950 2960 aliquid
1990 2923 2056 2948 ens
2085 2910 2321 2960 simpliciter;
2361 2918 2398 2947 et
2426 2923 2486 2948 se-

1418 2965 1587 3003 cundum
1617 2964 1812 3012 ultimum,
1842 2965 1989 3002 bonum
2021 2963 2248 3014 simpliciter.
2278 2964 2330 3000 Et-
2355 2971 2485 3001 tamen

1417 3018 1630 3056 secundum
1657 3018 1837 3067 primum
1857 3026 1984 3055 actum
2014 3025 2070 3055 est
2097 3016 2390 3067 quodammodo
2415 3018 2484 3055 bo-

1417 3084 1529 3109 num:
1561 3079 1596 3108 et
1624 3071 1836 3108 secundum
1857 3071 2031 3108 ultimum
2061 3078 2188 3108 actum
2218 3078 2274 3107 est
2298 3070 2485 3119 quodam-

1417 3124 1535 3162 modo
1566 3137 1644 3161 ens.

1469 3179 1527 3215 Ab
1565 3189 1755 3215 SECUNDUM
1794 3189 1977 3214 DiCENDUM
2020 3177 2126 3225 quod
2164 3177 2311 3213 bonurn
2351 3177 2486 3214 dicitur

1414 3243 1484 3280 per
1511 3230 1838 3278 informationem,
1868 3237 1983 3279 prout
2010 3228 2191 3278 accipitur
2220 3229 2368 3267 bonum
2393 3230 2485 3267 sim·

1415 3283 1570 3333 pliciter,
1600 3284 1811 3321 secundum
1841 3283 2017 3321 ultimum
2045 3290 2186 3320 actum.

1470 3338 1518 3374 Et
1546 3337 1714 3374 similiter
1748 3337 1951 3374 dicendum
1990 3336 2039 3373 ad
2076 3336 2250 3383 tertium,
2280 3336 2386 3386 quod
2415 3336 2483 3373 bo-

1416 3403 1508 3427 num
1529 3390 1663 3428 dicitur
1683 3389 1896 3427 secundum
1920 3389 2040 3437 magis
2061 3397 2096 3426 et
2116 3389 2253 3437 minus,
2270 3389 2483 3427 secundum

1415 3452 1541 3480 actum
1562 3443 1912 3493 supervenientem3
1942 3450 2033 3491 puta
2053 3442 2266 3480 secundum
2286 3442 2482 3480 scientiam

1416 3497 1476 3534 vel
1506 3496 1697 3534 virtutem.

1468 3613 1495 3645 γ)
1508 3612 1641 3643 αΙὶᾳιιίά.-
1651 3611 1712 3636 Om.
1725 3612 1800 3636 codd.
1811 3616 1836 3636 et
1849 3611 1906 3636 edd.
1917 3619 1934 3636 a
1942 3612 1988 3636 b.—
1998 3612 2047 3636 Pro
2057 3619 2112 3637 esse
2123 3612 2148 3637 in
2159 3615 2230 3641 actu,
2240 3617 2343 3636 omnem
2353 3613 2442 3636 actum
2453 3610 2483 3635 Β.

1469 3646 1493 3679 δ)
1514 3647 1618 3672 bonum.
1636 3660 1655 3666 —
1674 3647 1769 3671 bonum
1788 3647 1945 3679 simpliciter
1964 3648 1994 3672 D.
