<?xml version="1.0" encoding="UTF-8"?>
<!DOCTYPE html PUBLIC "-//W3C//DTD XHTML 1.0 Transitional//EN"
    "http://www.w3.org/TR/xhtml1/DTD/xhtml1-transitional.dtd">
<html xmlns="http://www.w3.org/1999/xhtml" xml:lang="en" lang="en">
 <head>
  <title>
</title>
<meta http-equiv="Content-Type" content="text/html;charset=utf-8" />
  <meta name='ocr-system' content='tesseract 3.04.00' />
  <meta name='ocr-capabilities' content='ocr_page ocr_carea ocr_par ocr_line ocrx_word'/>
</head>
<body>
  <div class='ocr_page' id='page_1' title='image "./operaomniaiussui04thom/operaomniaiussui04thom_0192.png"; bbox 0 0 2768 4178; ppageno 0'>
   <div class='ocr_carea' id='block_1_1' title="bbox 70 335 251 358">
    <p class='ocr_par' dir='ltr' id='par_1_1' title="bbox 70 335 251 358">
     <span class='ocr_line' id='line_1_1' title="bbox 70 335 251 358; baseline 0 -1"><span class='ocrx_word' id='word_1_1' title='bbox 70 337 79 345; x_wconf 87' lang='grc'>·</span> <span class='ocrx_word' id='word_1_2' title='bbox 94 335 132 358; x_wconf 84' lang='lat' dir='ltr'><em>Cf.</em></span> <span class='ocrx_word' id='word_1_3' title='bbox 147 341 212 357; x_wconf 86' lang='lat' dir='ltr'><em>num.</em></span> <span class='ocrx_word' id='word_1_4' title='bbox 227 341 251 357; x_wconf 88' lang='grc'><em>11.</em></span> 
     </span>
    </p>
   </div>
   <div class='ocr_carea' id='block_1_2' title="bbox 68 1446 242 1469">
    <p class='ocr_par' dir='ltr' id='par_1_2' title="bbox 68 1446 242 1469">
     <span class='ocr_line' id='line_1_2' title="bbox 68 1446 242 1469; baseline 0 -1"><span class='ocrx_word' id='word_1_5' title='bbox 68 1448 79 1457; x_wconf 85' lang='grc'><em>·</em></span> <span class='ocrx_word' id='word_1_6' title='bbox 95 1446 131 1469; x_wconf 79' lang='lat' dir='ltr'><em>Cf.</em></span> <span class='ocrx_word' id='word_1_7' title='bbox 146 1452 211 1468; x_wconf 87' lang='lat' dir='ltr'><em>num.</em></span> <span class='ocrx_word' id='word_1_8' title='bbox 226 1453 242 1468; x_wconf 83' lang='lat'><em>1.</em></span> 
     </span>
    </p>
   </div>
   <div class='ocr_carea' id='block_1_3' title="bbox 313 265 389 302">
    <p class='ocr_par' dir='ltr' id='par_1_3' title="bbox 313 265 389 302">
     <span class='ocr_line' id='line_1_3' title="bbox 313 265 389 302; baseline 0 0"><span class='ocrx_word' id='word_1_9' title='bbox 313 265 389 302; x_wconf 83' lang='lat'><em>174</em></span> 
     </span>
    </p>
   </div>
   <div class='ocr_carea' id='block_1_4' title="bbox 307 332 1382 3656">
    <p class='ocr_par' dir='ltr' id='par_1_4' title="bbox 308 332 1380 1172">
     <span class='ocr_line' id='line_1_4' title="bbox 362 332 1377 375; baseline -0.002 -9"><span class='ocrx_word' id='word_1_10' title='bbox 362 336 417 367; x_wconf 88' lang='lat' dir='ltr'><em>VI.</em></span> <span class='ocrx_word' id='word_1_11' title='bbox 444 334 536 366; x_wconf 90' lang='lat' dir='ltr'><em>Circa</em></span> <span class='ocrx_word' id='word_1_12' title='bbox 559 333 820 375; x_wconf 88' lang='lat' dir='ltr'>consequentiam</span> <span class='ocrx_word' id='word_1_13' title='bbox 843 334 1017 365; x_wconf 91' lang='lat' dir='ltr'><em>secundam</em></span> <span class='ocrx_word' id='word_1_14' title='bbox 1040 334 1184 365; x_wconf 90' lang='lat' dir='ltr'><em>eiusdem</em></span> <span class='ocrx_word' id='word_1_15' title='bbox 1206 332 1335 364; x_wconf 89' lang='lat' dir='ltr'><em>rationis</em></span> <span class='ocrx_word' id='word_1_16' title='bbox 1351 332 1377 369; x_wconf 92' lang='lat'><em>*,</em></span> 
     </span>
     <span class='ocr_line' id='line_1_5' title="bbox 310 378 1378 420; baseline -0.003 -9"><span class='ocrx_word' id='word_1_17' title='bbox 310 380 434 411; x_wconf 87' lang='lat' dir='ltr'><em>adverte</em></span> <span class='ocrx_word' id='word_1_18' title='bbox 453 379 543 420; x_wconf 92' lang='lat' dir='ltr'><em>quod</em></span> <span class='ocrx_word' id='word_1_19' title='bbox 567 388 765 419; x_wconf 88' lang='lat' dir='ltr'><em>consequens</em></span> <span class='ocrx_word' id='word_1_20' title='bbox 793 378 959 419; x_wconf 86' lang='lat' dir='ltr'>dupliciter</span> <span class='ocrx_word' id='word_1_21' title='bbox 982 378 1177 419; x_wconf 85' lang='lat' dir='ltr'><em>interpretari</em></span> <span class='ocrx_word' id='word_1_22' title='bbox 1201 384 1315 418; x_wconf 87' lang='lat' dir='ltr'><em>potest,</em></span> <span class='ocrx_word' id='word_1_23' title='bbox 1332 387 1378 408; x_wconf 90' lang='lat' dir='ltr'><em>se-</em></span> 
     </span>
     <span class='ocr_line' id='line_1_6' title="bbox 310 421 1377 464; baseline -0.003 -9"><span class='ocrx_word' id='word_1_24' title='bbox 310 425 453 455; x_wconf 91' lang='lat' dir='ltr'><em>cundum</em></span> <span class='ocrx_word' id='word_1_25' title='bbox 475 423 564 464; x_wconf 94' lang='lat' dir='ltr'><em>quod</em></span> <span class='ocrx_word' id='word_1_26' title='bbox 587 423 787 464; x_wconf 81' lang='lat' dir='ltr'><em>intelligibile</em></span> <span class='ocrx_word' id='word_1_27' title='bbox 810 422 978 463; x_wconf 90' lang='lat' dir='ltr'><em>dupliciter</em></span> <span class='ocrx_word' id='word_1_28' title='bbox 1000 422 1146 454; x_wconf 89' lang='lat' dir='ltr'>sumitur.</span> <span class='ocrx_word' id='word_1_29' title='bbox 1172 423 1247 453; x_wconf 93' lang='lat' dir='ltr'><em>Uno</em></span> <span class='ocrx_word' id='word_1_30' title='bbox 1266 421 1377 458; x_wconf 85' lang='lat' dir='ltr'><em>modo,</em></span> 
     </span>
     <span class='ocr_line' id='line_1_7' title="bbox 310 465 1378 507; baseline -0.003 -9"><span class='ocrx_word' id='word_1_31' title='bbox 310 475 346 499; x_wconf 93' lang='lat' dir='ltr'><em>ut</em></span> <span class='ocrx_word' id='word_1_32' title='bbox 369 467 571 507; x_wconf 86' lang='lat' dir='ltr'><em>distinguitur</em></span> <span class='ocrx_word' id='word_1_33' title='bbox 594 473 703 497; x_wconf 89' lang='lat' dir='ltr'><em>contra</em></span> <span class='ocrx_word' id='word_1_34' title='bbox 725 467 893 498; x_wconf 84' lang='lat' dir='ltr'><em>sensibile:</em></span> <span class='ocrx_word' id='word_1_35' title='bbox 916 474 946 498; x_wconf 92' lang='lat' dir='ltr'><em>et</em></span> <span class='ocrx_word' id='word_1_36' title='bbox 975 467 1018 498; x_wconf 92' lang='lat' dir='ltr'><em>sic</em></span> <span class='ocrx_word' id='word_1_37' title='bbox 1042 477 1108 497; x_wconf 89' lang='lat' dir='ltr'><em>esse</em></span> <span class='ocrx_word' id='word_1_38' title='bbox 1137 467 1236 496; x_wconf 89' lang='lat' dir='ltr'><em>modo</em></span> <span class='ocrx_word' id='word_1_39' title='bbox 1265 465 1378 496; x_wconf 90' lang='lat' dir='ltr'><em>intelli-</em></span> 
     </span>
     <span class='ocr_line' id='line_1_8' title="bbox 309 509 1378 553; baseline -0.002 -11"><span class='ocrx_word' id='word_1_40' title='bbox 309 512 396 553; x_wconf 90' lang='lat' dir='ltr'><em>gibili</em></span> <span class='ocrx_word' id='word_1_41' title='bbox 412 512 445 542; x_wconf 90' lang='lat' dir='ltr'><em>in</em></span> <span class='ocrx_word' id='word_1_42' title='bbox 462 511 581 552; x_wconf 89' lang='lat' dir='ltr'><em>aliquo,</em></span> <span class='ocrx_word' id='word_1_43' title='bbox 599 511 679 541; x_wconf 89' lang='lat' dir='ltr'><em>nihil</em></span> <span class='ocrx_word' id='word_1_44' title='bbox 703 511 790 542; x_wconf 89' lang='lat' dir='ltr'><em>aliud</em></span> <span class='ocrx_word' id='word_1_45' title='bbox 813 518 859 542; x_wconf 90' lang='lat' dir='ltr'><em>est</em></span> <span class='ocrx_word' id='word_1_46' title='bbox 878 521 977 552; x_wconf 90' lang='lat' dir='ltr'><em>quam</em></span> <span class='ocrx_word' id='word_1_47' title='bbox 1000 521 1067 542; x_wconf 91' lang='lat' dir='ltr'><em>esse</em></span> <span class='ocrx_word' id='word_1_48' title='bbox 1083 509 1330 541; x_wconf 84' lang='lat' dir='ltr'><em>immaterialiter</em></span> <span class='ocrx_word' id='word_1_49' title='bbox 1345 510 1378 540; x_wconf 88' lang='lat' dir='ltr'><em>in</em></span> 
     </span>
     <span class='ocr_line' id='line_1_9' title="bbox 308 554 1378 596; baseline -0.003 -9"><span class='ocrx_word' id='word_1_50' title='bbox 308 557 375 588; x_wconf 91' lang='lat' dir='ltr'><em>illo.</em></span> <span class='ocrx_word' id='word_1_51' title='bbox 392 557 432 588; x_wconf 91' lang='lat' dir='ltr'><em>Et</em></span> <span class='ocrx_word' id='word_1_52' title='bbox 455 557 541 587; x_wconf 85' lang='lat' dir='ltr'><em>iuxta</em></span> <span class='ocrx_word' id='word_1_53' title='bbox 565 556 650 586; x_wconf 90' lang='lat' dir='ltr'><em>hunc</em></span> <span class='ocrx_word' id='word_1_54' title='bbox 681 565 811 586; x_wconf 90' lang='lat' dir='ltr'><em>sensum</em></span> <span class='ocrx_word' id='word_1_55' title='bbox 833 555 929 596; x_wconf 86' lang='lat' dir='ltr'><em>plana</em></span> <span class='ocrx_word' id='word_1_56' title='bbox 959 562 1005 586; x_wconf 91' lang='lat' dir='ltr'><em>est</em></span> <span class='ocrx_word' id='word_1_57' title='bbox 1027 554 1271 595; x_wconf 82' lang='lat' dir='ltr'><em>consequentia:</em></span> <span class='ocrx_word' id='word_1_58' title='bbox 1296 564 1378 595; x_wconf 85' lang='lat' dir='ltr'><em>quo-</em></span> 
     </span>
     <span class='ocr_line' id='line_1_10' title="bbox 308 599 1380 641; baseline -0.002 -10"><span class='ocrx_word' id='word_1_59' title='bbox 308 601 405 637; x_wconf 87' lang='lat' dir='ltr'><em>niam,</em></span> <span class='ocrx_word' id='word_1_60' title='bbox 423 601 448 631; x_wconf 90' lang='lat' dir='ltr'><em>si</em></span> <span class='ocrx_word' id='word_1_61' title='bbox 468 610 534 631; x_wconf 91' lang='lat' dir='ltr'><em>esse</em></span> <span class='ocrx_word' id='word_1_62' title='bbox 559 607 605 631; x_wconf 90' lang='lat' dir='ltr'><em>est</em></span> <span class='ocrx_word' id='word_1_63' title='bbox 627 600 714 631; x_wconf 91' lang='lat' dir='ltr'><em>idem</em></span> <span class='ocrx_word' id='word_1_64' title='bbox 737 600 827 641; x_wconf 89' lang='lat' dir='ltr'><em>quod</em></span> <span class='ocrx_word' id='word_1_65' title='bbox 848 599 1030 640; x_wconf 88' lang='lat' dir='ltr'><em>intelligere,</em></span> <span class='ocrx_word' id='word_1_66' title='bbox 1048 609 1124 630; x_wconf 91' lang='lat' dir='ltr'><em>cum</em></span> <span class='ocrx_word' id='word_1_67' title='bbox 1145 599 1319 639; x_wconf 90' lang='lat' dir='ltr'><em>intelligere</em></span> <span class='ocrx_word' id='word_1_68' title='bbox 1341 599 1380 630; x_wconf 90' lang='lat' dir='ltr'><em>sit</em></span> 
     </span>
     <span class='ocr_line' id='line_1_11' title="bbox 309 643 1377 685; baseline -0.003 -9"><span class='ocrx_word' id='word_1_69' title='bbox 309 645 485 676; x_wconf 89' lang='lat' dir='ltr'><em>necessario</em></span> <span class='ocrx_word' id='word_1_70' title='bbox 502 644 719 681; x_wconf 83' lang='lat' dir='ltr'><em>immateriale,</em></span> <span class='ocrx_word' id='word_1_71' title='bbox 737 644 826 685; x_wconf 90' lang='lat' dir='ltr'><em>quod</em></span> <span class='ocrx_word' id='word_1_72' title='bbox 842 651 888 675; x_wconf 91' lang='lat' dir='ltr'><em>est</em></span> <span class='ocrx_word' id='word_1_73' title='bbox 904 644 935 674; x_wconf 93' lang='lat' dir='ltr'><em>in</em></span> <span class='ocrx_word' id='word_1_74' title='bbox 952 654 1029 680; x_wconf 93' lang='lat' dir='ltr'><em>esse,</em></span> <span class='ocrx_word' id='word_1_75' title='bbox 1047 643 1105 674; x_wconf 90' lang='lat' dir='ltr'><em>erit</em></span> <span class='ocrx_word' id='word_1_76' title='bbox 1118 643 1377 680; x_wconf 81' lang='lat' dir='ltr'><em>immaterialiter3</em></span> 
     </span>
     <span class='ocr_line' id='line_1_12' title="bbox 309 687 1378 731; baseline -0.002 -11"><span class='ocrx_word' id='word_1_77' title='bbox 309 690 385 731; x_wconf 90' lang='lat' dir='ltr'><em>quia</em></span> <span class='ocrx_word' id='word_1_78' title='bbox 408 689 666 730; x_wconf 91' lang='lat' dir='ltr'><em>unumquodque</em></span> <span class='ocrx_word' id='word_1_79' title='bbox 683 689 776 719; x_wconf 91' lang='lat' dir='ltr'><em>estin</em></span> <span class='ocrx_word' id='word_1_80' title='bbox 792 688 912 729; x_wconf 87' lang='lat' dir='ltr'><em>aliquo,</em></span> <span class='ocrx_word' id='word_1_81' title='bbox 929 688 1029 718; x_wconf 90' lang='lat' dir='ltr'><em>modo</em></span> <span class='ocrx_word' id='word_1_82' title='bbox 1048 687 1133 718; x_wconf 90' lang='lat' dir='ltr'><em>illius</em></span> <span class='ocrx_word' id='word_1_83' title='bbox 1149 688 1183 718; x_wconf 90' lang='lat' dir='ltr'><em>in</em></span> <span class='ocrx_word' id='word_1_84' title='bbox 1201 698 1267 729; x_wconf 92' lang='lat' dir='ltr'><em>quo</em></span> <span class='ocrx_word' id='word_1_85' title='bbox 1285 694 1341 719; x_wconf 90' lang='lat' dir='ltr'><em>est.</em></span> <span class='ocrx_word' id='word_1_86' title='bbox 1358 706 1378 710; x_wconf 98' lang='lat'><em>-</em></span> 
     </span>
     <span class='ocr_line' id='line_1_13' title="bbox 308 732 1379 773; baseline -0.002 -9"><span class='ocrx_word' id='word_1_87' title='bbox 308 734 382 765; x_wconf 90' lang='lat' dir='ltr'><em>Alio</em></span> <span class='ocrx_word' id='word_1_88' title='bbox 407 734 518 770; x_wconf 92' lang='lat' dir='ltr'><em>modo,</em></span> <span class='ocrx_word' id='word_1_89' title='bbox 535 740 572 764; x_wconf 93' lang='lat' dir='ltr'><em>ut</em></span> <span class='ocrx_word' id='word_1_90' title='bbox 591 733 795 773; x_wconf 87' lang='lat' dir='ltr'><em>distinguitur</em></span> <span class='ocrx_word' id='word_1_91' title='bbox 813 739 922 763; x_wconf 88' lang='lat' dir='ltr'><em>contra</em></span> <span class='ocrx_word' id='word_1_92' title='bbox 938 741 1005 770; x_wconf 84' lang='lat' dir='ltr'><em>ens,</em></span> <span class='ocrx_word' id='word_1_93' title='bbox 1023 739 1120 772; x_wconf 91' lang='lat' dir='ltr'><em>prout</em></span> <span class='ocrx_word' id='word_1_94' title='bbox 1142 742 1242 772; x_wconf 91' lang='lat' dir='ltr'><em>genus</em></span> <span class='ocrx_word' id='word_1_95' title='bbox 1266 732 1379 763; x_wconf 89' lang='lat' dir='ltr'><em>intelli-</em></span> 
     </span>
     <span class='ocr_line' id='line_1_14' title="bbox 308 776 1380 818; baseline -0.003 -9"><span class='ocrx_word' id='word_1_96' title='bbox 308 778 403 818; x_wconf 90' lang='lat' dir='ltr'><em>gibile</em></span> <span class='ocrx_word' id='word_1_97' title='bbox 426 777 630 818; x_wconf 89' lang='lat' dir='ltr'><em>distinguitur</em></span> <span class='ocrx_word' id='word_1_98' title='bbox 652 788 670 807; x_wconf 92' lang='lat' dir='ltr'><em>a</em></span> <span class='ocrx_word' id='word_1_99' title='bbox 692 787 805 818; x_wconf 87' lang='lat' dir='ltr'><em>genere</em></span> <span class='ocrx_word' id='word_1_100' title='bbox 830 776 924 807; x_wconf 89' lang='lat' dir='ltr'><em>entis:</em></span> <span class='ocrx_word' id='word_1_101' title='bbox 951 783 982 807; x_wconf 93' lang='lat' dir='ltr'><em>et</em></span> <span class='ocrx_word' id='word_1_102' title='bbox 1004 776 1048 807; x_wconf 92' lang='grc'><em>810</em></span> <span class='ocrx_word' id='word_1_103' title='bbox 1071 786 1138 806; x_wconf 88' lang='grc'>8888</span> <span class='ocrx_word' id='word_1_104' title='bbox 1166 776 1266 807; x_wconf 85' lang='grc' dir='ltr'>1110ἀο</span> <span class='ocrx_word' id='word_1_105' title='bbox 1289 776 1380 806; x_wconf 88' lang='grc'>111181-</span> 
     </span>
     <span class='ocr_line' id='line_1_15' title="bbox 309 820 1380 863; baseline -0.002 -11"><span class='ocrx_word' id='word_1_106' title='bbox 309 822 419 863; x_wconf 89' lang='lat' dir='ltr'><em>ligibili</em></span> <span class='ocrx_word' id='word_1_107' title='bbox 443 823 475 852; x_wconf 95' lang='lat' dir='ltr'><em>in</em></span> <span class='ocrx_word' id='word_1_108' title='bbox 499 822 617 863; x_wconf 90' lang='lat' dir='ltr'><em>aliquo,</em></span> <span class='ocrx_word' id='word_1_109' title='bbox 635 828 682 852; x_wconf 89' lang='lat' dir='ltr'><em>est</em></span> <span class='ocrx_word' id='word_1_110' title='bbox 704 822 842 851; x_wconf 89' lang='lat' dir='ltr'><em>relucere</em></span> <span class='ocrx_word' id='word_1_111' title='bbox 865 820 897 850; x_wconf 92' lang='lat' dir='ltr'><em>in</em></span> <span class='ocrx_word' id='word_1_112' title='bbox 922 830 960 850; x_wconf 89' lang='lat' dir='ltr'><em>eo</em></span> <span class='ocrx_word' id='word_1_113' title='bbox 984 827 1020 851; x_wconf 95' lang='lat' dir='ltr'><em>ut</em></span> <span class='ocrx_word' id='word_1_114' title='bbox 1043 820 1206 851; x_wconf 90' lang='lat' dir='ltr'><em>obiectum</em></span> <span class='ocrx_word' id='word_1_115' title='bbox 1229 820 1380 860; x_wconf 89' lang='lat' dir='ltr'><em>possibile</em></span> 
     </span>
     <span class='ocr_line' id='line_1_16' title="bbox 308 864 1380 907; baseline -0.004 -9"><span class='ocrx_word' id='word_1_116' title='bbox 308 867 449 907; x_wconf 89' lang='lat' dir='ltr'><em>intelligi.</em></span> <span class='ocrx_word' id='word_1_117' title='bbox 467 867 508 897; x_wconf 93' lang='lat' dir='ltr'><em>Et</em></span> <span class='ocrx_word' id='word_1_118' title='bbox 531 866 617 897; x_wconf 89' lang='lat' dir='ltr'><em>iuxta</em></span> <span class='ocrx_word' id='word_1_119' title='bbox 631 866 718 897; x_wconf 92' lang='lat' dir='ltr'><em>hunc</em></span> <span class='ocrx_word' id='word_1_120' title='bbox 741 874 871 896; x_wconf 88' lang='lat' dir='ltr'><em>sensum</em></span> <span class='ocrx_word' id='word_1_121' title='bbox 888 864 1114 905; x_wconf 88' lang='lat' dir='ltr'><em>consequentia</em></span> <span class='ocrx_word' id='word_1_122' title='bbox 1137 874 1270 905; x_wconf 87' lang='lat' dir='ltr'><em>quoque</em></span> <span class='ocrx_word' id='word_1_123' title='bbox 1286 864 1380 905; x_wconf 85' lang='lat' dir='ltr'><em>plana</em></span> 
     </span>
     <span class='ocr_line' id='line_1_17' title="bbox 311 908 1379 949; baseline -0.003 -7"><span class='ocrx_word' id='word_1_124' title='bbox 311 918 367 943; x_wconf 90' lang='lat' dir='ltr'><em>est.</em></span> <span class='ocrx_word' id='word_1_125' title='bbox 393 911 567 949; x_wconf 82' lang='lat' dir='ltr'><em>Quoniam,</em></span> <span class='ocrx_word' id='word_1_126' title='bbox 593 910 619 941; x_wconf 89' lang='lat' dir='ltr'><em>si</em></span> <span class='ocrx_word' id='word_1_127' title='bbox 642 920 710 940; x_wconf 91' lang='lat' dir='ltr'><em>esse</em></span> <span class='ocrx_word' id='word_1_128' title='bbox 733 916 779 940; x_wconf 89' lang='lat' dir='ltr'><em>est</em></span> <span class='ocrx_word' id='word_1_129' title='bbox 802 909 985 949; x_wconf 87' lang='lat' dir='ltr'><em>intelligere,</em></span> <span class='ocrx_word' id='word_1_130' title='bbox 1011 908 1121 939; x_wconf 89' lang='lat' dir='ltr'><em>omnia</em></span> <span class='ocrx_word' id='word_1_131' title='bbox 1143 919 1226 949; x_wconf 89' lang='lat' dir='ltr'><em>quae</em></span> <span class='ocrx_word' id='word_1_132' title='bbox 1249 915 1324 939; x_wconf 90' lang='lat' dir='ltr'><em>sunt</em></span> <span class='ocrx_word' id='word_1_133' title='bbox 1346 908 1379 939; x_wconf 91' lang='lat' dir='ltr'><em>in</em></span> 
     </span>
     <span class='ocr_line' id='line_1_18' title="bbox 309 953 1379 995; baseline -0.003 -9"><span class='ocrx_word' id='word_1_134' title='bbox 309 966 386 992; x_wconf 92' lang='lat' dir='ltr'><em>esse,</em></span> <span class='ocrx_word' id='word_1_135' title='bbox 403 962 478 986; x_wconf 91' lang='lat' dir='ltr'><em>sunt</em></span> <span class='ocrx_word' id='word_1_136' title='bbox 493 955 527 985; x_wconf 91' lang='lat' dir='ltr'><em>in</em></span> <span class='ocrx_word' id='word_1_137' title='bbox 542 954 714 995; x_wconf 87' lang='lat' dir='ltr'><em>intelligere</em></span> <span class='ocrx_word' id='word_1_138' title='bbox 733 960 769 984; x_wconf 94' lang='lat' dir='ltr'><em>ut</em></span> <span class='ocrx_word' id='word_1_139' title='bbox 784 953 957 993; x_wconf 89' lang='lat' dir='ltr'><em>intelligere</em></span> <span class='ocrx_word' id='word_1_140' title='bbox 973 960 1029 990; x_wconf 88' lang='lat' dir='ltr'><em>est,</em></span> <span class='ocrx_word' id='word_1_141' title='bbox 1045 953 1126 984; x_wconf 92' lang='lat' dir='ltr'><em>idest</em></span> <span class='ocrx_word' id='word_1_142' title='bbox 1144 953 1379 993; x_wconf 89' lang='lat' dir='ltr'><em>intelliguntur;</em></span> 
     </span>
     <span class='ocr_line' id='line_1_19' title="bbox 309 997 1379 1039; baseline -0.004 -8"><span class='ocrx_word' id='word_1_143' title='bbox 309 1007 340 1031; x_wconf 90' lang='lat' dir='ltr'><em>et</em></span> <span class='ocrx_word' id='word_1_144' title='bbox 355 1000 380 1030; x_wconf 92' lang='lat' dir='ltr'><em>si</em></span> <span class='ocrx_word' id='word_1_145' title='bbox 404 999 633 1039; x_wconf 90' lang='lat' dir='ltr'><em>intelliguntur,</em></span> <span class='ocrx_word' id='word_1_146' title='bbox 658 1008 733 1038; x_wconf 91' lang='lat' dir='ltr'><em>ergo</em></span> <span class='ocrx_word' id='word_1_147' title='bbox 750 1004 824 1028; x_wconf 89' lang='lat' dir='ltr'><em>sunt</em></span> <span class='ocrx_word' id='word_1_148' title='bbox 843 1004 879 1028; x_wconf 93' lang='lat' dir='ltr'><em>ut</em></span> <span class='ocrx_word' id='word_1_149' title='bbox 900 997 1057 1028; x_wconf 88' lang='lat' dir='ltr'><em>intellecta</em></span> <span class='ocrx_word' id='word_1_150' title='bbox 1073 1007 1129 1028; x_wconf 90' lang='lat' dir='ltr'><em>seu</em></span> <span class='ocrx_word' id='word_1_151' title='bbox 1153 997 1379 1037; x_wconf 87' lang='lat' dir='ltr'><em>intelligibilia;</em></span> 
     </span>
     <span class='ocr_line' id='line_1_20' title="bbox 309 1041 1380 1084; baseline -0.003 -10"><span class='ocrx_word' id='word_1_152' title='bbox 309 1043 464 1084; x_wconf 88' lang='lat' dir='ltr'><em>quoniam</em></span> <span class='ocrx_word' id='word_1_153' title='bbox 487 1043 745 1083; x_wconf 92' lang='lat' dir='ltr'><em>unumquodque</em></span> <span class='ocrx_word' id='word_1_154' title='bbox 770 1048 816 1072; x_wconf 92' lang='lat' dir='ltr'><em>est</em></span> <span class='ocrx_word' id='word_1_155' title='bbox 838 1041 870 1071; x_wconf 93' lang='lat' dir='ltr'><em>in</em></span> <span class='ocrx_word' id='word_1_156' title='bbox 890 1041 1000 1082; x_wconf 83' lang='lat' dir='ltr'><em>aliquo</em></span> <span class='ocrx_word' id='word_1_157' title='bbox 1023 1052 1081 1082; x_wconf 90' lang='lat' dir='ltr'><em>per</em></span> <span class='ocrx_word' id='word_1_158' title='bbox 1103 1042 1241 1072; x_wconf 90' lang='lat' dir='ltr'><em>modum</em></span> <span class='ocrx_word' id='word_1_159' title='bbox 1264 1041 1332 1072; x_wconf 91' lang='lat' dir='ltr'><em>eius</em></span> <span class='ocrx_word' id='word_1_160' title='bbox 1347 1041 1380 1071; x_wconf 91' lang='lat' dir='ltr'><em>in</em></span> 
     </span>
     <span class='ocr_line' id='line_1_21' title="bbox 309 1085 1379 1129; baseline -0.002 -11"><span class='ocrx_word' id='word_1_161' title='bbox 309 1098 376 1129; x_wconf 93' lang='lat' dir='ltr'><em>quo</em></span> <span class='ocrx_word' id='word_1_162' title='bbox 401 1094 455 1123; x_wconf 91' lang='lat' dir='ltr'><em>est,</em></span> <span class='ocrx_word' id='word_1_163' title='bbox 481 1097 517 1118; x_wconf 87' lang='lat' dir='ltr'><em>ac</em></span> <span class='ocrx_word' id='word_1_164' title='bbox 540 1097 596 1127; x_wconf 91' lang='lat' dir='ltr'><em>per</em></span> <span class='ocrx_word' id='word_1_165' title='bbox 618 1086 690 1123; x_wconf 90' lang='lat' dir='ltr'><em>hoc,</em></span> <span class='ocrx_word' id='word_1_166' title='bbox 715 1096 797 1127; x_wconf 90' lang='lat' dir='ltr'><em>quae</em></span> <span class='ocrx_word' id='word_1_167' title='bbox 821 1092 895 1116; x_wconf 89' lang='lat' dir='ltr'><em>sunt</em></span> <span class='ocrx_word' id='word_1_168' title='bbox 918 1085 951 1116; x_wconf 92' lang='lat' dir='ltr'><em>in</em></span> <span class='ocrx_word' id='word_1_169' title='bbox 975 1085 1157 1126; x_wconf 87' lang='lat' dir='ltr'><em>intelligere,</em></span> <span class='ocrx_word' id='word_1_170' title='bbox 1182 1092 1256 1117; x_wconf 90' lang='lat' dir='ltr'><em>sunt</em></span> <span class='ocrx_word' id='word_1_171' title='bbox 1279 1086 1379 1116; x_wconf 93' lang='lat' dir='ltr'><em>modo</em></span> 
     </span>
     <span class='ocr_line' id='line_1_22' title="bbox 308 1131 506 1172; baseline -0.005 -10"><span class='ocrx_word' id='word_1_172' title='bbox 308 1131 506 1172; x_wconf 88' lang='lat' dir='ltr'><em>intelligibili.</em></span> 
     </span>
    </p>

    <p class='ocr_par' dir='ltr' id='par_1_5' title="bbox 308 1173 1381 1437">
     <span class='ocr_line' id='line_1_23' title="bbox 363 1173 1380 1215; baseline -0.001 -9"><span class='ocrx_word' id='word_1_173' title='bbox 363 1176 446 1207; x_wconf 90' lang='lat' dir='ltr'><em>Inter</em></span> <span class='ocrx_word' id='word_1_174' title='bbox 464 1175 524 1206; x_wconf 92' lang='lat' dir='ltr'><em>hos</em></span> <span class='ocrx_word' id='word_1_175' title='bbox 548 1181 656 1206; x_wconf 90' lang='lat' dir='ltr'><em>autem</em></span> <span class='ocrx_word' id='word_1_176' title='bbox 679 1175 762 1205; x_wconf 91' lang='lat' dir='ltr'><em>duos</em></span> <span class='ocrx_word' id='word_1_177' title='bbox 781 1184 892 1204; x_wconf 92' lang='lat' dir='ltr'><em>sensus</em></span> <span class='ocrx_word' id='word_1_178' title='bbox 915 1173 977 1205; x_wconf 90' lang='lat' dir='ltr'><em>hoc</em></span> <span class='ocrx_word' id='word_1_179' title='bbox 991 1173 1105 1205; x_wconf 90' lang='lat' dir='ltr'><em>referre</em></span> <span class='ocrx_word' id='word_1_180' title='bbox 1119 1174 1244 1206; x_wconf 88' lang='lat' dir='ltr'><em>videtur</em></span> <span class='ocrx_word' id='word_1_181' title='bbox 1258 1174 1291 1205; x_wconf 92' lang='lat' dir='ltr'><em>in</em></span> <span class='ocrx_word' id='word_1_182' title='bbox 1307 1185 1380 1215; x_wconf 91' lang='lat' dir='ltr'><em>pro-</em></span> 
     </span>
     <span class='ocr_line' id='line_1_24' title="bbox 310 1219 1380 1262; baseline -0.001 -11"><span class='ocrx_word' id='word_1_183' title='bbox 310 1220 426 1262; x_wconf 91' lang='lat' dir='ltr'><em>posito,</em></span> <span class='ocrx_word' id='word_1_184' title='bbox 442 1220 532 1260; x_wconf 91' lang='lat' dir='ltr'><em>quod</em></span> <span class='ocrx_word' id='word_1_185' title='bbox 554 1219 640 1250; x_wconf 87' lang='lat' dir='ltr'><em>iuxta</em></span> <span class='ocrx_word' id='word_1_186' title='bbox 662 1219 805 1260; x_wconf 91' lang='lat' dir='ltr'><em>primum</em></span> <span class='ocrx_word' id='word_1_187' title='bbox 828 1228 967 1255; x_wconf 89' lang='lat' dir='ltr'><em>sensum,</em></span> <span class='ocrx_word' id='word_1_188' title='bbox 989 1228 1025 1249; x_wconf 87' lang='lat' dir='ltr'><em>ex</em></span> <span class='ocrx_word' id='word_1_189' title='bbox 1049 1219 1154 1259; x_wconf 89' lang='lat' dir='ltr'><em>primo</em></span> <span class='ocrx_word' id='word_1_190' title='bbox 1178 1219 1380 1250; x_wconf 87' lang='lat' dir='ltr'><em>antecedente</em></span> 
     </span>
     <span class='ocr_line' id='line_1_25' title="bbox 309 1263 1379 1305; baseline -0.001 -10"><span class='ocrx_word' id='word_1_191' title='bbox 309 1265 428 1305; x_wconf 82' lang='lat' dir='ltr'><em>absque</em></span> <span class='ocrx_word' id='word_1_192' title='bbox 448 1263 555 1294; x_wconf 90' lang='lat' dir='ltr'><em>medio</em></span> <span class='ocrx_word' id='word_1_193' title='bbox 579 1263 734 1304; x_wconf 90' lang='lat' dir='ltr'><em>sequitur:</em></span> <span class='ocrx_word' id='word_1_194' title='bbox 758 1263 845 1294; x_wconf 88' lang='lat' dir='ltr'><em>iuxta</em></span> <span class='ocrx_word' id='word_1_195' title='bbox 868 1263 1046 1293; x_wconf 90' lang='lat' dir='ltr'><em>secundum</em></span> <span class='ocrx_word' id='word_1_196' title='bbox 1068 1274 1164 1300; x_wconf 91' lang='lat' dir='ltr'><em>vero,</em></span> <span class='ocrx_word' id='word_1_197' title='bbox 1189 1274 1245 1304; x_wconf 93' lang='lat' dir='ltr'><em>per</em></span> <span class='ocrx_word' id='word_1_198' title='bbox 1268 1273 1379 1294; x_wconf 91' lang='lat' dir='ltr'><em>conse-</em></span> 
     </span>
     <span class='ocr_line' id='line_1_26' title="bbox 309 1307 1380 1350; baseline -0.002 -10"><span class='ocrx_word' id='word_1_199' title='bbox 309 1308 475 1350; x_wconf 87' lang='lat' dir='ltr'><em>quentiam</em></span> <span class='ocrx_word' id='word_1_200' title='bbox 502 1307 597 1339; x_wconf 88' lang='lat' dir='ltr'><em>aliam</em></span> <span class='ocrx_word' id='word_1_201' title='bbox 620 1307 776 1344; x_wconf 86' lang='lat' dir='ltr'><em>mediam,</em></span> <span class='ocrx_word' id='word_1_202' title='bbox 805 1317 887 1348; x_wconf 89' lang='lat' dir='ltr'><em>quae</em></span> <span class='ocrx_word' id='word_1_203' title='bbox 911 1307 944 1337; x_wconf 92' lang='lat' dir='ltr'><em>in</em></span> <span class='ocrx_word' id='word_1_204' title='bbox 971 1307 1073 1339; x_wconf 90' lang='lat' dir='ltr'><em>littera</em></span> <span class='ocrx_word' id='word_1_205' title='bbox 1096 1307 1141 1339; x_wconf 91' lang='lat' dir='ltr'><em>fit.</em></span> <span class='ocrx_word' id='word_1_206' title='bbox 1170 1308 1212 1339; x_wconf 86' lang='lat' dir='ltr'><em>Et</em></span> <span class='ocrx_word' id='word_1_207' title='bbox 1234 1307 1380 1348; x_wconf 88' lang='lat' dir='ltr'><em>quamvis</em></span> 
     </span>
     <span class='ocr_line' id='line_1_27' title="bbox 308 1351 1381 1393; baseline -0.001 -9"><span class='ocrx_word' id='word_1_208' title='bbox 308 1353 412 1384; x_wconf 89' lang='lat' dir='ltr'><em>littera</em></span> <span class='ocrx_word' id='word_1_209' title='bbox 435 1359 586 1383; x_wconf 89' lang='lat' dir='ltr'><em>neutrum</em></span> <span class='ocrx_word' id='word_1_210' title='bbox 609 1352 766 1388; x_wconf 87' lang='lat' dir='ltr'><em>excludat,</em></span> <span class='ocrx_word' id='word_1_211' title='bbox 791 1351 866 1393; x_wconf 92' lang='lat' dir='ltr'><em>quia</em></span> <span class='ocrx_word' id='word_1_212' title='bbox 889 1358 997 1382; x_wconf 88' lang='lat' dir='ltr'><em>tamen</em></span> <span class='ocrx_word' id='word_1_213' title='bbox 1021 1353 1179 1383; x_wconf 91' lang='lat' dir='ltr'><em>secundus</em></span> <span class='ocrx_word' id='word_1_214' title='bbox 1202 1352 1297 1383; x_wconf 90' lang='lat' dir='ltr'><em>infert</em></span> <span class='ocrx_word' id='word_1_215' title='bbox 1318 1352 1381 1393; x_wconf 91' lang='lat' dir='ltr'><em>pri-</em></span> 
     </span>
     <span class='ocr_line' id='line_1_28' title="bbox 311 1396 1379 1437; baseline -0.001 -9"><span class='ocrx_word' id='word_1_216' title='bbox 311 1408 412 1434; x_wconf 89' lang='lat' dir='ltr'><em>mum,</em></span> <span class='ocrx_word' id='word_1_217' title='bbox 433 1404 463 1428; x_wconf 89' lang='lat' dir='ltr'><em>et</em></span> <span class='ocrx_word' id='word_1_218' title='bbox 487 1396 632 1428; x_wconf 89' lang='lat' dir='ltr'><em>subtilior</em></span> <span class='ocrx_word' id='word_1_219' title='bbox 651 1407 686 1427; x_wconf 88' lang='lat' dir='ltr'><em>ac</em></span> <span class='ocrx_word' id='word_1_220' title='bbox 710 1396 875 1427; x_wconf 76' lang='lat' dir='ltr'><em>formatior</em></span> <span class='ocrx_word' id='word_1_221' title='bbox 891 1403 946 1432; x_wconf 89' lang='lat' dir='ltr'><em>est,</em></span> <span class='ocrx_word' id='word_1_222' title='bbox 963 1396 1036 1427; x_wconf 89' lang='lat' dir='ltr'><em>ideo</em></span> <span class='ocrx_word' id='word_1_223' title='bbox 1059 1396 1299 1437; x_wconf 90' lang='lat' dir='ltr'><em>amplectendus</em></span> <span class='ocrx_word' id='word_1_224' title='bbox 1323 1403 1379 1427; x_wconf 91' lang='lat' dir='ltr'><em>est.</em></span> 
     </span>
    </p>

    <p class='ocr_par' dir='ltr' id='par_1_6' title="bbox 310 1440 1382 1696">
     <span class='ocr_line' id='line_1_29' title="bbox 364 1440 1382 1482; baseline -0.002 -9"><span class='ocrx_word' id='word_1_225' title='bbox 364 1442 432 1473; x_wconf 92' lang='lat' dir='ltr'><em>VII.</em></span> <span class='ocrx_word' id='word_1_226' title='bbox 458 1441 576 1479; x_wconf 82' lang='lat' dir='ltr'><em>Quoad</em></span> <span class='ocrx_word' id='word_1_227' title='bbox 597 1441 773 1472; x_wconf 86' lang='lat' dir='ltr'><em>secundum</em></span> <span class='ocrx_word' id='word_1_228' title='bbox 787 1440 820 1477; x_wconf 92' lang='lat'><em>*,</em></span> <span class='ocrx_word' id='word_1_229' title='bbox 844 1440 1020 1481; x_wconf 88' lang='lat' dir='ltr'><em>assignatur</em></span> <span class='ocrx_word' id='word_1_230' title='bbox 1047 1441 1166 1471; x_wconf 89' lang='lat' dir='ltr'><em>modus</em></span> <span class='ocrx_word' id='word_1_231' title='bbox 1189 1451 1256 1482; x_wconf 93' lang='lat' dir='ltr'><em>quo</em></span> <span class='ocrx_word' id='word_1_232' title='bbox 1280 1440 1340 1471; x_wconf 88' lang='lat' dir='ltr'><em>alia</em></span> <span class='ocrx_word' id='word_1_233' title='bbox 1363 1451 1382 1471; x_wconf 91' lang='lat' dir='ltr'><em>a</em></span> 
     </span>
     <span class='ocr_line' id='line_1_30' title="bbox 310 1484 1380 1527; baseline -0.002 -9"><span class='ocrx_word' id='word_1_234' title='bbox 310 1488 390 1523; x_wconf 89' lang='lat' dir='ltr'><em>Deo,</em></span> <span class='ocrx_word' id='word_1_235' title='bbox 409 1492 647 1527; x_wconf 89' lang='lat' dir='ltr'><em>cognoscuntur</em></span> <span class='ocrx_word' id='word_1_236' title='bbox 664 1486 703 1516; x_wconf 87' lang='lat' dir='ltr'><em>ab</em></span> <span class='ocrx_word' id='word_1_237' title='bbox 719 1485 800 1526; x_wconf 91' lang='lat' dir='ltr'><em>ipso,</em></span> <span class='ocrx_word' id='word_1_238' title='bbox 821 1484 915 1515; x_wconf 88' lang='lat' dir='ltr'><em>unica</em></span> <span class='ocrx_word' id='word_1_239' title='bbox 934 1485 1154 1516; x_wconf 87' lang='lat' dir='ltr'><em>conclusione:</em></span> <span class='ocrx_word' id='word_1_240' title='bbox 1178 1485 1251 1516; x_wconf 85' lang='lat' dir='ltr'><em>Alia</em></span> <span class='ocrx_word' id='word_1_241' title='bbox 1266 1495 1284 1516; x_wconf 88' lang='lat' dir='ltr'><em>a</em></span> <span class='ocrx_word' id='word_1_242' title='bbox 1300 1486 1380 1522; x_wconf 87' lang='lat' dir='ltr'><em>Deo,</em></span> 
     </span>
     <span class='ocr_line' id='line_1_31' title="bbox 311 1529 1380 1572; baseline -0.002 -10"><span class='ocrx_word' id='word_1_243' title='bbox 311 1537 548 1572; x_wconf 89' lang='lat' dir='ltr'><em>cognoscuntur</em></span> <span class='ocrx_word' id='word_1_244' title='bbox 563 1540 582 1560; x_wconf 90' lang='lat' dir='ltr'><em>a</em></span> <span class='ocrx_word' id='word_1_245' title='bbox 597 1530 667 1560; x_wconf 92' lang='lat' dir='ltr'><em>Deo</em></span> <span class='ocrx_word' id='word_1_246' title='bbox 685 1539 751 1560; x_wconf 89' lang='lat' dir='ltr'><em>non</em></span> <span class='ocrx_word' id='word_1_247' title='bbox 766 1529 799 1560; x_wconf 91' lang='lat' dir='ltr'><em>in</em></span> <span class='ocrx_word' id='word_1_248' title='bbox 816 1529 935 1570; x_wconf 87' lang='lat' dir='ltr'><em>seipsis,</em></span> <span class='ocrx_word' id='word_1_249' title='bbox 954 1530 1009 1560; x_wconf 89' lang='lat' dir='ltr'><em>sed</em></span> <span class='ocrx_word' id='word_1_250' title='bbox 1032 1529 1065 1559; x_wconf 93' lang='lat' dir='ltr'><em>in</em></span> <span class='ocrx_word' id='word_1_251' title='bbox 1084 1530 1155 1570; x_wconf 90' lang='lat' dir='ltr'><em>ipso</em></span> <span class='ocrx_word' id='word_1_252' title='bbox 1171 1530 1252 1561; x_wconf 93' lang='lat' dir='ltr'><em>Deo.</em></span> <span class='ocrx_word' id='word_1_253' title='bbox 1269 1547 1289 1552; x_wconf 88' lang='lat'>-</span> <span class='ocrx_word' id='word_1_254' title='bbox 1304 1530 1380 1560; x_wconf 91' lang='lat' dir='ltr'><em>Pro-</em></span> 
     </span>
     <span class='ocr_line' id='line_1_32' title="bbox 310 1573 1380 1615; baseline -0.003 -8"><span class='ocrx_word' id='word_1_255' title='bbox 310 1577 410 1607; x_wconf 86' lang='lat' dir='ltr'><em>batur.</em></span> <span class='ocrx_word' id='word_1_256' title='bbox 435 1576 523 1606; x_wconf 89' lang='lat' dir='ltr'><em>Deus</em></span> <span class='ocrx_word' id='word_1_257' title='bbox 538 1574 624 1605; x_wconf 91' lang='lat' dir='ltr'><em>videt</em></span> <span class='ocrx_word' id='word_1_258' title='bbox 639 1574 781 1615; x_wconf 91' lang='lat' dir='ltr'><em>seipsum</em></span> <span class='ocrx_word' id='word_1_259' title='bbox 798 1580 829 1604; x_wconf 91' lang='lat' dir='ltr'><em>et</em></span> <span class='ocrx_word' id='word_1_260' title='bbox 844 1573 905 1604; x_wconf 89' lang='lat' dir='ltr'><em>alia</em></span> <span class='ocrx_word' id='word_1_261' title='bbox 920 1583 977 1615; x_wconf 91' lang='lat' dir='ltr'><em>per</em></span> <span class='ocrx_word' id='word_1_262' title='bbox 992 1574 1160 1605; x_wconf 88' lang='lat' dir='ltr'><em>essentiam</em></span> <span class='ocrx_word' id='word_1_263' title='bbox 1176 1583 1284 1605; x_wconf 86' lang='lat' dir='ltr'><em>suam:</em></span> <span class='ocrx_word' id='word_1_264' title='bbox 1306 1584 1380 1615; x_wconf 86' lang='lat' dir='ltr'><em>ergo</em></span> 
     </span>
     <span class='ocr_line' id='line_1_33' title="bbox 310 1618 1380 1661; baseline -0.002 -10"><span class='ocrx_word' id='word_1_265' title='bbox 310 1621 452 1661; x_wconf 92' lang='lat' dir='ltr'><em>seipsum</em></span> <span class='ocrx_word' id='word_1_266' title='bbox 474 1619 507 1650; x_wconf 93' lang='lat' dir='ltr'><em>in</em></span> <span class='ocrx_word' id='word_1_267' title='bbox 531 1619 646 1659; x_wconf 91' lang='lat' dir='ltr'><em>seipso,</em></span> <span class='ocrx_word' id='word_1_268' title='bbox 673 1618 733 1649; x_wconf 88' lang='lat' dir='ltr'><em>alia</em></span> <span class='ocrx_word' id='word_1_269' title='bbox 756 1625 864 1649; x_wconf 89' lang='lat' dir='ltr'><em>autem</em></span> <span class='ocrx_word' id='word_1_270' title='bbox 887 1628 906 1648; x_wconf 92' lang='lat' dir='ltr'><em>a</em></span> <span class='ocrx_word' id='word_1_271' title='bbox 929 1628 962 1648; x_wconf 90' lang='lat' dir='ltr'><em>se</em></span> <span class='ocrx_word' id='word_1_272' title='bbox 986 1628 1053 1649; x_wconf 89' lang='lat' dir='ltr'><em>non</em></span> <span class='ocrx_word' id='word_1_273' title='bbox 1076 1618 1109 1648; x_wconf 94' lang='lat' dir='ltr'><em>in</em></span> <span class='ocrx_word' id='word_1_274' title='bbox 1133 1618 1253 1660; x_wconf 90' lang='lat' dir='ltr'><em>seipsis,</em></span> <span class='ocrx_word' id='word_1_275' title='bbox 1277 1618 1380 1649; x_wconf 89' lang='lat' dir='ltr'><em>sedin</em></span> 
     </span>
     <span class='ocr_line' id='line_1_34' title="bbox 310 1664 573 1696; baseline -0.008 0"><span class='ocrx_word' id='word_1_276' title='bbox 310 1664 484 1696; x_wconf 88' lang='lat' dir='ltr'><em>substantia</em></span> <span class='ocrx_word' id='word_1_277' title='bbox 507 1674 573 1695; x_wconf 88' lang='lat' dir='ltr'><em>sua.</em></span> 
     </span>
    </p>

    <p class='ocr_par' dir='ltr' id='par_1_7' title="bbox 309 1706 1382 2150">
     <span class='ocr_line' id='line_1_35' title="bbox 366 1706 1381 1748; baseline -0.002 -8"><span class='ocrx_word' id='word_1_278' title='bbox 366 1709 565 1740; x_wconf 85' lang='lat' dir='ltr'><em>Antecedens</em></span> <span class='ocrx_word' id='word_1_279' title='bbox 588 1714 684 1748; x_wconf 86' lang='lat' dir='ltr'><em>patet.</em></span> <span class='ocrx_word' id='word_1_280' title='bbox 714 1706 953 1748; x_wconf 86' lang='lat' dir='ltr'><em>Consequentia</em></span> <span class='ocrx_word' id='word_1_281' title='bbox 975 1717 1050 1738; x_wconf 89' lang='lat' dir='ltr'><em>vero</em></span> <span class='ocrx_word' id='word_1_282' title='bbox 1075 1708 1243 1748; x_wconf 87' lang='lat' dir='ltr'><em>probatur,</em></span> <span class='ocrx_word' id='word_1_283' title='bbox 1273 1707 1381 1739; x_wconf 89' lang='lat' dir='ltr'><em>distin-</em></span> 
     </span>
     <span class='ocr_line' id='line_1_36' title="bbox 310 1751 1381 1795; baseline -0.002 -11"><span class='ocrx_word' id='word_1_284' title='bbox 310 1754 438 1795; x_wconf 89' lang='lat' dir='ltr'><em>guendo</em></span> <span class='ocrx_word' id='word_1_285' title='bbox 454 1753 562 1784; x_wconf 83' lang='lat' dir='ltr'><em>videre</em></span> <span class='ocrx_word' id='word_1_286' title='bbox 577 1752 752 1792; x_wconf 87' lang='lat' dir='ltr'><em>dupliciter,</em></span> <span class='ocrx_word' id='word_1_287' title='bbox 769 1752 802 1782; x_wconf 91' lang='lat' dir='ltr'><em>in</em></span> <span class='ocrx_word' id='word_1_288' title='bbox 819 1751 934 1792; x_wconf 81' lang='lat' dir='ltr'><em>seipse,</em></span> <span class='ocrx_word' id='word_1_289' title='bbox 953 1758 983 1782; x_wconf 91' lang='lat' dir='ltr'><em>et</em></span> <span class='ocrx_word' id='word_1_290' title='bbox 999 1752 1032 1782; x_wconf 90' lang='lat' dir='ltr'><em>in</em></span> <span class='ocrx_word' id='word_1_291' title='bbox 1049 1751 1129 1788; x_wconf 89' lang='lat' dir='ltr'><em>alio;</em></span> <span class='ocrx_word' id='word_1_292' title='bbox 1155 1759 1186 1783; x_wconf 94' lang='lat' dir='ltr'><em>et</em></span> <span class='ocrx_word' id='word_1_293' title='bbox 1200 1751 1381 1783; x_wconf 88' lang='lat' dir='ltr'><em>definiendo</em></span> 
     </span>
     <span class='ocr_line' id='line_1_37' title="bbox 310 1796 1381 1839; baseline -0.002 -10"><span class='ocrx_word' id='word_1_294' title='bbox 310 1805 494 1839; x_wconf 91' lang='lat' dir='ltr'><em>utrumque.</em></span> <span class='ocrx_word' id='word_1_295' title='bbox 519 1797 567 1827; x_wconf 92' lang='lat' dir='ltr'><em>Ex</em></span> <span class='ocrx_word' id='word_1_296' title='bbox 588 1796 824 1827; x_wconf 79' lang='lat' dir='ltr'><em>definitionibus</em></span> <span class='ocrx_word' id='word_1_297' title='bbox 841 1805 981 1836; x_wconf 91' lang='lat' dir='ltr'><em>namque</em></span> <span class='ocrx_word' id='word_1_298' title='bbox 1006 1806 1119 1827; x_wconf 89' lang='lat' dir='ltr'><em>eorum</em></span> <span class='ocrx_word' id='word_1_299' title='bbox 1142 1803 1229 1837; x_wconf 88' lang='lat' dir='ltr'><em>patet</em></span> <span class='ocrx_word' id='word_1_300' title='bbox 1243 1797 1381 1838; x_wconf 88' lang='lat' dir='ltr'><em>sequela.</em></span> 
     </span>
     <span class='ocr_line' id='line_1_38' title="bbox 310 1840 1381 1882; baseline -0.002 -9"><span class='ocrx_word' id='word_1_301' title='bbox 310 1843 394 1873; x_wconf 91' lang='lat' dir='ltr'><em>Nam</em></span> <span class='ocrx_word' id='word_1_302' title='bbox 418 1842 444 1872; x_wconf 89' lang='lat' dir='ltr'><em>si</em></span> <span class='ocrx_word' id='word_1_303' title='bbox 466 1841 564 1872; x_wconf 88' lang='lat' dir='ltr'><em>videri</em></span> <span class='ocrx_word' id='word_1_304' title='bbox 588 1841 621 1871; x_wconf 87' lang='lat' dir='ltr'><em>in</em></span> <span class='ocrx_word' id='word_1_305' title='bbox 646 1841 761 1881; x_wconf 90' lang='lat' dir='ltr'><em>seipso,</em></span> <span class='ocrx_word' id='word_1_306' title='bbox 780 1848 826 1872; x_wconf 89' lang='lat' dir='ltr'><em>est</em></span> <span class='ocrx_word' id='word_1_307' title='bbox 848 1840 947 1871; x_wconf 88' lang='lat' dir='ltr'><em>videri</em></span> <span class='ocrx_word' id='word_1_308' title='bbox 970 1851 1026 1881; x_wconf 92' lang='lat' dir='ltr'><em>per</em></span> <span class='ocrx_word' id='word_1_309' title='bbox 1050 1841 1213 1882; x_wconf 89' lang='lat' dir='ltr'><em>propriam</em></span> <span class='ocrx_word' id='word_1_310' title='bbox 1237 1847 1267 1872; x_wconf 92' lang='lat' dir='ltr'><em>et</em></span> <span class='ocrx_word' id='word_1_311' title='bbox 1290 1841 1381 1872; x_wconf 90' lang='lat' dir='ltr'><em>adae-</em></span> 
     </span>
     <span class='ocr_line' id='line_1_39' title="bbox 310 1884 1382 1929; baseline -0.002 -11"><span class='ocrx_word' id='word_1_312' title='bbox 310 1894 442 1929; x_wconf 86' lang='lat' dir='ltr'><em>quatam</em></span> <span class='ocrx_word' id='word_1_313' title='bbox 466 1885 618 1927; x_wconf 89' lang='lat' dir='ltr'><em>speciem;</em></span> <span class='ocrx_word' id='word_1_314' title='bbox 641 1885 740 1915; x_wconf 89' lang='lat' dir='ltr'><em>videri</em></span> <span class='ocrx_word' id='word_1_315' title='bbox 763 1895 838 1916; x_wconf 90' lang='lat' dir='ltr'><em>vero</em></span> <span class='ocrx_word' id='word_1_316' title='bbox 855 1885 888 1915; x_wconf 92' lang='lat' dir='ltr'><em>in</em></span> <span class='ocrx_word' id='word_1_317' title='bbox 905 1884 977 1921; x_wconf 89' lang='lat' dir='ltr'><em>alio,</em></span> <span class='ocrx_word' id='word_1_318' title='bbox 994 1892 1040 1916; x_wconf 90' lang='lat' dir='ltr'><em>est</em></span> <span class='ocrx_word' id='word_1_319' title='bbox 1055 1885 1153 1916; x_wconf 85' lang='lat' dir='ltr'><em>videri</em></span> <span class='ocrx_word' id='word_1_320' title='bbox 1169 1895 1226 1926; x_wconf 90' lang='lat' dir='ltr'><em>per</em></span> <span class='ocrx_word' id='word_1_321' title='bbox 1244 1885 1382 1926; x_wconf 89' lang='lat' dir='ltr'><em>speciem</em></span> 
     </span>
     <span class='ocr_line' id='line_1_40' title="bbox 310 1929 1382 1971; baseline -0.001 -9"><span class='ocrx_word' id='word_1_322' title='bbox 310 1931 437 1962; x_wconf 90' lang='lat' dir='ltr'><em>alterius</em></span> <span class='ocrx_word' id='word_1_323' title='bbox 460 1931 494 1961; x_wconf 91' lang='lat' dir='ltr'><em>in</em></span> <span class='ocrx_word' id='word_1_324' title='bbox 517 1940 584 1971; x_wconf 91' lang='lat' dir='ltr'><em>quo</em></span> <span class='ocrx_word' id='word_1_325' title='bbox 607 1929 688 1960; x_wconf 90' lang='lat' dir='ltr'><em>illud</em></span> <span class='ocrx_word' id='word_1_326' title='bbox 711 1936 767 1966; x_wconf 90' lang='lat' dir='ltr'><em>est,</em></span> <span class='ocrx_word' id='word_1_327' title='bbox 793 1936 828 1960; x_wconf 90' lang='lat' dir='ltr'><em>ut</em></span> <span class='ocrx_word' id='word_1_328' title='bbox 847 1929 879 1960; x_wconf 89' lang='lat' dir='ltr'><em>in</em></span> <span class='ocrx_word' id='word_1_329' title='bbox 903 1929 1004 1960; x_wconf 88' lang='lat' dir='ltr'><em>littera</em></span> <span class='ocrx_word' id='word_1_330' title='bbox 1028 1929 1157 1960; x_wconf 86' lang='lat' dir='ltr'><em>dicitur:</em></span> <span class='ocrx_word' id='word_1_331' title='bbox 1183 1939 1382 1971; x_wconf 89' lang='lat' dir='ltr'><em>consequens</em></span> 
     </span>
     <span class='ocr_line' id='line_1_41' title="bbox 310 1974 1382 2017; baseline -0.002 -10"><span class='ocrx_word' id='word_1_332' title='bbox 310 1982 357 2007; x_wconf 90' lang='lat' dir='ltr'><em>est</em></span> <span class='ocrx_word' id='word_1_333' title='bbox 375 1975 474 2017; x_wconf 92' lang='lat' dir='ltr'><em>quod,</em></span> <span class='ocrx_word' id='word_1_334' title='bbox 499 1985 537 2005; x_wconf 91' lang='lat' dir='ltr'><em>ex</em></span> <span class='ocrx_word' id='word_1_335' title='bbox 559 1974 622 2005; x_wconf 87' lang='lat' dir='ltr'><em>hoc</em></span> <span class='ocrx_word' id='word_1_336' title='bbox 645 1974 734 2015; x_wconf 93' lang='lat' dir='ltr'><em>quod</em></span> <span class='ocrx_word' id='word_1_337' title='bbox 757 1974 845 2004; x_wconf 93' lang='lat' dir='ltr'><em>Deus</em></span> <span class='ocrx_word' id='word_1_338' title='bbox 863 1983 920 2014; x_wconf 91' lang='lat' dir='ltr'><em>per</em></span> <span class='ocrx_word' id='word_1_339' title='bbox 934 1974 1100 2005; x_wconf 85' lang='lat' dir='ltr'><em>essentiam</em></span> <span class='ocrx_word' id='word_1_340' title='bbox 1126 1984 1228 2011; x_wconf 89' lang='lat' dir='ltr'><em>suam,</em></span> <span class='ocrx_word' id='word_1_341' title='bbox 1253 1981 1289 2005; x_wconf 91' lang='lat' dir='ltr'><em>ut</em></span> <span class='ocrx_word' id='word_1_342' title='bbox 1305 1984 1382 2016; x_wconf 84' lang='lat' dir='ltr'><em>spe-</em></span> 
     </span>
     <span class='ocr_line' id='line_1_42' title="bbox 311 2017 1381 2060; baseline -0.001 -9"><span class='ocrx_word' id='word_1_343' title='bbox 311 2021 402 2056; x_wconf 90' lang='lat' dir='ltr'><em>ciem,</em></span> <span class='ocrx_word' id='word_1_344' title='bbox 425 2019 510 2050; x_wconf 89' lang='lat' dir='ltr'><em>videt</em></span> <span class='ocrx_word' id='word_1_345' title='bbox 526 2029 559 2049; x_wconf 90' lang='lat' dir='ltr'><em>se</em></span> <span class='ocrx_word' id='word_1_346' title='bbox 575 2025 606 2049; x_wconf 90' lang='lat' dir='ltr'><em>et</em></span> <span class='ocrx_word' id='word_1_347' title='bbox 619 2018 689 2055; x_wconf 86' lang='lat' dir='ltr'><em>alia,</em></span> <span class='ocrx_word' id='word_1_348' title='bbox 711 2019 799 2059; x_wconf 93' lang='lat' dir='ltr'><em>quod</em></span> <span class='ocrx_word' id='word_1_349' title='bbox 823 2028 855 2048; x_wconf 92' lang='lat' dir='ltr'><em>se</em></span> <span class='ocrx_word' id='word_1_350' title='bbox 872 2017 904 2048; x_wconf 90' lang='lat' dir='ltr'><em>in</em></span> <span class='ocrx_word' id='word_1_351' title='bbox 920 2028 962 2054; x_wconf 88' lang='lat' dir='ltr'><em>se,</em></span> <span class='ocrx_word' id='word_1_352' title='bbox 983 2018 1043 2049; x_wconf 86' lang='lat' dir='ltr'><em>alia</em></span> <span class='ocrx_word' id='word_1_353' title='bbox 1059 2028 1125 2049; x_wconf 92' lang='lat' dir='ltr'><em>non</em></span> <span class='ocrx_word' id='word_1_354' title='bbox 1141 2018 1173 2049; x_wconf 90' lang='lat' dir='ltr'><em>in</em></span> <span class='ocrx_word' id='word_1_355' title='bbox 1190 2018 1309 2060; x_wconf 89' lang='lat' dir='ltr'><em>seipsis,</em></span> <span class='ocrx_word' id='word_1_356' title='bbox 1326 2019 1381 2050; x_wconf 87' lang='lat' dir='ltr'><em>sed</em></span> 
     </span>
     <span class='ocr_line' id='line_1_43' title="bbox 309 2063 1381 2105; baseline -0.002 -9"><span class='ocrx_word' id='word_1_357' title='bbox 309 2065 342 2096; x_wconf 92' lang='lat' dir='ltr'><em>in</em></span> <span class='ocrx_word' id='word_1_358' title='bbox 365 2065 436 2105; x_wconf 90' lang='lat' dir='ltr'><em>ipso</em></span> <span class='ocrx_word' id='word_1_359' title='bbox 460 2064 582 2100; x_wconf 88' lang='lat' dir='ltr'><em>videat;</em></span> <span class='ocrx_word' id='word_1_360' title='bbox 606 2063 683 2104; x_wconf 88' lang='lat' dir='ltr'><em>quia</em></span> <span class='ocrx_word' id='word_1_361' title='bbox 706 2069 830 2093; x_wconf 89' lang='lat' dir='ltr'><em>constat</em></span> <span class='ocrx_word' id='word_1_362' title='bbox 848 2063 938 2104; x_wconf 91' lang='lat' dir='ltr'><em>quod</em></span> <span class='ocrx_word' id='word_1_363' title='bbox 962 2063 1095 2093; x_wconf 88' lang='lat' dir='ltr'><em>essentia</em></span> <span class='ocrx_word' id='word_1_364' title='bbox 1119 2073 1176 2094; x_wconf 89' lang='lat' dir='ltr'><em>sua</em></span> <span class='ocrx_word' id='word_1_365' title='bbox 1199 2070 1246 2094; x_wconf 88' lang='lat' dir='ltr'><em>est</em></span> <span class='ocrx_word' id='word_1_366' title='bbox 1262 2064 1381 2104; x_wconf 83' lang='lat' dir='ltr'><em>species</em></span> 
     </span>
     <span class='ocr_line' id='line_1_44' title="bbox 310 2107 837 2150; baseline -0.006 -10"><span class='ocrx_word' id='word_1_367' title='bbox 310 2110 485 2150; x_wconf 86' lang='lat' dir='ltr'><em>adaequata</em></span> <span class='ocrx_word' id='word_1_368' title='bbox 507 2109 588 2144; x_wconf 91' lang='lat' dir='ltr'><em>Deo,</em></span> <span class='ocrx_word' id='word_1_369' title='bbox 614 2114 644 2138; x_wconf 90' lang='lat' dir='ltr'><em>et</em></span> <span class='ocrx_word' id='word_1_370' title='bbox 667 2117 734 2138; x_wconf 89' lang='lat' dir='ltr'><em>non</em></span> <span class='ocrx_word' id='word_1_371' title='bbox 758 2107 837 2138; x_wconf 85' lang='lat' dir='ltr'><em>aliis.</em></span> 
     </span>
    </p>

    <p class='ocr_par' dir='ltr' id='par_1_8' title="bbox 308 2151 1381 2410">
     <span class='ocr_line' id='line_1_45' title="bbox 363 2151 1379 2192; baseline -0.001 -8"><span class='ocrx_word' id='word_1_372' title='bbox 363 2153 444 2184; x_wconf 92' lang='lat' dir='ltr'><strong>VIII.</strong></span> <span class='ocrx_word' id='word_1_373' title='bbox 465 2152 602 2184; x_wconf 89' lang='lat' dir='ltr'><em>Adverte</em></span> <span class='ocrx_word' id='word_1_374' title='bbox 626 2151 676 2182; x_wconf 93' lang='lat' dir='ltr'><em>hic</em></span> <span class='ocrx_word' id='word_1_375' title='bbox 700 2152 766 2182; x_wconf 91' lang='lat' dir='ltr'><em>duo</em></span> <span class='ocrx_word' id='word_1_376' title='bbox 790 2161 848 2192; x_wconf 93' lang='lat' dir='ltr'><em>pro</em></span> <span class='ocrx_word' id='word_1_377' title='bbox 865 2151 1085 2192; x_wconf 84' lang='lat' dir='ltr'><em>explanatione</em></span> <span class='ocrx_word' id='word_1_378' title='bbox 1103 2151 1233 2183; x_wconf 88' lang='lat' dir='ltr'><em>litterae.</em></span> <span class='ocrx_word' id='word_1_379' title='bbox 1258 2153 1379 2191; x_wconf 74' lang='lat' dir='ltr'><em>Primo,</em></span> 
     </span>
     <span class='ocr_line' id='line_1_46' title="bbox 309 2195 1381 2236; baseline -0.002 -7"><span class='ocrx_word' id='word_1_380' title='bbox 309 2207 440 2229; x_wconf 90' lang='lat' dir='ltr'><em>sensum</em></span> <span class='ocrx_word' id='word_1_381' title='bbox 465 2196 674 2228; x_wconf 90' lang='lat' dir='ltr'><em>distinctionis</em></span> <span class='ocrx_word' id='word_1_382' title='bbox 704 2195 803 2226; x_wconf 89' lang='lat' dir='ltr'><em>factae</em></span> <span class='ocrx_word' id='word_1_383' title='bbox 826 2195 858 2226; x_wconf 93' lang='lat' dir='ltr'><em>in</em></span> <span class='ocrx_word' id='word_1_384' title='bbox 882 2195 984 2226; x_wconf 89' lang='lat' dir='ltr'><em>littera</em></span> <span class='ocrx_word' id='word_1_385' title='bbox 1008 2196 1048 2226; x_wconf 92' lang='lat' dir='ltr'><em>de</em></span> <span class='ocrx_word' id='word_1_386' title='bbox 1072 2196 1254 2236; x_wconf 86' lang='lat' dir='ltr'><em>cognitione</em></span> <span class='ocrx_word' id='word_1_387' title='bbox 1277 2197 1310 2227; x_wconf 90' lang='lat' dir='ltr'><em>in</em></span> <span class='ocrx_word' id='word_1_388' title='bbox 1335 2206 1381 2227; x_wconf 91' lang='lat' dir='ltr'><em>se-</em></span> 
     </span>
     <span class='ocr_line' id='line_1_47' title="bbox 308 2239 1380 2283; baseline -0.002 -10"><span class='ocrx_word' id='word_1_389' title='bbox 308 2242 380 2283; x_wconf 92' lang='lat' dir='ltr'><em>ipso</em></span> <span class='ocrx_word' id='word_1_390' title='bbox 403 2241 453 2272; x_wconf 87' lang='lat' dir='ltr'><em>vel</em></span> <span class='ocrx_word' id='word_1_391' title='bbox 476 2241 509 2272; x_wconf 88' lang='lat' dir='ltr'><em>in</em></span> <span class='ocrx_word' id='word_1_392' title='bbox 533 2240 611 2277; x_wconf 88' lang='lat' dir='ltr'><em>alio;</em></span> <span class='ocrx_word' id='word_1_393' title='bbox 635 2240 725 2281; x_wconf 93' lang='lat' dir='ltr'><em>quod</em></span> <span class='ocrx_word' id='word_1_394' title='bbox 748 2239 781 2281; x_wconf 92' lang='lat' dir='ltr'><em>ly</em></span> <span class='ocrx_word' id='word_1_395' title='bbox 805 2240 836 2269; x_wconf 84' lang='lat' dir='ltr'><em>in</em></span> <span class='ocrx_word' id='word_1_396' title='bbox 860 2241 963 2280; x_wconf 84' lang='lat' dir='ltr'><em>seipso</em></span> <span class='ocrx_word' id='word_1_397' title='bbox 987 2250 1043 2270; x_wconf 89' lang='lat' dir='ltr'><em>seu</em></span> <span class='ocrx_word' id='word_1_398' title='bbox 1067 2240 1132 2270; x_wconf 87' lang='lat' dir='ltr'><em>alio</em></span> <span class='ocrx_word' id='word_1_399' title='bbox 1146 2247 1271 2271; x_wconf 89' lang='lat' dir='ltr'><em>tenetur</em></span> <span class='ocrx_word' id='word_1_400' title='bbox 1294 2240 1380 2271; x_wconf 91' lang='lat' dir='ltr'><em>obie-</em></span> 
     </span>
     <span class='ocr_line' id='line_1_48' title="bbox 309 2283 1380 2326; baseline -0.001 -9"><span class='ocrx_word' id='word_1_401' title='bbox 309 2286 405 2322; x_wconf 85' lang='lat' dir='ltr'><em>ctive;</em></span> <span class='ocrx_word' id='word_1_402' title='bbox 430 2285 473 2317; x_wconf 91' lang='lat' dir='ltr'><em>ita</em></span> <span class='ocrx_word' id='word_1_403' title='bbox 496 2285 586 2326; x_wconf 89' lang='lat' dir='ltr'><em>quod</em></span> <span class='ocrx_word' id='word_1_404' title='bbox 608 2284 706 2315; x_wconf 87' lang='lat' dir='ltr'><em>videri</em></span> <span class='ocrx_word' id='word_1_405' title='bbox 722 2283 755 2314; x_wconf 93' lang='lat' dir='ltr'><em>in</em></span> <span class='ocrx_word' id='word_1_406' title='bbox 772 2283 877 2324; x_wconf 88' lang='lat' dir='ltr'><em>seipso</em></span> <span class='ocrx_word' id='word_1_407' title='bbox 894 2283 1047 2323; x_wconf 81' lang='lat' dir='ltr'><em>significat</em></span> <span class='ocrx_word' id='word_1_408' title='bbox 1060 2283 1159 2314; x_wconf 86' lang='lat' dir='ltr'><em>videri</em></span> <span class='ocrx_word' id='word_1_409' title='bbox 1175 2294 1241 2315; x_wconf 90' lang='lat' dir='ltr'><em>non</em></span> <span class='ocrx_word' id='word_1_410' title='bbox 1265 2284 1298 2315; x_wconf 91' lang='lat' dir='ltr'><em>in</em></span> <span class='ocrx_word' id='word_1_411' title='bbox 1317 2284 1380 2316; x_wconf 88' lang='lat' dir='ltr'><em>alio</em></span> 
     </span>
     <span class='ocr_line' id='line_1_49' title="bbox 309 2328 1381 2369; baseline -0.002 -7"><span class='ocrx_word' id='word_1_412' title='bbox 309 2330 435 2362; x_wconf 90' lang='lat' dir='ltr'><em>obiecto</em></span> <span class='ocrx_word' id='word_1_413' title='bbox 459 2339 515 2360; x_wconf 91' lang='lat' dir='ltr'><em>seu</em></span> <span class='ocrx_word' id='word_1_414' title='bbox 538 2329 624 2365; x_wconf 85' lang='lat' dir='ltr'><em>viso,</em></span> <span class='ocrx_word' id='word_1_415' title='bbox 648 2328 748 2359; x_wconf 89' lang='lat' dir='ltr'><em>videri</em></span> <span class='ocrx_word' id='word_1_416' title='bbox 775 2335 884 2359; x_wconf 90' lang='lat' dir='ltr'><em>autem</em></span> <span class='ocrx_word' id='word_1_417' title='bbox 907 2328 940 2358; x_wconf 91' lang='lat' dir='ltr'><em>in</em></span> <span class='ocrx_word' id='word_1_418' title='bbox 963 2328 1026 2359; x_wconf 90' lang='lat' dir='ltr'><em>alio</em></span> <span class='ocrx_word' id='word_1_419' title='bbox 1050 2328 1204 2369; x_wconf 85' lang='lat' dir='ltr'><em>significat</em></span> <span class='ocrx_word' id='word_1_420' title='bbox 1226 2328 1324 2360; x_wconf 91' lang='lat' dir='ltr'><em>videri</em></span> <span class='ocrx_word' id='word_1_421' title='bbox 1348 2329 1381 2360; x_wconf 90' lang='lat' dir='ltr'><em>in</em></span> 
     </span>
     <span class='ocr_line' id='line_1_50' title="bbox 309 2372 859 2410; baseline -0.007 -4"><span class='ocrx_word' id='word_1_422' title='bbox 309 2375 371 2406; x_wconf 87' lang='lat' dir='ltr'><em>alio</em></span> <span class='ocrx_word' id='word_1_423' title='bbox 396 2374 531 2410; x_wconf 88' lang='lat' dir='ltr'><em>obiecto,</em></span> <span class='ocrx_word' id='word_1_424' title='bbox 556 2383 612 2404; x_wconf 90' lang='lat' dir='ltr'><em>seu</em></span> <span class='ocrx_word' id='word_1_425' title='bbox 635 2373 668 2403; x_wconf 90' lang='lat' dir='ltr'><em>in</em></span> <span class='ocrx_word' id='word_1_426' title='bbox 692 2372 755 2403; x_wconf 88' lang='lat' dir='ltr'><em>alio</em></span> <span class='ocrx_word' id='word_1_427' title='bbox 778 2372 859 2403; x_wconf 92' lang='lat' dir='ltr'><em>viso.</em></span> 
     </span>
    </p>

    <p class='ocr_par' dir='ltr' id='par_1_9' title="bbox 308 2415 1382 3260">
     <span class='ocr_line' id='line_1_51' title="bbox 362 2415 1380 2456; baseline -0.001 -6"><span class='ocrx_word' id='word_1_428' title='bbox 362 2418 522 2456; x_wconf 81' lang='lat' dir='ltr'><em>Secundo,</em></span> <span class='ocrx_word' id='word_1_429' title='bbox 538 2416 786 2448; x_wconf 88' lang='lat' dir='ltr'><em>verificationem</em></span> <span class='ocrx_word' id='word_1_430' title='bbox 801 2415 1026 2447; x_wconf 89' lang='lat' dir='ltr'><em>definitionum</em></span> <span class='ocrx_word' id='word_1_431' title='bbox 1041 2417 1272 2449; x_wconf 85' lang='lat' dir='ltr'><em>membrorum.</em></span> <span class='ocrx_word' id='word_1_432' title='bbox 1293 2417 1380 2449; x_wconf 92' lang='lat' dir='ltr'><em>Cum</em></span> 
     </span>
     <span class='ocr_line' id='line_1_52' title="bbox 309 2460 1380 2504; baseline -0.001 -10"><span class='ocrx_word' id='word_1_433' title='bbox 309 2463 394 2494; x_wconf 90' lang='lat' dir='ltr'><em>enim</em></span> <span class='ocrx_word' id='word_1_434' title='bbox 409 2462 568 2504; x_wconf 87' lang='lat' dir='ltr'><em>quaelibet</em></span> <span class='ocrx_word' id='word_1_435' title='bbox 590 2461 709 2502; x_wconf 89' lang='lat' dir='ltr'><em>species</em></span> <span class='ocrx_word' id='word_1_436' title='bbox 732 2460 936 2501; x_wconf 83' lang='lat' dir='ltr'><em>intelligibilis</em></span> <span class='ocrx_word' id='word_1_437' title='bbox 951 2468 1007 2492; x_wconf 91' lang='lat' dir='ltr'><em>aut</em></span> <span class='ocrx_word' id='word_1_438' title='bbox 1022 2461 1177 2492; x_wconf 90' lang='lat' dir='ltr'><em>sensibilis</em></span> <span class='ocrx_word' id='word_1_439' title='bbox 1193 2462 1307 2493; x_wconf 91' lang='lat' dir='ltr'><em>habeat</em></span> <span class='ocrx_word' id='word_1_440' title='bbox 1325 2462 1380 2492; x_wconf 89' lang='lat' dir='ltr'><em>ali-</em></span> 
     </span>
     <span class='ocr_line' id='line_1_53' title="bbox 309 2505 1380 2549; baseline -0.002 -11"><span class='ocrx_word' id='word_1_441' title='bbox 309 2507 398 2549; x_wconf 92' lang='lat' dir='ltr'><em>quod</em></span> <span class='ocrx_word' id='word_1_442' title='bbox 414 2507 628 2548; x_wconf 85' lang='lat' dir='ltr'><em>adaequatum</em></span> <span class='ocrx_word' id='word_1_443' title='bbox 651 2505 823 2542; x_wconf 86' lang='lat' dir='ltr'><em>obiectum,</em></span> <span class='ocrx_word' id='word_1_444' title='bbox 841 2512 871 2536; x_wconf 89' lang='lat' dir='ltr'><em>et</em></span> <span class='ocrx_word' id='word_1_445' title='bbox 886 2505 965 2536; x_wconf 90' lang='lat' dir='ltr'><em>illud</em></span> <span class='ocrx_word' id='word_1_446' title='bbox 985 2505 1198 2546; x_wconf 87' lang='lat' dir='ltr'><em>proculdubio</em></span> <span class='ocrx_word' id='word_1_447' title='bbox 1219 2506 1259 2538; x_wconf 91' lang='lat' dir='ltr'><em>sit</em></span> <span class='ocrx_word' id='word_1_448' title='bbox 1275 2506 1380 2548; x_wconf 86' lang='lat' dir='ltr'><em>primo</em></span> 
     </span>
     <span class='ocr_line' id='line_1_54' title="bbox 309 2549 1381 2593; baseline -0.001 -10"><span class='ocrx_word' id='word_1_449' title='bbox 309 2558 340 2583; x_wconf 90' lang='lat' dir='ltr'><em>et</em></span> <span class='ocrx_word' id='word_1_450' title='bbox 362 2552 504 2593; x_wconf 90' lang='lat' dir='ltr'><em>primum</em></span> <span class='ocrx_word' id='word_1_451' title='bbox 528 2557 559 2582; x_wconf 89' lang='lat' dir='ltr'><em>et</em></span> <span class='ocrx_word' id='word_1_452' title='bbox 581 2549 667 2581; x_wconf 86' lang='lat' dir='ltr'><em>illius</em></span> <span class='ocrx_word' id='word_1_453' title='bbox 698 2556 967 2590; x_wconf 87' lang='lat' dir='ltr'><em>repraesentatum</em></span> <span class='ocrx_word' id='word_1_454' title='bbox 995 2557 1026 2581; x_wconf 93' lang='lat' dir='ltr'><em>et</em></span> <span class='ocrx_word' id='word_1_455' title='bbox 1049 2550 1227 2587; x_wconf 88' lang='lat' dir='ltr'><em>obiectum;</em></span> <span class='ocrx_word' id='word_1_456' title='bbox 1253 2557 1381 2592; x_wconf 88' lang='lat' dir='ltr'><em>oportet</em></span> 
     </span>
     <span class='ocr_line' id='line_1_55' title="bbox 309 2594 1381 2638; baseline -0.001 -11"><span class='ocrx_word' id='word_1_457' title='bbox 309 2597 415 2638; x_wconf 84' lang='lat' dir='ltr'><em>quod,</em></span> <span class='ocrx_word' id='word_1_458' title='bbox 441 2595 466 2626; x_wconf 91' lang='lat' dir='ltr'><em>si</em></span> <span class='ocrx_word' id='word_1_459' title='bbox 490 2594 622 2636; x_wconf 86' lang='lat' dir='ltr'><em>aliquod</em></span> <span class='ocrx_word' id='word_1_460' title='bbox 645 2601 692 2625; x_wconf 92' lang='lat' dir='ltr'><em>est</em></span> <span class='ocrx_word' id='word_1_461' title='bbox 714 2594 927 2635; x_wconf 90' lang='lat' dir='ltr'><em>adaequatum</em></span> <span class='ocrx_word' id='word_1_462' title='bbox 952 2594 1113 2625; x_wconf 90' lang='lat' dir='ltr'><em>obiectum</em></span> <span class='ocrx_word' id='word_1_463' title='bbox 1137 2594 1266 2636; x_wconf 89' lang='lat' dir='ltr'><em>speciei,</em></span> <span class='ocrx_word' id='word_1_464' title='bbox 1290 2595 1381 2636; x_wconf 92' lang='lat' dir='ltr'><em>quod</em></span> 
     </span>
     <span class='ocr_line' id='line_1_56' title="bbox 308 2638 1382 2681; baseline -0.001 -9"><span class='ocrx_word' id='word_1_465' title='bbox 308 2651 375 2672; x_wconf 90' lang='lat' dir='ltr'><em>non</em></span> <span class='ocrx_word' id='word_1_466' title='bbox 394 2641 426 2671; x_wconf 93' lang='lat' dir='ltr'><em>in</em></span> <span class='ocrx_word' id='word_1_467' title='bbox 443 2640 505 2671; x_wconf 91' lang='lat' dir='ltr'><em>alio</em></span> <span class='ocrx_word' id='word_1_468' title='bbox 526 2639 652 2671; x_wconf 88' lang='lat' dir='ltr'><em>obiecto</em></span> <span class='ocrx_word' id='word_1_469' title='bbox 668 2645 918 2679; x_wconf 87' lang='lat' dir='ltr'><em>repraesentetur</em></span> <span class='ocrx_word' id='word_1_470' title='bbox 937 2639 975 2669; x_wconf 85' lang='lat' dir='ltr'><em>ab</em></span> <span class='ocrx_word' id='word_1_471' title='bbox 991 2638 1055 2675; x_wconf 87' lang='lat' dir='ltr'><em>illa,</em></span> <span class='ocrx_word' id='word_1_472' title='bbox 1071 2639 1126 2669; x_wconf 91' lang='lat' dir='ltr'><em>sed</em></span> <span class='ocrx_word' id='word_1_473' title='bbox 1149 2639 1182 2670; x_wconf 90' lang='lat' dir='ltr'><em>in</em></span> <span class='ocrx_word' id='word_1_474' title='bbox 1205 2639 1326 2681; x_wconf 88' lang='lat' dir='ltr'><em>seipso;</em></span> <span class='ocrx_word' id='word_1_475' title='bbox 1351 2647 1382 2672; x_wconf 89' lang='lat' dir='ltr'><em>et</em></span> 
     </span>
     <span class='ocr_line' id='line_1_57' title="bbox 309 2682 1381 2725; baseline -0.001 -9"><span class='ocrx_word' id='word_1_476' title='bbox 309 2695 326 2716; x_wconf 90' lang='lat' dir='ltr'><em>e</em></span> <span class='ocrx_word' id='word_1_477' title='bbox 349 2694 518 2721; x_wconf 90' lang='lat' dir='ltr'><em>converso,</em></span> <span class='ocrx_word' id='word_1_478' title='bbox 543 2684 569 2715; x_wconf 93' lang='lat' dir='ltr'><em>si</em></span> <span class='ocrx_word' id='word_1_479' title='bbox 592 2683 723 2725; x_wconf 86' lang='lat' dir='ltr'><em>aliquod</em></span> <span class='ocrx_word' id='word_1_480' title='bbox 746 2693 813 2714; x_wconf 91' lang='lat' dir='ltr'><em>non</em></span> <span class='ocrx_word' id='word_1_481' title='bbox 837 2683 870 2713; x_wconf 90' lang='lat' dir='ltr'><em>in</em></span> <span class='ocrx_word' id='word_1_482' title='bbox 894 2682 957 2714; x_wconf 85' lang='lat' dir='ltr'><em>alio</em></span> <span class='ocrx_word' id='word_1_483' title='bbox 982 2683 1107 2714; x_wconf 90' lang='lat' dir='ltr'><em>obiecto</em></span> <span class='ocrx_word' id='word_1_484' title='bbox 1130 2691 1381 2724; x_wconf 84' lang='lat' dir='ltr'><em>repraesentatur</em></span> 
     </span>
     <span class='ocr_line' id='line_1_58' title="bbox 309 2727 1380 2770; baseline -0.001 -10"><span class='ocrx_word' id='word_1_485' title='bbox 309 2730 348 2760; x_wconf 91' lang='lat' dir='ltr'><em>ab</em></span> <span class='ocrx_word' id='word_1_486' title='bbox 372 2729 478 2770; x_wconf 88' lang='lat' dir='ltr'><em>aliqua</em></span> <span class='ocrx_word' id='word_1_487' title='bbox 501 2728 615 2769; x_wconf 90' lang='lat' dir='ltr'><em>specie,</em></span> <span class='ocrx_word' id='word_1_488' title='bbox 639 2734 766 2768; x_wconf 89' lang='lat' dir='ltr'><em>oportet</em></span> <span class='ocrx_word' id='word_1_489' title='bbox 789 2728 879 2768; x_wconf 91' lang='lat' dir='ltr'><em>quod</em></span> <span class='ocrx_word' id='word_1_490' title='bbox 903 2727 942 2758; x_wconf 92' lang='lat' dir='ltr'><em>sit</em></span> <span class='ocrx_word' id='word_1_491' title='bbox 965 2727 1178 2769; x_wconf 87' lang='lat' dir='ltr'><em>adaequatum</em></span> <span class='ocrx_word' id='word_1_492' title='bbox 1202 2738 1380 2769; x_wconf 89' lang='lat' dir='ltr'><em>repraesen-</em></span> 
     </span>
     <span class='ocr_line' id='line_1_59' title="bbox 309 2771 1380 2814; baseline -0.001 -9"><span class='ocrx_word' id='word_1_493' title='bbox 309 2780 411 2805; x_wconf 89' lang='lat' dir='ltr'><em>tatum</em></span> <span class='ocrx_word' id='word_1_494' title='bbox 426 2783 482 2814; x_wconf 91' lang='lat' dir='ltr'><em>per</em></span> <span class='ocrx_word' id='word_1_495' title='bbox 500 2773 598 2803; x_wconf 88' lang='lat' dir='ltr'><em>illam.</em></span> <span class='ocrx_word' id='word_1_496' title='bbox 623 2772 655 2803; x_wconf 91' lang='lat' dir='ltr'><em>Si</em></span> <span class='ocrx_word' id='word_1_497' title='bbox 671 2771 758 2803; x_wconf 87' lang='lat' dir='ltr'><em>enim</em></span> <span class='ocrx_word' id='word_1_498' title='bbox 773 2779 819 2802; x_wconf 91' lang='lat' dir='ltr'><em>est</em></span> <span class='ocrx_word' id='word_1_499' title='bbox 834 2771 1092 2812; x_wconf 87' lang='lat' dir='ltr'><em>inadaequatum,</em></span> <span class='ocrx_word' id='word_1_500' title='bbox 1109 2782 1184 2813; x_wconf 88' lang='lat' dir='ltr'><em>ergo</em></span> <span class='ocrx_word' id='word_1_501' title='bbox 1201 2783 1380 2813; x_wconf 87' lang='lat' dir='ltr'><em>repraesen-</em></span> 
     </span>
     <span class='ocr_line' id='line_1_60' title="bbox 309 2816 1381 2858; baseline 0 -9"><span class='ocrx_word' id='word_1_502' title='bbox 309 2825 392 2849; x_wconf 83' lang='lat' dir='ltr'><em>tatur</em></span> <span class='ocrx_word' id='word_1_503' title='bbox 407 2818 440 2848; x_wconf 91' lang='lat' dir='ltr'><em>in</em></span> <span class='ocrx_word' id='word_1_504' title='bbox 460 2817 533 2854; x_wconf 88' lang='lat' dir='ltr'><em>alio,</em></span> <span class='ocrx_word' id='word_1_505' title='bbox 551 2816 667 2848; x_wconf 90' lang='lat' dir='ltr'><em>scilicet</em></span> <span class='ocrx_word' id='word_1_506' title='bbox 690 2816 884 2857; x_wconf 87' lang='lat' dir='ltr'><em>adaequato:</em></span> <span class='ocrx_word' id='word_1_507' title='bbox 910 2826 985 2846; x_wconf 88' lang='lat' dir='ltr'><em>narn</em></span> <span class='ocrx_word' id='word_1_508' title='bbox 1001 2816 1090 2847; x_wconf 89' lang='lat' dir='ltr'><em>omni</em></span> <span class='ocrx_word' id='word_1_509' title='bbox 1114 2817 1230 2858; x_wconf 90' lang='lat' dir='ltr'><em>speciei</em></span> <span class='ocrx_word' id='word_1_510' title='bbox 1253 2825 1381 2858; x_wconf 89' lang='lat' dir='ltr'><em>oportet</em></span> 
     </span>
     <span class='ocr_line' id='line_1_61' title="bbox 309 2860 1380 2903; baseline 0 -10"><span class='ocrx_word' id='word_1_511' title='bbox 309 2862 499 2903; x_wconf 89' lang='lat' dir='ltr'><em>respondere</em></span> <span class='ocrx_word' id='word_1_512' title='bbox 523 2861 654 2902; x_wconf 89' lang='lat' dir='ltr'><em>aliquod</em></span> <span class='ocrx_word' id='word_1_513' title='bbox 677 2860 839 2891; x_wconf 91' lang='lat' dir='ltr'><em>obiectum</em></span> <span class='ocrx_word' id='word_1_514' title='bbox 870 2860 1099 2901; x_wconf 87' lang='lat' dir='ltr'><em>adaequatum,</em></span> <span class='ocrx_word' id='word_1_515' title='bbox 1123 2861 1156 2892; x_wconf 94' lang='lat' dir='ltr'><em>in</em></span> <span class='ocrx_word' id='word_1_516' title='bbox 1179 2871 1247 2903; x_wconf 93' lang='lat' dir='ltr'><em>quo</em></span> <span class='ocrx_word' id='word_1_517' title='bbox 1271 2862 1380 2893; x_wconf 86' lang='lat' dir='ltr'><em>omnia</em></span> 
     </span>
     <span class='ocr_line' id='line_1_62' title="bbox 310 2905 1380 2947; baseline 0 -9"><span class='ocrx_word' id='word_1_518' title='bbox 310 2907 513 2938; x_wconf 89' lang='lat' dir='ltr'><em>continentur</em></span> <span class='ocrx_word' id='word_1_519' title='bbox 539 2911 769 2946; x_wconf 87' lang='lat' dir='ltr'><em>repraesentata</em></span> <span class='ocrx_word' id='word_1_520' title='bbox 801 2914 857 2945; x_wconf 86' lang='lat' dir='ltr'><em>per</em></span> <span class='ocrx_word' id='word_1_521' title='bbox 886 2905 995 2941; x_wconf 88' lang='lat' dir='ltr'><em>illam;</em></span> <span class='ocrx_word' id='word_1_522' title='bbox 1027 2905 1170 2947; x_wconf 90' lang='lat' dir='ltr'><em>alioquin</em></span> <span class='ocrx_word' id='word_1_523' title='bbox 1203 2916 1268 2936; x_wconf 91' lang='lat' dir='ltr'><em>non</em></span> <span class='ocrx_word' id='word_1_524' title='bbox 1299 2914 1380 2938; x_wconf 87' lang='lat' dir='ltr'><em>esset</em></span> 
     </span>
     <span class='ocr_line' id='line_1_63' title="bbox 309 2949 1379 2992; baseline 0 -10"><span class='ocrx_word' id='word_1_525' title='bbox 309 2951 524 2992; x_wconf 87' lang='lat' dir='ltr'><em>adaequatum</em></span> <span class='ocrx_word' id='word_1_526' title='bbox 546 2950 602 2981; x_wconf 90' lang='lat' dir='ltr'><em>illi.</em></span> <span class='ocrx_word' id='word_1_527' title='bbox 633 2950 674 2981; x_wconf 91' lang='lat' dir='ltr'><em>Et</em></span> <span class='ocrx_word' id='word_1_528' title='bbox 698 2949 856 2985; x_wconf 86' lang='lat' dir='ltr'><em>similiter,</em></span> <span class='ocrx_word' id='word_1_529' title='bbox 882 2949 907 2979; x_wconf 90' lang='lat' dir='ltr'><em>si</em></span> <span class='ocrx_word' id='word_1_530' title='bbox 931 2949 1051 2990; x_wconf 91' lang='lat' dir='ltr'><em>aliquid</em></span> <span class='ocrx_word' id='word_1_531' title='bbox 1074 2957 1324 2991; x_wconf 79' lang='lat' dir='ltr'><em>repraesentatur</em></span> <span class='ocrx_word' id='word_1_532' title='bbox 1346 2951 1379 2982; x_wconf 94' lang='lat' dir='ltr'><em>in</em></span> 
     </span>
     <span class='ocr_line' id='line_1_64' title="bbox 310 2993 1379 3036; baseline -0.001 -9"><span class='ocrx_word' id='word_1_533' title='bbox 310 2996 372 3027; x_wconf 90' lang='lat' dir='ltr'><em>alio</em></span> <span class='ocrx_word' id='word_1_534' title='bbox 397 2995 537 3031; x_wconf 87' lang='lat' dir='ltr'><em>obiecto,</em></span> <span class='ocrx_word' id='word_1_535' title='bbox 563 3000 689 3035; x_wconf 88' lang='lat' dir='ltr'><em>oportet</em></span> <span class='ocrx_word' id='word_1_536' title='bbox 712 2993 802 3036; x_wconf 92' lang='lat' dir='ltr'><em>quod</em></span> <span class='ocrx_word' id='word_1_537' title='bbox 825 2993 865 3024; x_wconf 88' lang='lat' dir='ltr'><em>sit</em></span> <span class='ocrx_word' id='word_1_538' title='bbox 883 2993 1132 3035; x_wconf 87' lang='lat' dir='ltr'><em>inadaequatum</em></span> <span class='ocrx_word' id='word_1_539' title='bbox 1155 2995 1317 3027; x_wconf 89' lang='lat' dir='ltr'><em>obiectum</em></span> <span class='ocrx_word' id='word_1_540' title='bbox 1333 3005 1379 3026; x_wconf 92' lang='lat' dir='ltr'><em>re-</em></span> 
     </span>
     <span class='ocr_line' id='line_1_65' title="bbox 309 3037 1379 3081; baseline 0 -10"><span class='ocrx_word' id='word_1_541' title='bbox 309 3046 544 3081; x_wconf 89' lang='lat' dir='ltr'><em>praesentatum</em></span> <span class='ocrx_word' id='word_1_542' title='bbox 563 3048 619 3079; x_wconf 91' lang='lat' dir='ltr'><em>per</em></span> <span class='ocrx_word' id='word_1_543' title='bbox 637 3038 726 3068; x_wconf 89' lang='lat' dir='ltr'><em>illam</em></span> <span class='ocrx_word' id='word_1_544' title='bbox 744 3037 891 3078; x_wconf 90' lang='lat' dir='ltr'><em>speciem,</em></span> <span class='ocrx_word' id='word_1_545' title='bbox 908 3044 943 3069; x_wconf 93' lang='lat' dir='ltr'><em>ut</em></span> <span class='ocrx_word' id='word_1_546' title='bbox 958 3045 1053 3079; x_wconf 87' lang='lat' dir='ltr'><em>patet.</em></span> <span class='ocrx_word' id='word_1_547' title='bbox 1074 3039 1168 3070; x_wconf 90' lang='lat' dir='ltr'><em>Unde</em></span> <span class='ocrx_word' id='word_1_548' title='bbox 1191 3045 1277 3080; x_wconf 87' lang='lat' dir='ltr'><em>patet</em></span> <span class='ocrx_word' id='word_1_549' title='bbox 1299 3040 1379 3071; x_wconf 90' lang='lat' dir='ltr'><em>ratio</em></span> 
     </span>
     <span class='ocr_line' id='line_1_66' title="bbox 309 3081 1377 3126; baseline -0.001 -10"><span class='ocrx_word' id='word_1_550' title='bbox 309 3084 476 3126; x_wconf 88' lang='lat' dir='ltr'><em>utriusque</em></span> <span class='ocrx_word' id='word_1_551' title='bbox 499 3082 701 3114; x_wconf 86' lang='lat' dir='ltr'><em>definitionis.</em></span> <span class='ocrx_word' id='word_1_552' title='bbox 726 3081 858 3123; x_wconf 88' lang='lat' dir='ltr'><em>Optime</em></span> <span class='ocrx_word' id='word_1_553' title='bbox 882 3082 968 3112; x_wconf 91' lang='lat' dir='ltr'><em>enim</em></span> <span class='ocrx_word' id='word_1_554' title='bbox 988 3082 1135 3114; x_wconf 88' lang='lat' dir='ltr'><em>definitur</em></span> <span class='ocrx_word' id='word_1_555' title='bbox 1149 3083 1256 3114; x_wconf 88' lang='lat' dir='ltr'><em>visum</em></span> <span class='ocrx_word' id='word_1_556' title='bbox 1279 3083 1312 3115; x_wconf 89' lang='lat' dir='ltr'><em>in</em></span> <span class='ocrx_word' id='word_1_557' title='bbox 1332 3094 1377 3115; x_wconf 91' lang='lat' dir='ltr'><em>se-</em></span> 
     </span>
     <span class='ocr_line' id='line_1_67' title="bbox 308 3126 1379 3169; baseline 0 -10"><span class='ocrx_word' id='word_1_558' title='bbox 308 3129 379 3169; x_wconf 90' lang='lat' dir='ltr'><em>ipso</em></span> <span class='ocrx_word' id='word_1_559' title='bbox 404 3138 470 3159; x_wconf 83' lang='lat' dir='ltr'><em>esse</em></span> <span class='ocrx_word' id='word_1_560' title='bbox 501 3127 586 3169; x_wconf 84' lang='lat' dir='ltr'><em>quod</em></span> <span class='ocrx_word' id='word_1_561' title='bbox 607 3137 672 3168; x_wconf 81' lang='lat' dir='ltr'><em>per</em></span> <span class='ocrx_word' id='word_1_562' title='bbox 699 3126 913 3167; x_wconf 81' lang='lat' dir='ltr'><em>adaequatam</em></span> <span class='ocrx_word' id='word_1_563' title='bbox 937 3127 997 3158; x_wconf 83' lang='lat' dir='ltr'><em>sibi</em></span> <span class='ocrx_word' id='word_1_564' title='bbox 1018 3129 1153 3168; x_wconf 80' lang='lat' dir='ltr'><em>speciem</em></span> <span class='ocrx_word' id='word_1_565' title='bbox 1178 3128 1325 3159; x_wconf 79' lang='lat' dir='ltr'><em>videtur.-</em></span> <span class='ocrx_word' id='word_1_566' title='bbox 1348 3135 1379 3160; x_wconf 91' lang='lat' dir='ltr'><em>et</em></span> 
     </span>
     <span class='ocr_line' id='line_1_68' title="bbox 309 3171 1379 3212; baseline 0 -8"><span class='ocrx_word' id='word_1_567' title='bbox 309 3173 460 3210; x_wconf 89' lang='lat' dir='ltr'><em>similiter,</em></span> <span class='ocrx_word' id='word_1_568' title='bbox 480 3172 586 3203; x_wconf 88' lang='lat' dir='ltr'><em>visum</em></span> <span class='ocrx_word' id='word_1_569' title='bbox 609 3171 642 3202; x_wconf 89' lang='lat' dir='ltr'><em>in</em></span> <span class='ocrx_word' id='word_1_570' title='bbox 665 3171 728 3202; x_wconf 93' lang='lat' dir='ltr'><em>alio</em></span> <span class='ocrx_word' id='word_1_571' title='bbox 753 3180 820 3202; x_wconf 90' lang='lat' dir='ltr'><em>esse</em></span> <span class='ocrx_word' id='word_1_572' title='bbox 843 3171 927 3211; x_wconf 80' lang='lat' dir='ltr'><em>quod</em></span> <span class='ocrx_word' id='word_1_573' title='bbox 944 3181 1008 3212; x_wconf 83' lang='lat' dir='ltr'><em>per</em></span> <span class='ocrx_word' id='word_1_574' title='bbox 1029 3173 1163 3212; x_wconf 78' lang='lat' dir='ltr'><em>speciem</em></span> <span class='ocrx_word' id='word_1_575' title='bbox 1188 3173 1379 3204; x_wconf 78' lang='lat' dir='ltr'><em>continentis</em></span> 
     </span>
     <span class='ocr_line' id='line_1_69' title="bbox 308 3213 900 3260; baseline -0.005 -12"><span class='ocrx_word' id='word_1_576' title='bbox 308 3216 355 3260; x_wconf 92' lang='lat' dir='ltr'><em>(in</em></span> <span class='ocrx_word' id='word_1_577' title='bbox 379 3227 446 3258; x_wconf 92' lang='lat' dir='ltr'><em>quo</em></span> <span class='ocrx_word' id='word_1_578' title='bbox 469 3216 586 3248; x_wconf 88' lang='lat' dir='ltr'><em>scilicet</em></span> <span class='ocrx_word' id='word_1_579' title='bbox 608 3213 740 3258; x_wconf 87' lang='lat' dir='ltr'><em>relucet)</em></span> <span class='ocrx_word' id='word_1_580' title='bbox 764 3215 900 3246; x_wconf 75' lang='lat' dir='ltr'><em>videtur.</em></span> 
     </span>
    </p>

    <p class='ocr_par' dir='ltr' id='par_1_10' title="bbox 307 3259 1378 3381">
     <span class='ocr_line' id='line_1_70' title="bbox 367 3259 1377 3293; baseline -0.001 -1"><span class='ocrx_word' id='word_1_581' title='bbox 367 3262 420 3293; x_wconf 89' lang='lat' dir='ltr'><em>IX.</em></span> <span class='ocrx_word' id='word_1_582' title='bbox 444 3261 536 3292; x_wconf 89' lang='lat' dir='ltr'><em>Circa</em></span> <span class='ocrx_word' id='word_1_583' title='bbox 559 3261 615 3292; x_wconf 89' lang='lat' dir='ltr'><em>has</em></span> <span class='ocrx_word' id='word_1_584' title='bbox 638 3259 838 3291; x_wconf 89' lang='lat' dir='ltr'><em>definitiones</em></span> <span class='ocrx_word' id='word_1_585' title='bbox 862 3259 998 3291; x_wconf 89' lang='lat' dir='ltr'><em>occurrit</em></span> <span class='ocrx_word' id='word_1_586' title='bbox 1021 3259 1117 3291; x_wconf 90' lang='lat' dir='ltr'><em>simul</em></span> <span class='ocrx_word' id='word_1_587' title='bbox 1140 3260 1276 3292; x_wconf 91' lang='lat' dir='ltr'><em>dubium</em></span> <span class='ocrx_word' id='word_1_588' title='bbox 1295 3260 1377 3292; x_wconf 88' lang='lat' dir='ltr'><em>diffi-</em></span> 
     </span>
     <span class='ocr_line' id='line_1_71' title="bbox 309 3303 1378 3346; baseline 0 -10"><span class='ocrx_word' id='word_1_589' title='bbox 309 3305 376 3342; x_wconf 87' lang='lat' dir='ltr'><em>cile,</em></span> <span class='ocrx_word' id='word_1_590' title='bbox 397 3315 471 3337; x_wconf 90' lang='lat' dir='ltr'><em>cum</em></span> <span class='ocrx_word' id='word_1_591' title='bbox 486 3305 589 3336; x_wconf 90' lang='lat' dir='ltr'><em>radice</em></span> <span class='ocrx_word' id='word_1_592' title='bbox 605 3304 791 3335; x_wconf 87' lang='lat' dir='ltr'><em>diversitatis</em></span> <span class='ocrx_word' id='word_1_593' title='bbox 815 3303 1017 3344; x_wconf 89' lang='lat' dir='ltr'><em>opinionum,</em></span> <span class='ocrx_word' id='word_1_594' title='bbox 1034 3305 1073 3335; x_wconf 92' lang='lat' dir='ltr'><em>de</em></span> <span class='ocrx_word' id='word_1_595' title='bbox 1087 3305 1187 3336; x_wconf 90' lang='lat' dir='ltr'><em>modo</em></span> <span class='ocrx_word' id='word_1_596' title='bbox 1207 3315 1274 3346; x_wconf 90' lang='lat' dir='ltr'><em>quo</em></span> <span class='ocrx_word' id='word_1_597' title='bbox 1290 3305 1378 3336; x_wconf 87' lang='lat' dir='ltr'><em>Deus</em></span> 
     </span>
     <span class='ocr_line' id='line_1_72' title="bbox 307 3349 487 3381; baseline 0 -1"><span class='ocrx_word' id='word_1_598' title='bbox 307 3349 394 3381; x_wconf 88' lang='lat' dir='ltr'><em>videt</em></span> <span class='ocrx_word' id='word_1_599' title='bbox 416 3350 487 3380; x_wconf 86' lang='lat' dir='ltr'><em>alia.</em></span> 
     </span>
    </p>

    <p class='ocr_par' dir='ltr' id='par_1_11' title="bbox 308 3392 1377 3656">
     <span class='ocr_line' id='line_1_73' title="bbox 366 3392 1376 3434; baseline -0.001 -9"><span class='ocrx_word' id='word_1_600' title='bbox 366 3395 416 3425; x_wconf 81' lang='lat' dir='ltr'><em>Ad</em></span> <span class='ocrx_word' id='word_1_601' title='bbox 441 3394 531 3425; x_wconf 89' lang='lat' dir='ltr'><em>cuius</em></span> <span class='ocrx_word' id='word_1_602' title='bbox 555 3393 764 3429; x_wconf 90' lang='lat' dir='ltr'><em>evidentiam,</em></span> <span class='ocrx_word' id='word_1_603' title='bbox 794 3398 922 3434; x_wconf 86' lang='lat' dir='ltr'><em>oportet</em></span> <span class='ocrx_word' id='word_1_604' title='bbox 943 3392 1116 3433; x_wconf 89' lang='lat' dir='ltr'><em>praelibare</em></span> <span class='ocrx_word' id='word_1_605' title='bbox 1143 3393 1232 3434; x_wconf 92' lang='lat' dir='ltr'><em>quod</em></span> <span class='ocrx_word' id='word_1_606' title='bbox 1256 3393 1376 3434; x_wconf 82' lang='lat' dir='ltr'><em>species</em></span> 
     </span>
     <span class='ocr_line' id='line_1_74' title="bbox 308 3436 1376 3479; baseline 0 -11"><span class='ocrx_word' id='word_1_607' title='bbox 308 3438 568 3478; x_wconf 89' lang='lat' dir='ltr'><em>repraesentativa</em></span> <span class='ocrx_word' id='word_1_608' title='bbox 583 3437 735 3478; x_wconf 91' lang='lat' dir='ltr'><em>plurium,</em></span> <span class='ocrx_word' id='word_1_609' title='bbox 747 3437 787 3468; x_wconf 85' lang='lat' dir='ltr'><em>ad</em></span> <span class='ocrx_word' id='word_1_610' title='bbox 804 3436 966 3468; x_wconf 86' lang='lat' dir='ltr'><em>obiectum</em></span> <span class='ocrx_word' id='word_1_611' title='bbox 985 3437 1197 3478; x_wconf 86' lang='lat' dir='ltr'><em>adaequatum</em></span> <span class='ocrx_word' id='word_1_612' title='bbox 1213 3447 1376 3479; x_wconf 88' lang='lat' dir='ltr'><em>compara-</em></span> 
     </span>
     <span class='ocr_line' id='line_1_75' title="bbox 308 3481 1375 3523; baseline 0 -10"><span class='ocrx_word' id='word_1_613' title='bbox 308 3488 360 3513; x_wconf 92' lang='lat' dir='ltr'><em>tur</em></span> <span class='ocrx_word' id='word_1_614' title='bbox 375 3492 442 3513; x_wconf 91' lang='lat' dir='ltr'><em>uno</em></span> <span class='ocrx_word' id='word_1_615' title='bbox 462 3482 576 3513; x_wconf 92' lang='lat' dir='ltr'><em>modo:</em></span> <span class='ocrx_word' id='word_1_616' title='bbox 602 3482 642 3513; x_wconf 88' lang='lat' dir='ltr'><em>ad</em></span> <span class='ocrx_word' id='word_1_617' title='bbox 658 3482 820 3513; x_wconf 89' lang='lat' dir='ltr'><em>obiectum</em></span> <span class='ocrx_word' id='word_1_618' title='bbox 839 3491 915 3512; x_wconf 90' lang='lat' dir='ltr'><em>vero</em></span> <span class='ocrx_word' id='word_1_619' title='bbox 931 3481 1180 3523; x_wconf 89' lang='lat' dir='ltr'><em>inadaequatum</em></span> <span class='ocrx_word' id='word_1_620' title='bbox 1199 3482 1375 3523; x_wconf 86' lang='lat' dir='ltr'><em>comparari</em></span> 
     </span>
     <span class='ocr_line' id='line_1_76' title="bbox 308 3525 1375 3567; baseline 0 -10"><span class='ocrx_word' id='word_1_621' title='bbox 308 3532 414 3567; x_wconf 87' lang='lat' dir='ltr'><em>potest</em></span> <span class='ocrx_word' id='word_1_622' title='bbox 437 3526 564 3557; x_wconf 86' lang='lat' dir='ltr'><em>duobus</em></span> <span class='ocrx_word' id='word_1_623' title='bbox 587 3526 702 3557; x_wconf 88' lang='lat' dir='ltr'><em>modis.</em></span> <span class='ocrx_word' id='word_1_624' title='bbox 719 3526 804 3557; x_wconf 89' lang='lat' dir='ltr'><em>Nam</em></span> <span class='ocrx_word' id='word_1_625' title='bbox 819 3525 981 3557; x_wconf 88' lang='lat' dir='ltr'><em>obiectum</em></span> <span class='ocrx_word' id='word_1_626' title='bbox 997 3525 1211 3567; x_wconf 89' lang='lat' dir='ltr'><em>adaequatum</em></span> <span class='ocrx_word' id='word_1_627' title='bbox 1230 3536 1297 3558; x_wconf 91' lang='lat' dir='ltr'><em>non</em></span> <span class='ocrx_word' id='word_1_628' title='bbox 1315 3526 1375 3557; x_wconf 88' lang='lat' dir='ltr'><em>nisi</em></span> 
     </span>
     <span class='ocr_line' id='line_1_77' title="bbox 308 3569 1374 3611; baseline 0 -10"><span class='ocrx_word' id='word_1_629' title='bbox 308 3570 504 3609; x_wconf 81' lang='lat' dir='ltr'><em>immediate,</em></span> <span class='ocrx_word' id='word_1_630' title='bbox 529 3570 768 3602; x_wconf 88' lang='lat' dir='ltr'><em>immediatione</em></span> <span class='ocrx_word' id='word_1_631' title='bbox 799 3569 972 3607; x_wconf 87' lang='lat' dir='ltr'><em>obiectiva,</em></span> <span class='ocrx_word' id='word_1_632' title='bbox 997 3577 1228 3610; x_wconf 82' lang='lat' dir='ltr'><em>repraesentare</em></span> <span class='ocrx_word' id='word_1_633' title='bbox 1251 3576 1374 3611; x_wconf 84' lang='lat' dir='ltr'><em>potest:</em></span> 
     </span>
     <span class='ocr_line' id='line_1_78' title="bbox 309 3614 1377 3656; baseline 0.001 -11"><span class='ocrx_word' id='word_1_634' title='bbox 309 3614 470 3646; x_wconf 89' lang='lat' dir='ltr'><em>obiectum</em></span> <span class='ocrx_word' id='word_1_635' title='bbox 489 3624 564 3645; x_wconf 89' lang='lat' dir='ltr'><em>vero</em></span> <span class='ocrx_word' id='word_1_636' title='bbox 587 3614 835 3656; x_wconf 88' lang='lat' dir='ltr'><em>inadaequatum</em></span> <span class='ocrx_word' id='word_1_637' title='bbox 859 3621 964 3655; x_wconf 89' lang='lat' dir='ltr'><em>potest</em></span> <span class='ocrx_word' id='word_1_638' title='bbox 986 3622 1216 3655; x_wconf 84' lang='lat' dir='ltr'><em>repraesentare</em></span> <span class='ocrx_word' id='word_1_639' title='bbox 1240 3614 1377 3646; x_wconf 81' lang='lat' dir='ltr'><em>mediate</em></span> 
     </span>
    </p>
   </div>
   <div class='ocr_carea' id='block_1_5' title="bbox 1010 252 1803 302">
    <p class='ocr_par' dir='ltr' id='par_1_12' title="bbox 1010 252 1803 302">
     <span class='ocr_line' id='line_1_79' title="bbox 1010 252 1803 302; baseline -0.004 -10"><span class='ocrx_word' id='word_1_640' title='bbox 1010 253 1278 301; x_wconf 88' lang='lat' dir='ltr'><strong>QUAESTIO</strong></span> <span class='ocrx_word' id='word_1_641' title='bbox 1307 253 1413 302; x_wconf 82' lang='lat' dir='ltr'><em>XIV,</em></span> <span class='ocrx_word' id='word_1_642' title='bbox 1442 252 1740 290; x_wconf 90' lang='lat' dir='ltr'><strong>ARTICULUS</strong></span> <span class='ocrx_word' id='word_1_643' title='bbox 1768 252 1803 289; x_wconf 94' lang='lat' dir='ltr'>V</span> 
     </span>
    </p>
   </div>
   <div class='ocr_carea' id='block_1_6' title="bbox 1430 331 2543 3653">
    <p class='ocr_par' dir='ltr' id='par_1_13' title="bbox 1433 331 2506 1038">
     <span class='ocr_line' id='line_1_80' title="bbox 1433 331 2504 375; baseline -0.001 -12"><span class='ocrx_word' id='word_1_644' title='bbox 1433 339 1464 363; x_wconf 91' lang='lat' dir='ltr'><em>et</em></span> <span class='ocrx_word' id='word_1_645' title='bbox 1478 332 1668 363; x_wconf 83' lang='lat' dir='ltr'><em>immediate.</em></span> <span class='ocrx_word' id='word_1_646' title='bbox 1688 332 1825 363; x_wconf 89' lang='lat' dir='ltr'><em>Mediate</em></span> <span class='ocrx_word' id='word_1_647' title='bbox 1846 331 1987 375; x_wconf 90' lang='lat' dir='ltr'><em>quidem,</em></span> <span class='ocrx_word' id='word_1_648' title='bbox 2004 332 2267 372; x_wconf 88' lang='lat' dir='ltr'><em>repraesentando</em></span> <span class='ocrx_word' id='word_1_649' title='bbox 2283 331 2391 372; x_wconf 91' lang='lat' dir='ltr'><em>ipsum</em></span> <span class='ocrx_word' id='word_1_650' title='bbox 2407 338 2504 372; x_wconf 87' lang='lat' dir='ltr'><em>prout</em></span> 
     </span>
     <span class='ocr_line' id='line_1_81' title="bbox 1433 376 2504 417; baseline 0 -10"><span class='ocrx_word' id='word_1_651' title='bbox 1433 383 1480 408; x_wconf 90' lang='lat' dir='ltr'><em>est</em></span> <span class='ocrx_word' id='word_1_652' title='bbox 1493 376 1526 407; x_wconf 90' lang='lat' dir='ltr'><em>in</em></span> <span class='ocrx_word' id='word_1_653' title='bbox 1543 376 1667 407; x_wconf 92' lang='lat' dir='ltr'><em>obiecto</em></span> <span class='ocrx_word' id='word_1_654' title='bbox 1684 377 1878 417; x_wconf 87' lang='lat' dir='ltr'><em>adaequato:</em></span> <span class='ocrx_word' id='word_1_655' title='bbox 1896 383 1972 407; x_wconf 92' lang='lat' dir='ltr'><em>tunc</em></span> <span class='ocrx_word' id='word_1_656' title='bbox 1988 376 2074 407; x_wconf 89' lang='lat' dir='ltr'><em>enim</em></span> <span class='ocrx_word' id='word_1_657' title='bbox 2089 383 2300 416; x_wconf 86' lang='lat' dir='ltr'><em>repraesentat</em></span> <span class='ocrx_word' id='word_1_658' title='bbox 2313 376 2422 417; x_wconf 88' lang='lat' dir='ltr'><em>ipsum</em></span> <span class='ocrx_word' id='word_1_659' title='bbox 2437 386 2504 407; x_wconf 91' lang='lat' dir='ltr'><em>me-</em></span> 
     </span>
     <span class='ocr_line' id='line_1_82' title="bbox 1434 420 2503 462; baseline -0.001 -10"><span class='ocrx_word' id='word_1_660' title='bbox 1434 421 1538 453; x_wconf 88' lang='lat' dir='ltr'><em>diante</em></span> <span class='ocrx_word' id='word_1_661' title='bbox 1562 421 1688 451; x_wconf 92' lang='lat' dir='ltr'><em>obiecto</em></span> <span class='ocrx_word' id='word_1_662' title='bbox 1712 420 1899 462; x_wconf 89' lang='lat' dir='ltr'><em>adaequato.</em></span> <span class='ocrx_word' id='word_1_663' title='bbox 1925 420 2110 451; x_wconf 88' lang='lat' dir='ltr'><em>Immediate</em></span> <span class='ocrx_word' id='word_1_664' title='bbox 2128 430 2215 457; x_wconf 87' lang='lat' dir='ltr'><em>ver0,</em></span> <span class='ocrx_word' id='word_1_665' title='bbox 2239 421 2503 461; x_wconf 84' lang='lat' dir='ltr'><em>repraesentando</em></span> 
     </span>
     <span class='ocr_line' id='line_1_83' title="bbox 1433 464 2503 506; baseline -0.001 -10"><span class='ocrx_word' id='word_1_666' title='bbox 1433 466 1542 506; x_wconf 90' lang='lat' dir='ltr'><em>ipsum</em></span> <span class='ocrx_word' id='word_1_667' title='bbox 1557 465 1736 496; x_wconf 92' lang='lat' dir='ltr'><em>secundum</em></span> <span class='ocrx_word' id='word_1_668' title='bbox 1751 475 1793 502; x_wconf 89' lang='lat' dir='ltr'><em>se,</em></span> <span class='ocrx_word' id='word_1_669' title='bbox 1811 465 2021 496; x_wconf 88' lang='lat' dir='ltr'><em>abstrahendo</em></span> <span class='ocrx_word' id='word_1_670' title='bbox 2039 475 2057 495; x_wconf 90' lang='lat' dir='ltr'><em>a</em></span> <span class='ocrx_word' id='word_1_671' title='bbox 2068 464 2168 495; x_wconf 92' lang='lat' dir='ltr'><em>modo</em></span> <span class='ocrx_word' id='word_1_672' title='bbox 2185 474 2252 505; x_wconf 92' lang='lat' dir='ltr'><em>quo</em></span> <span class='ocrx_word' id='word_1_673' title='bbox 2267 470 2314 495; x_wconf 89' lang='lat' dir='ltr'><em>est</em></span> <span class='ocrx_word' id='word_1_674' title='bbox 2328 464 2362 495; x_wconf 91' lang='lat' dir='ltr'><em>in</em></span> <span class='ocrx_word' id='word_1_675' title='bbox 2377 465 2503 496; x_wconf 92' lang='lat' dir='ltr'><em>obiecto</em></span> 
     </span>
     <span class='ocr_line' id='line_1_84' title="bbox 1434 508 2502 551; baseline -0.002 -10"><span class='ocrx_word' id='word_1_676' title='bbox 1434 511 1628 551; x_wconf 87' lang='lat' dir='ltr'><em>adaequato:</em></span> <span class='ocrx_word' id='word_1_677' title='bbox 1653 517 1730 540; x_wconf 90' lang='lat' dir='ltr'><em>tunc</em></span> <span class='ocrx_word' id='word_1_678' title='bbox 1754 509 1840 540; x_wconf 91' lang='lat' dir='ltr'><em>enim</em></span> <span class='ocrx_word' id='word_1_679' title='bbox 1863 509 2055 546; x_wconf 88' lang='lat' dir='ltr'><em>immediate,</em></span> <span class='ocrx_word' id='word_1_680' title='bbox 2079 508 2319 540; x_wconf 91' lang='lat' dir='ltr'><em>immediatione</em></span> <span class='ocrx_word' id='word_1_681' title='bbox 2338 508 2502 545; x_wconf 73' lang='lat' dir='ltr'><em>obiecfiva,</em></span> 
     </span>
     <span class='ocr_line' id='line_1_85' title="bbox 1435 553 2504 596; baseline -0.002 -11"><span class='ocrx_word' id='word_1_682' title='bbox 1435 555 1473 585; x_wconf 90' lang='lat' dir='ltr'><em>de</em></span> <span class='ocrx_word' id='word_1_683' title='bbox 1497 565 1562 596; x_wconf 87' lang='lat' dir='ltr'><em>qua</em></span> <span class='ocrx_word' id='word_1_684' title='bbox 1585 554 1653 584; x_wconf 90' lang='lat' dir='ltr'><em>sola</em></span> <span class='ocrx_word' id='word_1_685' title='bbox 1676 560 1723 585; x_wconf 93' lang='lat' dir='ltr'><em>est</em></span> <span class='ocrx_word' id='word_1_686' title='bbox 1745 553 1797 584; x_wconf 92' lang='lat' dir='ltr'><em>hic</em></span> <span class='ocrx_word' id='word_1_687' title='bbox 1820 564 1935 590; x_wconf 92' lang='lat' dir='ltr'><em>sermo,</em></span> <span class='ocrx_word' id='word_1_688' title='bbox 1959 554 2067 594; x_wconf 90' lang='lat' dir='ltr'><em>ipsum</em></span> <span class='ocrx_word' id='word_1_689' title='bbox 2090 558 2318 594; x_wconf 85' lang='lat' dir='ltr'><em>repraesentat,</em></span> <span class='ocrx_word' id='word_1_690' title='bbox 2342 559 2374 584; x_wconf 92' lang='lat' dir='ltr'><em>et</em></span> <span class='ocrx_word' id='word_1_691' title='bbox 2398 559 2435 584; x_wconf 91' lang='lat' dir='ltr'><em>ut</em></span> <span class='ocrx_word' id='word_1_692' title='bbox 2459 553 2504 583; x_wconf 94' lang='lat' dir='ltr'><em>sic</em></span> 
     </span>
     <span class='ocr_line' id='line_1_86' title="bbox 1434 597 2505 639; baseline -0.002 -10"><span class='ocrx_word' id='word_1_693' title='bbox 1434 609 1501 630; x_wconf 88' lang='lat' dir='ltr'><em>non</em></span> <span class='ocrx_word' id='word_1_694' title='bbox 1514 605 1724 639; x_wconf 89' lang='lat' dir='ltr'><em>repraesentat</em></span> <span class='ocrx_word' id='word_1_695' title='bbox 1738 598 1845 639; x_wconf 89' lang='lat' dir='ltr'><em>ipsum</em></span> <span class='ocrx_word' id='word_1_696' title='bbox 1862 599 2020 629; x_wconf 90' lang='lat' dir='ltr'><em>mediante</em></span> <span class='ocrx_word' id='word_1_697' title='bbox 2037 597 2162 628; x_wconf 90' lang='lat' dir='ltr'><em>obiecto</em></span> <span class='ocrx_word' id='word_1_698' title='bbox 2178 597 2295 638; x_wconf 86' lang='lat' dir='ltr'><em>primo.</em></span> <span class='ocrx_word' id='word_1_699' title='bbox 2310 597 2505 637; x_wconf 84' lang='lat' dir='ltr'><em>Exemplum</em></span> 
     </span>
     <span class='ocr_line' id='line_1_87' title="bbox 1434 641 2506 684; baseline -0.003 -10"><span class='ocrx_word' id='word_1_700' title='bbox 1434 643 1531 674; x_wconf 91' lang='lat' dir='ltr'><em>huius</em></span> <span class='ocrx_word' id='word_1_701' title='bbox 1554 650 1615 679; x_wconf 89' lang='lat' dir='ltr'><em>est,</em></span> <span class='ocrx_word' id='word_1_702' title='bbox 1640 643 1665 673; x_wconf 93' lang='lat' dir='ltr'><em>si</em></span> <span class='ocrx_word' id='word_1_703' title='bbox 1688 650 1827 683; x_wconf 89' lang='lat' dir='ltr'><em>ponatur</em></span> <span class='ocrx_word' id='word_1_704' title='bbox 1849 642 1981 684; x_wconf 87' lang='lat' dir='ltr'><em>aliquod</em></span> <span class='ocrx_word' id='word_1_705' title='bbox 2003 642 2134 679; x_wconf 86' lang='lat' dir='ltr'><em>visibile,</em></span> <span class='ocrx_word' id='word_1_706' title='bbox 2159 648 2238 683; x_wconf 91' lang='lat' dir='ltr'><em>puta</em></span> <span class='ocrx_word' id='word_1_707' title='bbox 2259 641 2394 682; x_wconf 89' lang='lat' dir='ltr'><em>lignum,</em></span> <span class='ocrx_word' id='word_1_708' title='bbox 2417 641 2506 672; x_wconf 87' lang='lat' dir='ltr'><em>iuxta</em></span> 
     </span>
     <span class='ocr_line' id='line_1_88' title="bbox 1433 686 2503 728; baseline -0.002 -10"><span class='ocrx_word' id='word_1_709' title='bbox 1433 688 1617 728; x_wconf 87' lang='lat' dir='ltr'><em>speculum,</em></span> <span class='ocrx_word' id='word_1_710' title='bbox 1642 694 1673 719; x_wconf 90' lang='lat' dir='ltr'><em>et</em></span> <span class='ocrx_word' id='word_1_711' title='bbox 1694 687 1727 718; x_wconf 92' lang='lat' dir='ltr'><em>in</em></span> <span class='ocrx_word' id='word_1_712' title='bbox 1751 694 1922 728; x_wconf 90' lang='lat' dir='ltr'><em>prospectu</em></span> <span class='ocrx_word' id='word_1_713' title='bbox 1946 687 2083 718; x_wconf 90' lang='lat' dir='ltr'><em>Socratis</em></span> <span class='ocrx_word' id='word_1_714' title='bbox 2105 686 2255 722; x_wconf 89' lang='lat' dir='ltr'><em>videntis;</em></span> <span class='ocrx_word' id='word_1_715' title='bbox 2280 692 2311 717; x_wconf 92' lang='lat' dir='ltr'><em>et</em></span> <span class='ocrx_word' id='word_1_716' title='bbox 2333 695 2503 727; x_wconf 90' lang='lat' dir='ltr'><em>ponamus,</em></span> 
     </span>
     <span class='ocr_line' id='line_1_89' title="bbox 1435 730 2506 773; baseline -0.002 -11"><span class='ocrx_word' id='word_1_717' title='bbox 1435 731 1499 762; x_wconf 90' lang='lat' dir='ltr'><em>sive</em></span> <span class='ocrx_word' id='word_1_718' title='bbox 1515 742 1587 762; x_wconf 91' lang='lat' dir='ltr'><em>vere</em></span> <span class='ocrx_word' id='word_1_719' title='bbox 1606 731 1671 762; x_wconf 89' lang='lat' dir='ltr'><em>sive</em></span> <span class='ocrx_word' id='word_1_720' title='bbox 1687 731 1774 768; x_wconf 86' lang='lat' dir='ltr'><em>false,</em></span> <span class='ocrx_word' id='word_1_721' title='bbox 1791 731 1879 773; x_wconf 93' lang='lat' dir='ltr'><em>quod</em></span> <span class='ocrx_word' id='word_1_722' title='bbox 1896 741 1962 762; x_wconf 92' lang='lat' dir='ltr'><em>non</em></span> <span class='ocrx_word' id='word_1_723' title='bbox 1977 731 2017 762; x_wconf 92' lang='lat' dir='ltr'><em>sit</em></span> <span class='ocrx_word' id='word_1_724' title='bbox 2031 731 2091 762; x_wconf 89' lang='lat' dir='ltr'><em>alia</em></span> <span class='ocrx_word' id='word_1_725' title='bbox 2110 731 2229 771; x_wconf 92' lang='lat' dir='ltr'><em>species</em></span> <span class='ocrx_word' id='word_1_726' title='bbox 2248 730 2282 761; x_wconf 93' lang='lat' dir='ltr'><em>in</em></span> <span class='ocrx_word' id='word_1_727' title='bbox 2298 730 2425 762; x_wconf 90' lang='lat' dir='ltr'><em>Socrate</em></span> <span class='ocrx_word' id='word_1_728' title='bbox 2441 740 2506 771; x_wconf 89' lang='lat' dir='ltr'><em>qua</em></span> 
     </span>
     <span class='ocr_line' id='line_1_90' title="bbox 1434 774 2505 817; baseline -0.001 -11"><span class='ocrx_word' id='word_1_729' title='bbox 1434 775 1520 806; x_wconf 91' lang='lat' dir='ltr'><em>videt</em></span> <span class='ocrx_word' id='word_1_730' title='bbox 1542 776 1651 816; x_wconf 92' lang='lat' dir='ltr'><em>ipsum</em></span> <span class='ocrx_word' id='word_1_731' title='bbox 1673 775 1797 815; x_wconf 88' lang='lat' dir='ltr'><em>lignum</em></span> <span class='ocrx_word' id='word_1_732' title='bbox 1819 776 1853 806; x_wconf 90' lang='lat' dir='ltr'><em>in</em></span> <span class='ocrx_word' id='word_1_733' title='bbox 1877 775 1992 817; x_wconf 89' lang='lat' dir='ltr'><em>seipso,</em></span> <span class='ocrx_word' id='word_1_734' title='bbox 2010 782 2041 807; x_wconf 90' lang='lat' dir='ltr'><em>et</em></span> <span class='ocrx_word' id='word_1_735' title='bbox 2055 786 2119 817; x_wconf 90' lang='lat' dir='ltr'><em>qua</em></span> <span class='ocrx_word' id='word_1_736' title='bbox 2134 775 2220 806; x_wconf 91' lang='lat' dir='ltr'><em>videt</em></span> <span class='ocrx_word' id='word_1_737' title='bbox 2241 775 2366 815; x_wconf 89' lang='lat' dir='ltr'><em>lignum</em></span> <span class='ocrx_word' id='word_1_738' title='bbox 2384 774 2418 805; x_wconf 93' lang='lat' dir='ltr'><em>in</em></span> <span class='ocrx_word' id='word_1_739' title='bbox 2434 783 2505 815; x_wconf 92' lang='lat' dir='ltr'><em>spe-</em></span> 
     </span>
     <span class='ocr_line' id='line_1_91' title="bbox 1436 818 2505 862; baseline -0.003 -11"><span class='ocrx_word' id='word_1_740' title='bbox 1436 820 1509 851; x_wconf 92' lang='lat' dir='ltr'><em>culo</em></span> <span class='ocrx_word' id='word_1_741' title='bbox 1533 818 1686 862; x_wconf 88' lang='lat' dir='ltr'><em>(utroque</em></span> <span class='ocrx_word' id='word_1_742' title='bbox 1710 819 1795 850; x_wconf 90' lang='lat' dir='ltr'><em>enim</em></span> <span class='ocrx_word' id='word_1_743' title='bbox 1818 820 1918 851; x_wconf 91' lang='lat' dir='ltr'><em>modo</em></span> <span class='ocrx_word' id='word_1_744' title='bbox 1943 820 2121 861; x_wconf 81' lang='lat' dir='ltr'><em>experimur</em></span> <span class='ocrx_word' id='word_1_745' title='bbox 2150 830 2210 850; x_wconf 94' lang='lat' dir='ltr'><em>nos</em></span> <span class='ocrx_word' id='word_1_746' title='bbox 2235 819 2331 850; x_wconf 91' lang='lat' dir='ltr'><em>simul</em></span> <span class='ocrx_word' id='word_1_747' title='bbox 2354 818 2440 849; x_wconf 88' lang='lat' dir='ltr'><em>idem</em></span> <span class='ocrx_word' id='word_1_748' title='bbox 2462 818 2505 849; x_wconf 92' lang='lat' dir='ltr'><em>vi-</em></span> 
     </span>
     <span class='ocr_line' id='line_1_92' title="bbox 1436 862 2506 906; baseline 0 -12"><span class='ocrx_word' id='word_1_749' title='bbox 1436 862 1537 906; x_wconf 90' lang='lat' dir='ltr'><em>dere):</em></span> <span class='ocrx_word' id='word_1_750' title='bbox 1562 870 1692 903; x_wconf 89' lang='lat' dir='ltr'><em>apparet</em></span> <span class='ocrx_word' id='word_1_751' title='bbox 1715 864 1801 894; x_wconf 88' lang='lat' dir='ltr'><em>enim</em></span> <span class='ocrx_word' id='word_1_752' title='bbox 1824 864 1914 905; x_wconf 91' lang='lat' dir='ltr'><em>quod</em></span> <span class='ocrx_word' id='word_1_753' title='bbox 1941 865 2061 906; x_wconf 90' lang='lat' dir='ltr'><em>species</em></span> <span class='ocrx_word' id='word_1_754' title='bbox 2083 864 2214 895; x_wconf 85' lang='lat' dir='ltr'><em>visibilis</em></span> <span class='ocrx_word' id='word_1_755' title='bbox 2238 864 2292 894; x_wconf 86' lang='lat' dir='ltr'><em>illa</em></span> <span class='ocrx_word' id='word_1_756' title='bbox 2314 863 2448 894; x_wconf 86' lang='lat' dir='ltr'><em>existens</em></span> <span class='ocrx_word' id='word_1_757' title='bbox 2471 863 2506 894; x_wconf 91' lang='lat' dir='ltr'><em>in</em></span> 
     </span>
     <span class='ocr_line' id='line_1_93' title="bbox 1435 907 2506 949; baseline 0 -11"><span class='ocrx_word' id='word_1_758' title='bbox 1435 908 1577 944; x_wconf 90' lang='lat' dir='ltr'><em>vidente,</em></span> <span class='ocrx_word' id='word_1_759' title='bbox 1603 914 1805 948; x_wconf 87' lang='lat' dir='ltr'><em>comparatur</em></span> <span class='ocrx_word' id='word_1_760' title='bbox 1827 908 1867 938; x_wconf 91' lang='lat' dir='ltr'><em>ad</em></span> <span class='ocrx_word' id='word_1_761' title='bbox 1889 908 2015 949; x_wconf 82' lang='lat' dir='ltr'><em>lignum</em></span> <span class='ocrx_word' id='word_1_762' title='bbox 2042 908 2227 949; x_wconf 88' lang='lat' dir='ltr'><em>dupliciter;</em></span> <span class='ocrx_word' id='word_1_763' title='bbox 2251 907 2369 939; x_wconf 91' lang='lat' dir='ltr'><em>scilicet</em></span> <span class='ocrx_word' id='word_1_764' title='bbox 2391 907 2506 938; x_wconf 90' lang='lat' dir='ltr'><em>imme-</em></span> 
     </span>
     <span class='ocr_line' id='line_1_94' title="bbox 1436 951 2505 993; baseline 0.001 -11"><span class='ocrx_word' id='word_1_765' title='bbox 1436 952 1528 989; x_wconf 89' lang='lat' dir='ltr'><em>diate,</em></span> <span class='ocrx_word' id='word_1_766' title='bbox 1552 951 1745 992; x_wconf 87' lang='lat' dir='ltr'><em>inquantum</em></span> <span class='ocrx_word' id='word_1_767' title='bbox 1769 958 1815 983; x_wconf 89' lang='lat' dir='ltr'><em>est</em></span> <span class='ocrx_word' id='word_1_768' title='bbox 1837 951 1917 982; x_wconf 92' lang='lat' dir='ltr'><em>ratio</em></span> <span class='ocrx_word' id='word_1_769' title='bbox 1935 951 2064 983; x_wconf 89' lang='lat' dir='ltr'><em>videndi</em></span> <span class='ocrx_word' id='word_1_770' title='bbox 2085 952 2166 984; x_wconf 92' lang='lat' dir='ltr'><em>illud</em></span> <span class='ocrx_word' id='word_1_771' title='bbox 2189 952 2223 983; x_wconf 89' lang='lat' dir='ltr'><em>in</em></span> <span class='ocrx_word' id='word_1_772' title='bbox 2246 953 2370 993; x_wconf 88' lang='lat' dir='ltr'><em>seipso;</em></span> <span class='ocrx_word' id='word_1_773' title='bbox 2393 959 2424 983; x_wconf 91' lang='lat' dir='ltr'><em>et</em></span> <span class='ocrx_word' id='word_1_774' title='bbox 2439 962 2505 983; x_wconf 91' lang='lat' dir='ltr'><em>me-</em></span> 
     </span>
     <span class='ocr_line' id='line_1_95' title="bbox 1436 992 2348 1038; baseline 0.001 -11"><span class='ocrx_word' id='word_1_775' title='bbox 1436 996 1528 1033; x_wconf 88' lang='lat' dir='ltr'><em>diate,</em></span> <span class='ocrx_word' id='word_1_776' title='bbox 1547 995 1741 1037; x_wconf 88' lang='lat' dir='ltr'><em>inquantum</em></span> <span class='ocrx_word' id='word_1_777' title='bbox 1759 1002 1806 1026; x_wconf 89' lang='lat' dir='ltr'><em>est</em></span> <span class='ocrx_word' id='word_1_778' title='bbox 1821 992 1900 1026; x_wconf 84' lang='lat' dir='ltr'><em>ratio</em></span> <span class='ocrx_word' id='word_1_779' title='bbox 1916 995 2045 1027; x_wconf 90' lang='lat' dir='ltr'><em>videndi</em></span> <span class='ocrx_word' id='word_1_780' title='bbox 2059 996 2163 1028; x_wconf 88' lang='lat' dir='ltr'><em>illud&#39;</em></span> <span class='ocrx_word' id='word_1_781' title='bbox 2154 1007 2188 1027; x_wconf 88' lang='lat' dir='ltr'><em>m</em></span> <span class='ocrx_word' id='word_1_782' title='bbox 2204 997 2348 1038; x_wconf 88' lang='lat' dir='ltr'><em>speculo.</em></span> 
     </span>
    </p>

    <p class='ocr_par' dir='ltr' id='par_1_14' title="bbox 1435 1039 2543 2101">
     <span class='ocr_line' id='line_1_96' title="bbox 1494 1039 2543 1082; baseline 0.001 -11"><span class='ocrx_word' id='word_1_783' title='bbox 1494 1041 1542 1071; x_wconf 90' lang='lat' dir='ltr'><em>Ex</em></span> <span class='ocrx_word' id='word_1_784' title='bbox 1557 1040 1617 1070; x_wconf 89' lang='lat' dir='ltr'><em>hac</em></span> <span class='ocrx_word' id='word_1_785' title='bbox 1632 1046 1740 1070; x_wconf 89' lang='lat' dir='ltr'><em>autem</em></span> <span class='ocrx_word' id='word_1_786' title='bbox 1756 1039 1984 1076; x_wconf 86' lang='lat' dir='ltr'><em>enucleatione,</em></span> <span class='ocrx_word' id='word_1_787' title='bbox 2001 1040 2064 1071; x_wconf 90' lang='lat' dir='ltr'><em>ruit</em></span> <span class='ocrx_word' id='word_1_788' title='bbox 2076 1042 2186 1081; x_wconf 79' lang='lat' dir='ltr'><em>primo</em></span> <span class='ocrx_word' id='word_1_789' title='bbox 2201 1040 2344 1072; x_wconf 89' lang='lat' dir='ltr'><em>definitio</em></span> <span class='ocrx_word' id='word_1_790' title='bbox 2359 1041 2463 1082; x_wconf 88' lang='lat' dir='ltr'><em>prima</em></span> <span class='ocrx_word' id='word_1_791' title='bbox 2476 1041 2543 1072; x_wconf 86' lang='grc'><em>*.·</em></span> 
     </span>
     <span class='ocr_line' id='line_1_97' title="bbox 1435 1083 2506 1126; baseline 0.001 -11"><span class='ocrx_word' id='word_1_792' title='bbox 1435 1085 1519 1115; x_wconf 90' lang='lat' dir='ltr'><em>Nam</em></span> <span class='ocrx_word' id='word_1_793' title='bbox 1542 1084 1624 1115; x_wconf 89' lang='lat' dir='ltr'><em>hanc</em></span> <span class='ocrx_word' id='word_1_794' title='bbox 1647 1083 1813 1115; x_wconf 87' lang='lat' dir='ltr'><em>manifeste</em></span> <span class='ocrx_word' id='word_1_795' title='bbox 1836 1083 1989 1125; x_wconf 90' lang='lat' dir='ltr'><em>sequitur,</em></span> <span class='ocrx_word' id='word_1_796' title='bbox 2012 1085 2102 1124; x_wconf 90' lang='lat' dir='ltr'><em>quod</em></span> <span class='ocrx_word' id='word_1_797' title='bbox 2125 1091 2187 1116; x_wconf 82' lang='lat' dir='ltr'><em>stat</em></span> <span class='ocrx_word' id='word_1_798' title='bbox 2208 1085 2329 1126; x_wconf 89' lang='lat' dir='ltr'><em>aliquid</em></span> <span class='ocrx_word' id='word_1_799' title='bbox 2350 1085 2450 1116; x_wconf 86' lang='lat' dir='ltr'><em>videri</em></span> <span class='ocrx_word' id='word_1_800' title='bbox 2472 1085 2506 1116; x_wconf 93' lang='lat' dir='ltr'><em>in</em></span> 
     </span>
     <span class='ocr_line' id='line_1_98' title="bbox 1435 1128 2507 1170; baseline 0.002 -10"><span class='ocrx_word' id='word_1_801' title='bbox 1435 1130 1541 1170; x_wconf 90' lang='lat' dir='ltr'><em>seipso</em></span> <span class='ocrx_word' id='word_1_802' title='bbox 1554 1153 1562 1166; x_wconf 92' lang='lat'>‚</span> <span class='ocrx_word' id='word_1_803' title='bbox 1596 1136 1627 1160; x_wconf 92' lang='lat' dir='ltr'><em>et</em></span> <span class='ocrx_word' id='word_1_804' title='bbox 1649 1135 1756 1159; x_wconf 88' lang='lat' dir='ltr'><em>tamen</em></span> <span class='ocrx_word' id='word_1_805' title='bbox 1781 1137 1846 1159; x_wconf 92' lang='lat' dir='ltr'><em>non</em></span> <span class='ocrx_word' id='word_1_806' title='bbox 1874 1138 1931 1168; x_wconf 92' lang='lat' dir='ltr'><em>per</em></span> <span class='ocrx_word' id='word_1_807' title='bbox 1959 1128 2099 1168; x_wconf 86' lang='lat' dir='ltr'><em>speciem</em></span> <span class='ocrx_word' id='word_1_808' title='bbox 2121 1129 2331 1170; x_wconf 88' lang='lat' dir='ltr'><em>adaequatam</em></span> <span class='ocrx_word' id='word_1_809' title='bbox 2357 1130 2436 1161; x_wconf 83' lang='lat' dir='ltr'><em>sibi:</em></span> <span class='ocrx_word' id='word_1_810' title='bbox 2470 1137 2507 1162; x_wconf 93' lang='lat' dir='ltr'><em>ut</em></span> 
     </span>
     <span class='ocr_line' id='line_1_99' title="bbox 1436 1172 2506 1214; baseline 0 -9"><span class='ocrx_word' id='word_1_811' title='bbox 1436 1180 1522 1214; x_wconf 91' lang='lat' dir='ltr'><em>patet</em></span> <span class='ocrx_word' id='word_1_812' title='bbox 1544 1173 1578 1204; x_wconf 89' lang='lat' dir='ltr'><em>in</em></span> <span class='ocrx_word' id='word_1_813' title='bbox 1601 1173 1813 1214; x_wconf 88' lang='lat' dir='ltr'><em>inadaequato</em></span> <span class='ocrx_word' id='word_1_814' title='bbox 1837 1179 2080 1213; x_wconf 87' lang='lat' dir='ltr'><em>repraesentato,</em></span> <span class='ocrx_word' id='word_1_815' title='bbox 2102 1172 2296 1213; x_wconf 89' lang='lat' dir='ltr'><em>inquantum</em></span> <span class='ocrx_word' id='word_1_816' title='bbox 2323 1173 2506 1206; x_wconf 89' lang='lat' dir='ltr'><em>immediate</em></span> 
     </span>
     <span class='ocr_line' id='line_1_100' title="bbox 1436 1217 2506 1258; baseline 0.001 -9"><span class='ocrx_word' id='word_1_817' title='bbox 1436 1218 1569 1249; x_wconf 88' lang='lat' dir='ltr'><em>refertur</em></span> <span class='ocrx_word' id='word_1_818' title='bbox 1583 1218 1623 1248; x_wconf 89' lang='lat' dir='ltr'><em>ad</em></span> <span class='ocrx_word' id='word_1_819' title='bbox 1646 1217 1786 1258; x_wconf 89' lang='lat' dir='ltr'><em>speciem</em></span> <span class='ocrx_word' id='word_1_820' title='bbox 1808 1223 2106 1257; x_wconf 89' lang='lat' dir='ltr'><em>repraesentantem.</em></span> <span class='ocrx_word' id='word_1_821' title='bbox 2122 1235 2142 1239; x_wconf 98' lang='lat'><em>-</em></span> <span class='ocrx_word' id='word_1_822' title='bbox 2158 1217 2235 1248; x_wconf 91' lang='lat' dir='ltr'><em>Ruit</em></span> <span class='ocrx_word' id='word_1_823' title='bbox 2257 1218 2396 1248; x_wconf 84' lang='lat' dir='ltr'><em>secundo</em></span> <span class='ocrx_word' id='word_1_824' title='bbox 2419 1224 2506 1250; x_wconf 87' lang='lat' dir='ltr'><em>totus</em></span> 
     </span>
     <span class='ocr_line' id='line_1_101' title="bbox 1436 1261 2506 1303; baseline 0 -10"><span class='ocrx_word' id='word_1_825' title='bbox 1436 1272 1604 1303; x_wconf 90' lang='lat' dir='ltr'><em>processus</em></span> <span class='ocrx_word' id='word_1_826' title='bbox 1631 1262 1751 1293; x_wconf 89' lang='lat' dir='ltr'><em>litterae</em></span> <span class='ocrx_word' id='word_1_827' title='bbox 1784 1261 1865 1292; x_wconf 90' lang='lat' dir='ltr'><em>circa</em></span> <span class='ocrx_word' id='word_1_828' title='bbox 1897 1262 2035 1292; x_wconf 89' lang='lat' dir='ltr'><em>modum</em></span> <span class='ocrx_word' id='word_1_829' title='bbox 2067 1271 2133 1302; x_wconf 93' lang='lat' dir='ltr'><em>quo</em></span> <span class='ocrx_word' id='word_1_830' title='bbox 2162 1261 2224 1292; x_wconf 88' lang='lat' dir='ltr'><em>alia</em></span> <span class='ocrx_word' id='word_1_831' title='bbox 2251 1271 2270 1291; x_wconf 90' lang='lat' dir='ltr'><em>a</em></span> <span class='ocrx_word' id='word_1_832' title='bbox 2293 1261 2363 1292; x_wconf 87' lang='lat' dir='ltr'><em>Deo</em></span> <span class='ocrx_word' id='word_1_833' title='bbox 2388 1271 2506 1302; x_wconf 86' lang='lat' dir='ltr'><em>cogno-</em></span> 
     </span>
     <span class='ocr_line' id='line_1_102' title="bbox 1436 1305 2506 1347; baseline -0.002 -9"><span class='ocrx_word' id='word_1_834' title='bbox 1436 1313 1577 1338; x_wconf 90' lang='lat' dir='ltr'><em>scuntur.</em></span> <span class='ocrx_word' id='word_1_835' title='bbox 1601 1307 1686 1337; x_wconf 88' lang='lat' dir='ltr'><em>Nam</em></span> <span class='ocrx_word' id='word_1_836' title='bbox 1708 1306 1782 1336; x_wconf 91' lang='lat' dir='ltr'><em>hinc</em></span> <span class='ocrx_word' id='word_1_837' title='bbox 1801 1305 1915 1336; x_wconf 89' lang='lat' dir='ltr'><em>dicitur</em></span> <span class='ocrx_word' id='word_1_838' title='bbox 1929 1306 2028 1347; x_wconf 91' lang='lat' dir='ltr'><em>quod,</em></span> <span class='ocrx_word' id='word_1_839' title='bbox 2051 1305 2124 1337; x_wconf 91' lang='lat' dir='ltr'><em>licet</em></span> <span class='ocrx_word' id='word_1_840' title='bbox 2147 1305 2248 1337; x_wconf 87' lang='lat' dir='ltr'><em>valeat</em></span> <span class='ocrx_word' id='word_1_841' title='bbox 2271 1306 2506 1347; x_wconf 82' lang='lat' dir='ltr'><em>consequentia,</em></span> 
     </span>
     <span class='ocr_line' id='line_1_103' title="bbox 1435 1350 2506 1391; baseline -0.001 -8"><span class='ocrx_word' id='word_1_842' title='bbox 1435 1352 1464 1382; x_wconf 83' lang='lat' dir='ltr'><em>A</em></span> <span class='ocrx_word' id='word_1_843' title='bbox 1489 1351 1616 1383; x_wconf 77' lang='lat' dir='ltr'><em>videtur</em></span> <span class='ocrx_word' id='word_1_844' title='bbox 1632 1361 1697 1391; x_wconf 82' lang='lat' dir='ltr'><em>per</em></span> <span class='ocrx_word' id='word_1_845' title='bbox 1718 1351 1853 1391; x_wconf 69' lang='lat' dir='ltr'><em>speciem</em></span> <span class='ocrx_word' id='word_1_846' title='bbox 1878 1351 2085 1388; x_wconf 83' lang='lat' dir='ltr'><em>continentis,</em></span> <span class='ocrx_word' id='word_1_847' title='bbox 2110 1360 2191 1391; x_wconf 86' lang='lat' dir='ltr'><em>ergo</em></span> <span class='ocrx_word' id='word_1_848' title='bbox 2215 1350 2342 1382; x_wconf 81' lang='lat' dir='ltr'><em>videtur</em></span> <span class='ocrx_word' id='word_1_849' title='bbox 2364 1351 2396 1381; x_wconf 88' lang='lat' dir='ltr'><em>in</em></span> <span class='ocrx_word' id='word_1_850' title='bbox 2420 1351 2486 1382; x_wconf 88' lang='lat' dir='ltr'><em>alio</em></span> <span class='ocrx_word' id='word_1_851' title='bbox 2490 1360 2506 1389; x_wconf 89' lang='lat'><em>;</em></span> 
     </span>
     <span class='ocr_line' id='line_1_104' title="bbox 1437 1394 2508 1436; baseline -0.001 -10"><span class='ocrx_word' id='word_1_852' title='bbox 1437 1405 1504 1426; x_wconf 93' lang='lat' dir='ltr'><em>non</em></span> <span class='ocrx_word' id='word_1_853' title='bbox 1526 1402 1634 1426; x_wconf 89' lang='lat' dir='ltr'><em>tamen</em></span> <span class='ocrx_word' id='word_1_854' title='bbox 1657 1395 1749 1431; x_wconf 89' lang='lat' dir='ltr'><em>valet,</em></span> <span class='ocrx_word' id='word_1_855' title='bbox 1774 1404 1855 1436; x_wconf 80' lang='lat' dir='ltr'><em>ergo</em></span> <span class='ocrx_word' id='word_1_856' title='bbox 1877 1394 2007 1426; x_wconf 78' lang='lat' dir='ltr'><em>videtur</em></span> <span class='ocrx_word' id='word_1_857' title='bbox 2029 1400 2153 1426; x_wconf 83' lang='lat' dir='ltr'><em>tantum</em></span> <span class='ocrx_word' id='word_1_858' title='bbox 2174 1395 2206 1425; x_wconf 84' lang='lat' dir='ltr'><em>in</em></span> <span class='ocrx_word' id='word_1_859' title='bbox 2226 1395 2302 1433; x_wconf 86' lang='lat' dir='ltr'><em>alio,</em></span> <span class='ocrx_word' id='word_1_860' title='bbox 2327 1404 2394 1431; x_wconf 90' lang='lat' dir='ltr'><em>seu,</em></span> <span class='ocrx_word' id='word_1_861' title='bbox 2417 1395 2508 1436; x_wconf 89' lang='lat' dir='ltr'><em>quod</em></span> 
     </span>
     <span class='ocr_line' id='line_1_105' title="bbox 1436 1438 2506 1490; baseline -0.001 -20"><span class='ocrx_word' id='word_1_862' title='bbox 1436 1439 1522 1470; x_wconf 89' lang='lat' dir='ltr'><em>idern</em></span> <span class='ocrx_word' id='word_1_863' title='bbox 1545 1446 1610 1476; x_wconf 87' lang='lat' dir='ltr'><em>est,</em></span> <span class='ocrx_word' id='word_1_864' title='bbox 1644 1449 1724 1480; x_wconf 78' lang='lat' dir='ltr'><em>ergo</em></span> <span class='ocrx_word' id='word_1_865' title='bbox 1749 1449 1812 1469; x_wconf 85' lang='lat' dir='ltr'><em>non</em></span> <span class='ocrx_word' id='word_1_866' title='bbox 1841 1439 1968 1470; x_wconf 78' lang='lat' dir='ltr'><em>videtur</em></span> <span class='ocrx_word' id='word_1_867' title='bbox 1996 1440 2028 1470; x_wconf 84' lang='lat' dir='ltr'><em>in</em></span> <span class='ocrx_word' id='word_1_868' title='bbox 2052 1440 2178 1480; x_wconf 80' lang='lat' dir='ltr'><em>seipso:</em></span> <span class='ocrx_word' id='word_1_869' title='bbox 2211 1438 2287 1480; x_wconf 89' lang='lat' dir='ltr'><em>quia</em></span> <span class='ocrx_word' id='word_1_870' title='bbox 2309 1438 2363 1470; x_wconf 89' lang='lat' dir='ltr'><em>illa</em></span> <span class='ocrx_word' id='word_1_871' title='bbox 2386 1438 2506 1490; x_wconf 83' lang='lat' dir='ltr'><em>species</em></span> 
     </span>
     <span class='ocr_line' id='line_1_106' title="bbox 1437 1483 2507 1524; baseline -0.001 -9"><span class='ocrx_word' id='word_1_872' title='bbox 1437 1483 1628 1515; x_wconf 91' lang='lat' dir='ltr'><em>continentis</em></span> <span class='ocrx_word' id='word_1_873' title='bbox 1651 1489 1757 1524; x_wconf 89' lang='lat' dir='ltr'><em>potest</em></span> <span class='ocrx_word' id='word_1_874' title='bbox 1776 1483 1816 1513; x_wconf 92' lang='lat' dir='ltr'><em>ad</em></span> <span class='ocrx_word' id='word_1_875' title='bbox 1835 1489 2024 1514; x_wconf 91' lang='lat' dir='ltr'><em>contentum</em></span> <span class='ocrx_word' id='word_1_876' title='bbox 2046 1483 2214 1524; x_wconf 89' lang='lat' dir='ltr'><em>dupliciter</em></span> <span class='ocrx_word' id='word_1_877' title='bbox 2236 1483 2424 1524; x_wconf 90' lang='lat' dir='ltr'><em>comparari,</em></span> <span class='ocrx_word' id='word_1_878' title='bbox 2448 1483 2507 1514; x_wconf 87' lang='lat' dir='ltr'><em>im-</em></span> 
     </span>
     <span class='ocr_line' id='line_1_107' title="bbox 1437 1527 2508 1568; baseline -0.001 -9"><span class='ocrx_word' id='word_1_879' title='bbox 1437 1528 1573 1559; x_wconf 89' lang='lat' dir='ltr'><em>mediate</em></span> <span class='ocrx_word' id='word_1_880' title='bbox 1589 1527 1706 1559; x_wconf 85' lang='grc'>80111081</span> <span class='ocrx_word' id='word_1_881' title='bbox 1720 1534 1751 1558; x_wconf 88' lang='grc'><em>81</em></span> <span class='ocrx_word' id='word_1_882' title='bbox 1765 1527 1911 1564; x_wconf 88' lang='lat' dir='ltr'><em>mediate,</em></span> <span class='ocrx_word' id='word_1_883' title='bbox 1928 1534 1986 1559; x_wconf 90' lang='lat' dir='ltr'><em>etc.</em></span> <span class='ocrx_word' id='word_1_884' title='bbox 2011 1527 2053 1558; x_wconf 94' lang='lat' dir='ltr'><em>Et</em></span> <span class='ocrx_word' id='word_1_885' title='bbox 2067 1534 2174 1558; x_wconf 90' lang='lat' dir='ltr'><em>tamen</em></span> <span class='ocrx_word' id='word_1_886' title='bbox 2190 1527 2224 1558; x_wconf 92' lang='lat' dir='ltr'><em>in</em></span> <span class='ocrx_word' id='word_1_887' title='bbox 2238 1527 2341 1559; x_wconf 87' lang='lat' dir='ltr'><em>littera</em></span> <span class='ocrx_word' id='word_1_888' title='bbox 2363 1537 2508 1568; x_wconf 85' lang='lat' dir='ltr'><em>expresse</em></span> 
     </span>
     <span class='ocr_line' id='line_1_108' title="bbox 1437 1571 2509 1614; baseline -0.001 -10"><span class='ocrx_word' id='word_1_889' title='bbox 1437 1579 1612 1614; x_wconf 89' lang='lat' dir='ltr'><em>utrumque</em></span> <span class='ocrx_word' id='word_1_890' title='bbox 1626 1571 1768 1603; x_wconf 91' lang='lat' dir='ltr'><em>infertur.</em></span> <span class='ocrx_word' id='word_1_891' title='bbox 1781 1589 1800 1595; x_wconf 94' lang='lat'>-</span> <span class='ocrx_word' id='word_1_892' title='bbox 1811 1571 1922 1603; x_wconf 87' lang='lat' dir='ltr'><em>Oritur</em></span> <span class='ocrx_word' id='word_1_893' title='bbox 1937 1573 2032 1603; x_wconf 86' lang='lat' dir='ltr'><em>tertio</em></span> <span class='ocrx_word' id='word_1_894' title='bbox 2048 1572 2122 1603; x_wconf 92' lang='lat' dir='ltr'><em>hinc</em></span> <span class='ocrx_word' id='word_1_895' title='bbox 2138 1571 2260 1602; x_wconf 86' lang='lat' dir='ltr'><em>diversa</em></span> <span class='ocrx_word' id='word_1_896' title='bbox 2275 1571 2356 1603; x_wconf 87' lang='lat' dir='ltr'><em>circa</em></span> <span class='ocrx_word' id='word_1_897' title='bbox 2370 1572 2509 1603; x_wconf 89' lang='lat' dir='ltr'><em>modum</em></span> 
     </span>
     <span class='ocr_line' id='line_1_109' title="bbox 1437 1616 2508 1658; baseline -0.001 -10"><span class='ocrx_word' id='word_1_898' title='bbox 1437 1617 1561 1648; x_wconf 83' lang='lat' dir='ltr'><em>divinae</em></span> <span class='ocrx_word' id='word_1_899' title='bbox 1585 1616 1777 1657; x_wconf 87' lang='lat' dir='ltr'><em>cognitionis</em></span> <span class='ocrx_word' id='word_1_900' title='bbox 1801 1616 1924 1657; x_wconf 87' lang='lat' dir='ltr'><em>opinio.</em></span> <span class='ocrx_word' id='word_1_901' title='bbox 1954 1616 2039 1647; x_wconf 88' lang='lat' dir='ltr'><em>Nam</em></span> <span class='ocrx_word' id='word_1_902' title='bbox 2062 1616 2231 1657; x_wconf 88' lang='lat' dir='ltr'><em>opinantes</em></span> <span class='ocrx_word' id='word_1_903' title='bbox 2261 1616 2351 1658; x_wconf 91' lang='lat' dir='ltr'><em>quod</em></span> <span class='ocrx_word' id='word_1_904' title='bbox 2374 1616 2508 1648; x_wconf 88' lang='lat' dir='ltr'><em>essentia</em></span> 
     </span>
     <span class='ocr_line' id='line_1_110' title="bbox 1437 1660 2506 1703; baseline -0.001 -11"><span class='ocrx_word' id='word_1_905' title='bbox 1437 1661 1554 1699; x_wconf 89' lang='lat' dir='ltr'><em>divina,</em></span> <span class='ocrx_word' id='word_1_906' title='bbox 1579 1671 1661 1703; x_wconf 88' lang='lat' dir='ltr'><em>quae</em></span> <span class='ocrx_word' id='word_1_907' title='bbox 1685 1661 1754 1691; x_wconf 92' lang='lat' dir='ltr'><em>sola</em></span> <span class='ocrx_word' id='word_1_908' title='bbox 1776 1667 1823 1692; x_wconf 90' lang='lat' dir='ltr'><em>est</em></span> <span class='ocrx_word' id='word_1_909' title='bbox 1846 1660 1875 1691; x_wconf 88' lang='lat' dir='ltr'><em>ei</em></span> <span class='ocrx_word' id='word_1_910' title='bbox 1898 1660 1978 1692; x_wconf 89' lang='lat' dir='ltr'><em>ratio</em></span> <span class='ocrx_word' id='word_1_911' title='bbox 2001 1660 2208 1701; x_wconf 87' lang='lat' dir='ltr'><em>intelligendi,</em></span> <span class='ocrx_word' id='word_1_912' title='bbox 2233 1670 2289 1692; x_wconf 91' lang='lat' dir='ltr'><em>seu</em></span> <span class='ocrx_word' id='word_1_913' title='bbox 2313 1660 2434 1701; x_wconf 88' lang='lat' dir='ltr'><em>species</em></span> <span class='ocrx_word' id='word_1_914' title='bbox 2456 1661 2506 1692; x_wconf 84' lang='lat' dir='ltr'><em>in-</em></span> 
     </span>
     <span class='ocr_line' id='line_1_111' title="bbox 1437 1705 2509 1747; baseline 0 -10"><span class='ocrx_word' id='word_1_915' title='bbox 1437 1706 1617 1747; x_wconf 85' lang='lat' dir='ltr'><em>telligibilis,</em></span> <span class='ocrx_word' id='word_1_916' title='bbox 1632 1705 1759 1746; x_wconf 88' lang='lat' dir='ltr'><em>respicit</em></span> <span class='ocrx_word' id='word_1_917' title='bbox 1781 1705 1841 1736; x_wconf 87' lang='lat' dir='ltr'><em>alia</em></span> <span class='ocrx_word' id='word_1_918' title='bbox 1865 1715 1883 1735; x_wconf 92' lang='grc'><em>8</em></span> <span class='ocrx_word' id='word_1_919' title='bbox 1903 1705 1974 1736; x_wconf 91' lang='lat' dir='ltr'><em>Deo</em></span> <span class='ocrx_word' id='word_1_920' title='bbox 1999 1705 2176 1746; x_wconf 87' lang='lat' dir='ltr'><em>dupliciter,</em></span> <span class='ocrx_word' id='word_1_921' title='bbox 2193 1705 2376 1736; x_wconf 86' lang='lat' dir='ltr'><em>immediate</em></span> <span class='ocrx_word' id='word_1_922' title='bbox 2391 1705 2509 1737; x_wconf 86' lang='lat' dir='ltr'><em>scilicet</em></span> 
     </span>
     <span class='ocr_line' id='line_1_112' title="bbox 1437 1749 2510 1791; baseline -0.002 -9"><span class='ocrx_word' id='word_1_923' title='bbox 1437 1757 1468 1782; x_wconf 89' lang='lat' dir='ltr'><em>et</em></span> <span class='ocrx_word' id='word_1_924' title='bbox 1491 1750 1642 1787; x_wconf 89' lang='lat' dir='ltr'><em>mediate,</em></span> <span class='ocrx_word' id='word_1_925' title='bbox 1665 1750 1845 1781; x_wconf 89' lang='lat' dir='ltr'><em>concedunt</em></span> <span class='ocrx_word' id='word_1_926' title='bbox 1868 1756 2099 1791; x_wconf 89' lang='lat' dir='ltr'><em>consequenter</em></span> <span class='ocrx_word' id='word_1_927' title='bbox 2121 1750 2211 1791; x_wconf 94' lang='lat' dir='ltr'><em>quod</em></span> <span class='ocrx_word' id='word_1_928' title='bbox 2234 1750 2321 1780; x_wconf 91' lang='lat' dir='ltr'><em>Deus</em></span> <span class='ocrx_word' id='word_1_929' title='bbox 2344 1749 2510 1790; x_wconf 84' lang='lat' dir='ltr'><em>cognoscit</em></span> 
     </span>
     <span class='ocr_line' id='line_1_113' title="bbox 1437 1793 2508 1835; baseline -0.002 -9"><span class='ocrx_word' id='word_1_930' title='bbox 1437 1795 1497 1826; x_wconf 88' lang='lat' dir='ltr'><em>alia</em></span> <span class='ocrx_word' id='word_1_931' title='bbox 1519 1805 1539 1826; x_wconf 90' lang='lat' dir='ltr'><em>a</em></span> <span class='ocrx_word' id='word_1_932' title='bbox 1561 1805 1595 1826; x_wconf 88' lang='lat' dir='ltr'><em>se</em></span> <span class='ocrx_word' id='word_1_933' title='bbox 1623 1794 1808 1835; x_wconf 91' lang='lat' dir='ltr'><em>dupliciter,</em></span> <span class='ocrx_word' id='word_1_934' title='bbox 1834 1794 1952 1825; x_wconf 90' lang='lat' dir='ltr'><em>scilicet</em></span> <span class='ocrx_word' id='word_1_935' title='bbox 1973 1794 2007 1824; x_wconf 92' lang='lat' dir='ltr'><em>in</em></span> <span class='ocrx_word' id='word_1_936' title='bbox 2029 1794 2135 1835; x_wconf 90' lang='lat' dir='ltr'><em>seipso</em></span> <span class='ocrx_word' id='word_1_937' title='bbox 2163 1800 2195 1825; x_wconf 92' lang='lat' dir='ltr'><em>et</em></span> <span class='ocrx_word' id='word_1_938' title='bbox 2216 1793 2250 1824; x_wconf 91' lang='lat' dir='ltr'><em>in</em></span> <span class='ocrx_word' id='word_1_939' title='bbox 2273 1793 2383 1834; x_wconf 90' lang='lat' dir='ltr'><em>seipsis</em></span> <span class='ocrx_word' id='word_1_940' title='bbox 2414 1794 2508 1825; x_wconf 79' lang='lat' dir='ltr'><em>rebus</em></span> 
     </span>
     <span class='ocr_line' id='line_1_114' title="bbox 1437 1837 2509 1880; baseline -0.001 -10"><span class='ocrx_word' id='word_1_941' title='bbox 1437 1839 1581 1880; x_wconf 89' lang='lat' dir='ltr'><em>cognitis,</em></span> <span class='ocrx_word' id='word_1_942' title='bbox 1598 1849 1654 1880; x_wconf 90' lang='lat' dir='ltr'><em>per</em></span> <span class='ocrx_word' id='word_1_943' title='bbox 1670 1849 1769 1869; x_wconf 88' lang='lat' dir='ltr'><em>unam</em></span> <span class='ocrx_word' id='word_1_944' title='bbox 1784 1845 1910 1869; x_wconf 87' lang='lat' dir='ltr'><em>tantum</em></span> <span class='ocrx_word' id='word_1_945' title='bbox 1925 1838 2083 1869; x_wconf 85' lang='lat' dir='ltr'><em>rationem</em></span> <span class='ocrx_word' id='word_1_946' title='bbox 2099 1837 2321 1878; x_wconf 87' lang='lat' dir='ltr'><em>cognoscendi,</em></span> <span class='ocrx_word' id='word_1_947' title='bbox 2339 1838 2509 1870; x_wconf 85' lang='lat' dir='ltr'><em>essentiam</em></span> 
     </span>
     <span class='ocr_line' id='line_1_115' title="bbox 1436 1882 2508 1924; baseline -0.002 -9"><span class='ocrx_word' id='word_1_948' title='bbox 1436 1884 1555 1915; x_wconf 87' lang='lat' dir='ltr'><em>scilicet</em></span> <span class='ocrx_word' id='word_1_949' title='bbox 1578 1883 1718 1914; x_wconf 87' lang='lat' dir='ltr'><em>divinam</em></span> <span class='ocrx_word' id='word_1_950' title='bbox 1747 1883 1861 1914; x_wconf 84' lang='lat' dir='ltr'><em>solam.</em></span> <span class='ocrx_word' id='word_1_951' title='bbox 1893 1882 2070 1924; x_wconf 85' lang='lat' dir='ltr'><em>Opinantes</em></span> <span class='ocrx_word' id='word_1_952' title='bbox 2092 1892 2168 1914; x_wconf 86' lang='lat' dir='ltr'><em>vero</em></span> <span class='ocrx_word' id='word_1_953' title='bbox 2192 1882 2283 1924; x_wconf 91' lang='lat' dir='ltr'><em>quod</em></span> <span class='ocrx_word' id='word_1_954' title='bbox 2305 1882 2440 1914; x_wconf 88' lang='lat' dir='ltr'><em>essentia</em></span> <span class='ocrx_word' id='word_1_955' title='bbox 2461 1882 2508 1913; x_wconf 93' lang='lat' dir='ltr'><em>di-</em></span> 
     </span>
     <span class='ocr_line' id='line_1_116' title="bbox 1435 1926 2509 1968; baseline -0.001 -9"><span class='ocrx_word' id='word_1_956' title='bbox 1435 1928 1519 1965; x_wconf 88' lang='lat' dir='ltr'><em>vina,</em></span> <span class='ocrx_word' id='word_1_957' title='bbox 1535 1934 1572 1960; x_wconf 88' lang='lat' dir='ltr'><em>ut</em></span> <span class='ocrx_word' id='word_1_958' title='bbox 1590 1927 1671 1959; x_wconf 89' lang='lat' dir='ltr'><em>ratio</em></span> <span class='ocrx_word' id='word_1_959' title='bbox 1695 1926 1920 1967; x_wconf 86' lang='lat' dir='ltr'><em>cognoscendi,</em></span> <span class='ocrx_word' id='word_1_960' title='bbox 1939 1937 2007 1958; x_wconf 89' lang='lat' dir='ltr'><em>non</em></span> <span class='ocrx_word' id='word_1_961' title='bbox 2023 1933 2128 1968; x_wconf 88' lang='lat' dir='ltr'><em>potest</em></span> <span class='ocrx_word' id='word_1_962' title='bbox 2151 1933 2382 1968; x_wconf 83' lang='lat' dir='ltr'><em>repraesentare</em></span> <span class='ocrx_word' id='word_1_963' title='bbox 2401 1926 2509 1968; x_wconf 87' lang='lat' dir='ltr'><em>cogni·</em></span> 
     </span>
     <span class='ocr_line' id='line_1_117' title="bbox 1435 1971 2508 2014; baseline -0.003 -9"><span class='ocrx_word' id='word_1_964' title='bbox 1435 1980 1508 2005; x_wconf 83' lang='lat' dir='ltr'><em>tum</em></span> <span class='ocrx_word' id='word_1_965' title='bbox 1531 1972 1662 2014; x_wconf 88' lang='lat' dir='ltr'><em>aliquod</em></span> <span class='ocrx_word' id='word_1_966' title='bbox 1685 1971 1868 2002; x_wconf 87' lang='lat' dir='ltr'><em>immediate</em></span> <span class='ocrx_word' id='word_1_967' title='bbox 1896 1971 1957 2002; x_wconf 91' lang='lat' dir='ltr'><em>nisi</em></span> <span class='ocrx_word' id='word_1_968' title='bbox 1981 1971 2143 2003; x_wconf 90' lang='lat' dir='ltr'><em>obiectum</em></span> <span class='ocrx_word' id='word_1_969' title='bbox 2166 1971 2402 2013; x_wconf 83' lang='lat' dir='ltr'><em>adaequatum,</em></span> <span class='ocrx_word' id='word_1_970' title='bbox 2432 1981 2508 2002; x_wconf 84' lang='lat' dir='ltr'><em>con-</em></span> 
     </span>
     <span class='ocr_line' id='line_1_118' title="bbox 1436 2015 2507 2059; baseline -0.001 -11"><span class='ocrx_word' id='word_1_971' title='bbox 1436 2024 1603 2059; x_wconf 88' lang='lat' dir='ltr'><em>sequenter</em></span> <span class='ocrx_word' id='word_1_972' title='bbox 1618 2017 1729 2048; x_wconf 92' lang='lat' dir='ltr'><em>dicunt</em></span> <span class='ocrx_word' id='word_1_973' title='bbox 1743 2017 1851 2048; x_wconf 89' lang='lat' dir='ltr'><em>Deum</em></span> <span class='ocrx_word' id='word_1_974' title='bbox 1874 2015 2017 2056; x_wconf 87' lang='lat' dir='ltr'><em>seipsum</em></span> <span class='ocrx_word' id='word_1_975' title='bbox 2032 2022 2158 2047; x_wconf 86' lang='lat' dir='ltr'><em>tanturn</em></span> <span class='ocrx_word' id='word_1_976' title='bbox 2173 2015 2206 2046; x_wconf 89' lang='lat' dir='ltr'><em>in</em></span> <span class='ocrx_word' id='word_1_977' title='bbox 2222 2015 2338 2056; x_wconf 83' lang='lat' dir='ltr'><em>seipso,</em></span> <span class='ocrx_word' id='word_1_978' title='bbox 2355 2015 2417 2047; x_wconf 86' lang='lat' dir='ltr'><em>alia</em></span> <span class='ocrx_word' id='word_1_979' title='bbox 2431 2025 2507 2047; x_wconf 83' lang='lat' dir='ltr'><em>vero</em></span> 
     </span>
     <span class='ocr_line' id='line_1_119' title="bbox 1435 2060 2103 2101; baseline 0 -9"><span class='ocrx_word' id='word_1_980' title='bbox 1435 2062 1468 2092; x_wconf 91' lang='lat' dir='ltr'><em>in</em></span> <span class='ocrx_word' id='word_1_981' title='bbox 1491 2072 1524 2093; x_wconf 90' lang='lat' dir='ltr'><em>se</em></span> <span class='ocrx_word' id='word_1_982' title='bbox 1547 2062 1628 2098; x_wconf 90' lang='lat' dir='ltr'><em>Deo,</em></span> <span class='ocrx_word' id='word_1_983' title='bbox 1653 2068 1684 2092; x_wconf 90' lang='lat' dir='ltr'><em>et</em></span> <span class='ocrx_word' id='word_1_984' title='bbox 1707 2070 1774 2092; x_wconf 92' lang='lat' dir='ltr'><em>non</em></span> <span class='ocrx_word' id='word_1_985' title='bbox 1796 2060 1830 2091; x_wconf 90' lang='lat' dir='ltr'><em>in</em></span> <span class='ocrx_word' id='word_1_986' title='bbox 1853 2060 1965 2101; x_wconf 88' lang='lat' dir='ltr'><em>seipsis</em></span> <span class='ocrx_word' id='word_1_987' title='bbox 1986 2060 2103 2092; x_wconf 87' lang='lat' dir='ltr'><em>videre.</em></span> 
     </span>
    </p>

    <p class='ocr_par' dir='ltr' id='par_1_15' title="bbox 1433 2104 2507 2990">
     <span class='ocr_line' id='line_1_120' title="bbox 1493 2104 2506 2146; baseline -0.002 -8"><span class='ocrx_word' id='word_1_988' title='bbox 1493 2107 1532 2138; x_wconf 85' lang='lat' dir='ltr'><em>X.</em></span> <span class='ocrx_word' id='word_1_989' title='bbox 1557 2106 1649 2137; x_wconf 89' lang='lat' dir='ltr'><em>Circa</em></span> <span class='ocrx_word' id='word_1_990' title='bbox 1672 2105 1913 2137; x_wconf 87' lang='lat' dir='ltr'><em>conclusionem</em></span> <span class='ocrx_word' id='word_1_991' title='bbox 1936 2115 2077 2146; x_wconf 90' lang='lat' dir='ltr'><em>quoque,</em></span> <span class='ocrx_word' id='word_1_992' title='bbox 2102 2111 2133 2136; x_wconf 90' lang='lat' dir='ltr'><em>et</em></span> <span class='ocrx_word' id='word_1_993' title='bbox 2156 2104 2374 2136; x_wconf 85' lang='lat' dir='ltr'><em>definitionem</em></span> <span class='ocrx_word' id='word_1_994' title='bbox 2389 2105 2450 2136; x_wconf 75' lang='lat' dir='ltr'><em>visi</em></span> <span class='ocrx_word' id='word_1_995' title='bbox 2473 2105 2506 2136; x_wconf 82' lang='lat' dir='ltr'><em>in</em></span> 
     </span>
     <span class='ocr_line' id='line_1_121' title="bbox 1435 2148 2506 2188; baseline -0.002 -6"><span class='ocrx_word' id='word_1_996' title='bbox 1435 2151 1500 2182; x_wconf 81' lang='lat' dir='ltr'><em>alio</em></span> <span class='ocrx_word' id='word_1_997' title='bbox 1512 2148 1537 2187; x_wconf 84' lang='grc'><em>*,</em></span> <span class='ocrx_word' id='word_1_998' title='bbox 1559 2150 1695 2182; x_wconf 92' lang='lat' dir='ltr'><em>occurrit</em></span> <span class='ocrx_word' id='word_1_999' title='bbox 1710 2149 1845 2181; x_wconf 90' lang='lat' dir='ltr'><em>dubium</em></span> <span class='ocrx_word' id='word_1_1000' title='bbox 1862 2159 1899 2180; x_wconf 86' lang='lat' dir='ltr'><em>ex</em></span> <span class='ocrx_word' id='word_1_1001' title='bbox 1914 2149 2023 2188; x_wconf 92' lang='lat' dir='ltr'><em>Scoto,</em></span> <span class='ocrx_word' id='word_1_1002' title='bbox 2038 2149 2071 2180; x_wconf 90' lang='lat' dir='ltr'><em>in</em></span> <span class='ocrx_word' id='word_1_1003' title='bbox 2087 2159 2167 2180; x_wconf 86' lang='lat' dir='ltr'><em>xxxv</em></span> <span class='ocrx_word' id='word_1_1004' title='bbox 2184 2149 2383 2181; x_wconf 85' lang='lat' dir='ltr'><em>distinctione</em></span> <span class='ocrx_word' id='word_1_1005' title='bbox 2397 2149 2506 2188; x_wconf 85' lang='lat' dir='ltr'><em>Primi,</em></span> 
     </span>
     <span class='ocr_line' id='line_1_122' title="bbox 1435 2193 2507 2235; baseline 0 -10"><span class='ocrx_word' id='word_1_1006' title='bbox 1435 2201 1560 2226; x_wconf 91' lang='lat' dir='ltr'><em>tenente</em></span> <span class='ocrx_word' id='word_1_1007' title='bbox 1576 2195 1666 2235; x_wconf 93' lang='lat' dir='ltr'><em>quod</em></span> <span class='ocrx_word' id='word_1_1008' title='bbox 1681 2195 1769 2225; x_wconf 89' lang='lat' dir='ltr'><em>Deus</em></span> <span class='ocrx_word' id='word_1_1009' title='bbox 1785 2203 1841 2234; x_wconf 90' lang='lat' dir='ltr'><em>per</em></span> <span class='ocrx_word' id='word_1_1010' title='bbox 1860 2193 2028 2225; x_wconf 89' lang='lat' dir='ltr'><em>essentiam</em></span> <span class='ocrx_word' id='word_1_1011' title='bbox 2051 2203 2143 2224; x_wconf 83' lang='grc'>8118111</span> <span class='ocrx_word' id='word_1_1012' title='bbox 2161 2200 2199 2225; x_wconf 85' lang='grc'><em>111</em></span> <span class='ocrx_word' id='word_1_1013' title='bbox 2216 2193 2373 2225; x_wconf 89' lang='lat' dir='ltr'><em>rationem</em></span> <span class='ocrx_word' id='word_1_1014' title='bbox 2388 2203 2507 2235; x_wconf 86' lang='lat' dir='ltr'><em>cogno-</em></span> 
     </span>
     <span class='ocr_line' id='line_1_123' title="bbox 1435 2237 2505 2278; baseline 0.001 -9"><span class='ocrx_word' id='word_1_1015' title='bbox 1435 2239 1552 2275; x_wconf 89' lang='lat' dir='ltr'><em>scendi,</em></span> <span class='ocrx_word' id='word_1_1016' title='bbox 1570 2238 1734 2278; x_wconf 84' lang='lat' dir='ltr'><em>cognoscit</em></span> <span class='ocrx_word' id='word_1_1017' title='bbox 1752 2237 1813 2269; x_wconf 87' lang='lat' dir='ltr'><em>alia</em></span> <span class='ocrx_word' id='word_1_1018' title='bbox 1832 2247 1850 2268; x_wconf 90' lang='lat' dir='ltr'><em>a</em></span> <span class='ocrx_word' id='word_1_1019' title='bbox 1866 2247 1898 2268; x_wconf 89' lang='lat' dir='ltr'><em>se</em></span> <span class='ocrx_word' id='word_1_1020' title='bbox 1921 2237 1955 2268; x_wconf 93' lang='lat' dir='ltr'><em>in</em></span> <span class='ocrx_word' id='word_1_1021' title='bbox 1979 2237 2098 2278; x_wconf 90' lang='lat' dir='ltr'><em>seipsis,</em></span> <span class='ocrx_word' id='word_1_1022' title='bbox 2123 2238 2157 2268; x_wconf 92' lang='lat' dir='ltr'><em>in</em></span> <span class='ocrx_word' id='word_1_1023' title='bbox 2181 2247 2248 2269; x_wconf 89' lang='lat' dir='ltr'><em>esse</em></span> <span class='ocrx_word' id='word_1_1024' title='bbox 2271 2238 2429 2269; x_wconf 88' lang='lat' dir='ltr'><em>obiectivo</em></span> <span class='ocrx_word' id='word_1_1025' title='bbox 2449 2248 2505 2270; x_wconf 83' lang='lat' dir='ltr'><em>seu</em></span> 
     </span>
     <span class='ocr_line' id='line_1_124' title="bbox 1435 2281 2507 2323; baseline 0 -9"><span class='ocrx_word' id='word_1_1026' title='bbox 1435 2283 1565 2323; x_wconf 87' lang='lat' dir='ltr'><em>cognito</em></span> <span class='ocrx_word' id='word_1_1027' title='bbox 1581 2282 1692 2323; x_wconf 90' lang='lat' dir='ltr'><em>positis</em></span> <span class='ocrx_word' id='word_1_1028' title='bbox 1715 2292 1772 2323; x_wconf 90' lang='lat' dir='ltr'><em>per</em></span> <span class='ocrx_word' id='word_1_1029' title='bbox 1794 2288 1902 2312; x_wconf 89' lang='lat' dir='ltr'><em>actum</em></span> <span class='ocrx_word' id='word_1_1030' title='bbox 1920 2281 2117 2322; x_wconf 90' lang='lat' dir='ltr'><em>intelligendi</em></span> <span class='ocrx_word' id='word_1_1031' title='bbox 2131 2281 2229 2312; x_wconf 87' lang='lat' dir='ltr'><em>divini</em></span> <span class='ocrx_word' id='word_1_1032' title='bbox 2248 2281 2435 2314; x_wconf 83' lang='lat' dir='ltr'><em>intellectus.</em></span> <span class='ocrx_word' id='word_1_1033' title='bbox 2459 2282 2507 2314; x_wconf 87' lang='lat' dir='ltr'><em>Ex</em></span> 
     </span>
     <span class='ocr_line' id='line_1_125' title="bbox 1435 2325 2504 2368; baseline 0 -10"><span class='ocrx_word' id='word_1_1034' title='bbox 1435 2327 1526 2358; x_wconf 92' lang='lat' dir='ltr'><em>cuius</em></span> <span class='ocrx_word' id='word_1_1035' title='bbox 1545 2327 1704 2368; x_wconf 89' lang='lat' dir='ltr'><em>positione</em></span> <span class='ocrx_word' id='word_1_1036' title='bbox 1728 2332 1834 2367; x_wconf 87' lang='lat' dir='ltr'><em>potest</em></span> <span class='ocrx_word' id='word_1_1037' title='bbox 1857 2332 1966 2357; x_wconf 89' lang='lat' dir='ltr'><em>contra</em></span> <span class='ocrx_word' id='word_1_1038' title='bbox 1990 2326 2148 2366; x_wconf 91' lang='lat' dir='ltr'><em>praedicta</em></span> <span class='ocrx_word' id='word_1_1039' title='bbox 2171 2325 2241 2357; x_wconf 85' lang='lat' dir='ltr'><em>talis</em></span> <span class='ocrx_word' id='word_1_1040' title='bbox 2259 2325 2390 2357; x_wconf 86' lang='lat' dir='ltr'><em>formari</em></span> <span class='ocrx_word' id='word_1_1041' title='bbox 2414 2327 2504 2358; x_wconf 84' lang='lat' dir='ltr'><em>ratio.</em></span> 
     </span>
     <span class='ocr_line' id='line_1_126' title="bbox 1442 2371 2505 2411; baseline 0 -9"><span class='ocrx_word' id='word_1_1042' title='bbox 1442 2372 1547 2403; x_wconf 84' lang='lat' dir='ltr'><em>Visum</em></span> <span class='ocrx_word' id='word_1_1043' title='bbox 1572 2373 1604 2402; x_wconf 85' lang='lat' dir='ltr'><em>in</em></span> <span class='ocrx_word' id='word_1_1044' title='bbox 1629 2372 1695 2402; x_wconf 87' lang='lat' dir='ltr'><em>alio</em></span> <span class='ocrx_word' id='word_1_1045' title='bbox 1718 2378 1749 2402; x_wconf 92' lang='lat' dir='ltr'><em>et</em></span> <span class='ocrx_word' id='word_1_1046' title='bbox 1768 2371 1870 2403; x_wconf 74' lang='lat' dir='ltr'><em>visum</em></span> <span class='ocrx_word' id='word_1_1047' title='bbox 1888 2380 1953 2410; x_wconf 78' lang='lat' dir='ltr'><em>per</em></span> <span class='ocrx_word' id='word_1_1048' title='bbox 1973 2371 2109 2411; x_wconf 78' lang='lat' dir='ltr'><em>speciem</em></span> <span class='ocrx_word' id='word_1_1049' title='bbox 2126 2371 2317 2402; x_wconf 82' lang='lat' dir='ltr'><em>continentis</em></span> <span class='ocrx_word' id='word_1_1050' title='bbox 2339 2380 2408 2401; x_wconf 91' lang='lat' dir='ltr'><em>non</em></span> <span class='ocrx_word' id='word_1_1051' title='bbox 2431 2381 2505 2402; x_wconf 91' lang='lat' dir='ltr'><em>con-</em></span> 
     </span>
     <span class='ocr_line' id='line_1_127' title="bbox 1434 2414 2506 2456; baseline 0 -10"><span class='ocrx_word' id='word_1_1052' title='bbox 1434 2423 1613 2447; x_wconf 88' lang='lat' dir='ltr'><em>vertuntur:</em></span> <span class='ocrx_word' id='word_1_1053' title='bbox 1630 2415 1727 2456; x_wconf 89' lang='lat' dir='ltr'><em>igitur</em></span> <span class='ocrx_word' id='word_1_1054' title='bbox 1741 2415 1819 2446; x_wconf 90' lang='lat' dir='ltr'><em>haec</em></span> <span class='ocrx_word' id='word_1_1055' title='bbox 1831 2424 1898 2445; x_wconf 92' lang='lat' dir='ltr'><em>non</em></span> <span class='ocrx_word' id='word_1_1056' title='bbox 1913 2421 1959 2445; x_wconf 92' lang='lat' dir='ltr'><em>est</em></span> <span class='ocrx_word' id='word_1_1057' title='bbox 1974 2414 2117 2446; x_wconf 91' lang='lat' dir='ltr'><em>definitio</em></span> <span class='ocrx_word' id='word_1_1058' title='bbox 2131 2414 2226 2446; x_wconf 85' lang='lat' dir='ltr'><em>illius.</em></span> <span class='ocrx_word' id='word_1_1059' title='bbox 2237 2432 2257 2437; x_wconf 99' lang='lat'>-</span> <span class='ocrx_word' id='word_1_1060' title='bbox 2268 2414 2506 2456; x_wconf 89' lang='lat' dir='ltr'><em>Consequentia</em></span> 
     </span>
     <span class='ocr_line' id='line_1_128' title="bbox 1435 2458 2504 2501; baseline 0 -10"><span class='ocrx_word' id='word_1_1061' title='bbox 1435 2467 1530 2501; x_wconf 87' lang='lat' dir='ltr'><em>patet.</em></span> <span class='ocrx_word' id='word_1_1062' title='bbox 1547 2460 1588 2491; x_wconf 88' lang='lat' dir='ltr'><em>Et</em></span> <span class='ocrx_word' id='word_1_1063' title='bbox 1604 2460 1790 2492; x_wconf 88' lang='lat' dir='ltr'><em>antecedens</em></span> <span class='ocrx_word' id='word_1_1064' title='bbox 1806 2459 1967 2500; x_wconf 87' lang='lat' dir='ltr'><em>probatur.</em></span> <span class='ocrx_word' id='word_1_1065' title='bbox 1989 2459 2085 2499; x_wconf 89' lang='lat' dir='ltr'><em>Lapis</em></span> <span class='ocrx_word' id='word_1_1066' title='bbox 2100 2458 2225 2490; x_wconf 89' lang='lat' dir='ltr'><em>videtur</em></span> <span class='ocrx_word' id='word_1_1067' title='bbox 2243 2469 2261 2489; x_wconf 89' lang='lat' dir='ltr'><em>a</em></span> <span class='ocrx_word' id='word_1_1068' title='bbox 2275 2459 2346 2490; x_wconf 93' lang='lat' dir='ltr'><em>Deo</em></span> <span class='ocrx_word' id='word_1_1069' title='bbox 2362 2469 2419 2500; x_wconf 90' lang='lat' dir='ltr'><em>per</em></span> <span class='ocrx_word' id='word_1_1070' title='bbox 2434 2469 2504 2501; x_wconf 87' lang='lat' dir='ltr'><em>spe-</em></span> 
     </span>
     <span class='ocr_line' id='line_1_129' title="bbox 1435 2503 2504 2545; baseline -0.001 -9"><span class='ocrx_word' id='word_1_1071' title='bbox 1435 2505 1516 2536; x_wconf 89' lang='lat' dir='ltr'><em>ciem</em></span> <span class='ocrx_word' id='word_1_1072' title='bbox 1532 2504 1732 2540; x_wconf 88' lang='lat' dir='ltr'><em>continentis,</em></span> <span class='ocrx_word' id='word_1_1073' title='bbox 1752 2503 1828 2545; x_wconf 90' lang='lat' dir='ltr'><em>quia</em></span> <span class='ocrx_word' id='word_1_1074' title='bbox 1851 2513 1908 2544; x_wconf 90' lang='lat' dir='ltr'><em>per</em></span> <span class='ocrx_word' id='word_1_1075' title='bbox 1930 2503 2098 2534; x_wconf 86' lang='lat' dir='ltr'><em>essentiam</em></span> <span class='ocrx_word' id='word_1_1076' title='bbox 2121 2503 2190 2540; x_wconf 90' lang='lat' dir='ltr'><em>Dei,</em></span> <span class='ocrx_word' id='word_1_1077' title='bbox 2207 2513 2290 2544; x_wconf 89' lang='lat' dir='ltr'><em>quae</em></span> <span class='ocrx_word' id='word_1_1078' title='bbox 2314 2510 2361 2534; x_wconf 87' lang='lat' dir='ltr'><em>est</em></span> <span class='ocrx_word' id='word_1_1079' title='bbox 2383 2503 2504 2545; x_wconf 81' lang='lat' dir='ltr'><em>species</em></span> 
     </span>
     <span class='ocr_line' id='line_1_130' title="bbox 1435 2547 2502 2588; baseline -0.002 -8"><span class='ocrx_word' id='word_1_1080' title='bbox 1435 2549 1485 2580; x_wconf 91' lang='lat' dir='ltr'><em>sui</em></span> <span class='ocrx_word' id='word_1_1081' title='bbox 1499 2556 1531 2581; x_wconf 92' lang='lat' dir='ltr'><em>et</em></span> <span class='ocrx_word' id='word_1_1082' title='bbox 1546 2549 1684 2580; x_wconf 87' lang='lat' dir='ltr'><em>aliorum</em></span> <span class='ocrx_word' id='word_1_1083' title='bbox 1708 2548 1895 2579; x_wconf 86' lang='lat' dir='ltr'><em>eminenter:</em></span> <span class='ocrx_word' id='word_1_1084' title='bbox 1921 2554 1952 2579; x_wconf 91' lang='lat' dir='ltr'><em>et</em></span> <span class='ocrx_word' id='word_1_1085' title='bbox 1974 2555 2081 2578; x_wconf 89' lang='lat' dir='ltr'><em>tamen</em></span> <span class='ocrx_word' id='word_1_1086' title='bbox 2099 2547 2224 2578; x_wconf 85' lang='lat' dir='ltr'><em>videtur</em></span> <span class='ocrx_word' id='word_1_1087' title='bbox 2239 2547 2273 2578; x_wconf 89' lang='lat' dir='ltr'><em>in</em></span> <span class='ocrx_word' id='word_1_1088' title='bbox 2289 2547 2394 2588; x_wconf 88' lang='lat' dir='ltr'><em>seipso</em></span> <span class='ocrx_word' id='word_1_1089' title='bbox 2413 2548 2502 2579; x_wconf 91' lang='lat' dir='ltr'><em>obie-</em></span> 
     </span>
     <span class='ocr_line' id='line_1_131' title="bbox 1435 2591 2507 2634; baseline 0 -10"><span class='ocrx_word' id='word_1_1090' title='bbox 1435 2593 1532 2625; x_wconf 88' lang='lat' dir='ltr'><em>ctive:</em></span> <span class='ocrx_word' id='word_1_1091' title='bbox 1556 2603 1642 2634; x_wconf 88' lang='lat' dir='ltr'><em>ergo.</em></span> <span class='ocrx_word' id='word_1_1092' title='bbox 1674 2593 1830 2624; x_wconf 87' lang='lat' dir='ltr'><em>Probatur</em></span> <span class='ocrx_word' id='word_1_1093' title='bbox 1852 2592 1930 2623; x_wconf 91' lang='lat' dir='ltr'><em>haec</em></span> <span class='ocrx_word' id='word_1_1094' title='bbox 1954 2592 2092 2624; x_wconf 88' lang='lat' dir='ltr'><em>secunda</em></span> <span class='ocrx_word' id='word_1_1095' title='bbox 2121 2602 2194 2632; x_wconf 86' lang='lat' dir='ltr'><em>pars</em></span> <span class='ocrx_word' id='word_1_1096' title='bbox 2222 2591 2387 2633; x_wconf 85' lang='lat' dir='ltr'><em>assumpti.</em></span> <span class='ocrx_word' id='word_1_1097' title='bbox 2412 2592 2507 2624; x_wconf 84' lang='lat' dir='ltr'><em>Intel-</em></span> 
     </span>
     <span class='ocr_line' id='line_1_132' title="bbox 1433 2635 2504 2678; baseline -0.002 -9"><span class='ocrx_word' id='word_1_1098' title='bbox 1433 2638 1534 2670; x_wconf 88' lang='lat' dir='ltr'><em>lectus</em></span> <span class='ocrx_word' id='word_1_1099' title='bbox 1548 2637 1684 2674; x_wconf 88' lang='lat' dir='ltr'><em>divinus,</em></span> <span class='ocrx_word' id='word_1_1100' title='bbox 1700 2643 1844 2669; x_wconf 85' lang='lat' dir='ltr'><em>actuatus</em></span> <span class='ocrx_word' id='word_1_1101' title='bbox 1860 2637 2106 2678; x_wconf 89' lang='lat' dir='ltr'><em>quodammodo</em></span> <span class='ocrx_word' id='word_1_1102' title='bbox 2122 2635 2256 2667; x_wconf 82' lang='lat' dir='ltr'><em>essentia</em></span> <span class='ocrx_word' id='word_1_1103' title='bbox 2274 2646 2332 2668; x_wconf 90' lang='lat' dir='ltr'><em>sua</em></span> <span class='ocrx_word' id='word_1_1104' title='bbox 2347 2643 2384 2668; x_wconf 90' lang='lat' dir='ltr'><em>ut</em></span> <span class='ocrx_word' id='word_1_1105' title='bbox 2399 2636 2504 2677; x_wconf 86' lang='lat' dir='ltr'><em>specie</em></span> 
     </span>
     <span class='ocr_line' id='line_1_133' title="bbox 1434 2680 2506 2723; baseline -0.003 -9"><span class='ocrx_word' id='word_1_1106' title='bbox 1434 2682 1633 2723; x_wconf 81' lang='lat' dir='ltr'><em>intelligibili,</em></span> <span class='ocrx_word' id='word_1_1107' title='bbox 1659 2688 1705 2713; x_wconf 89' lang='lat' dir='ltr'><em>est</em></span> <span class='ocrx_word' id='word_1_1108' title='bbox 1727 2681 1761 2712; x_wconf 89' lang='lat' dir='ltr'><em>in</em></span> <span class='ocrx_word' id='word_1_1109' title='bbox 1784 2688 1856 2712; x_wconf 89' lang='lat' dir='ltr'><em>actu</em></span> <span class='ocrx_word' id='word_1_1110' title='bbox 1880 2681 1985 2722; x_wconf 89' lang='lat' dir='ltr'><em>primo</em></span> <span class='ocrx_word' id='word_1_1111' title='bbox 2009 2680 2176 2712; x_wconf 87' lang='lat' dir='ltr'><em>sufficienti</em></span> <span class='ocrx_word' id='word_1_1112' title='bbox 2199 2680 2239 2711; x_wconf 88' lang='lat' dir='ltr'><em>ad</em></span> <span class='ocrx_word' id='word_1_1113' title='bbox 2258 2681 2506 2722; x_wconf 85' lang='lat' dir='ltr'><em>producendum</em></span> 
     </span>
     <span class='ocr_line' id='line_1_134' title="bbox 1433 2724 2505 2767; baseline -0.002 -9"><span class='ocrx_word' id='word_1_1114' title='bbox 1433 2727 1467 2758; x_wconf 94' lang='lat' dir='ltr'><em>in</em></span> <span class='ocrx_word' id='word_1_1115' title='bbox 1483 2737 1550 2758; x_wconf 90' lang='lat' dir='ltr'><em>esse</em></span> <span class='ocrx_word' id='word_1_1116' title='bbox 1565 2726 1753 2767; x_wconf 84' lang='lat' dir='ltr'><em>intelligibili</em></span> <span class='ocrx_word' id='word_1_1117' title='bbox 1768 2725 1998 2767; x_wconf 88' lang='lat' dir='ltr'><em>quodcumque</em></span> <span class='ocrx_word' id='word_1_1118' title='bbox 2014 2724 2226 2766; x_wconf 86' lang='lat' dir='ltr'><em>intelligibile:</em></span> <span class='ocrx_word' id='word_1_1119' title='bbox 2243 2735 2328 2766; x_wconf 86' lang='lat' dir='ltr'><em>ergo,</em></span> <span class='ocrx_word' id='word_1_1120' title='bbox 2344 2725 2505 2757; x_wconf 86' lang='lat' dir='ltr'><em>intellecto</em></span> 
     </span>
     <span class='ocr_line' id='line_1_135' title="bbox 1433 2769 2501 2821; baseline -0.002 -19"><span class='ocrx_word' id='word_1_1121' title='bbox 1433 2781 1477 2809; x_wconf 91' lang='lat' dir='ltr'><em>se,</em></span> <span class='ocrx_word' id='word_1_1122' title='bbox 1494 2771 1698 2811; x_wconf 88' lang='lat' dir='ltr'><em>intelligendo</em></span> <span class='ocrx_word' id='word_1_1123' title='bbox 1721 2770 1871 2811; x_wconf 89' lang='lat' dir='ltr'><em>lapidem,</em></span> <span class='ocrx_word' id='word_1_1124' title='bbox 1892 2769 2041 2811; x_wconf 89' lang='lat' dir='ltr'><em>producit</em></span> <span class='ocrx_word' id='word_1_1125' title='bbox 2062 2769 2203 2821; x_wconf 88' lang='lat' dir='ltr'><em>lapidem</em></span> <span class='ocrx_word' id='word_1_1126' title='bbox 2217 2769 2250 2800; x_wconf 91' lang='lat' dir='ltr'><em>in</em></span> <span class='ocrx_word' id='word_1_1127' title='bbox 2270 2779 2337 2801; x_wconf 92' lang='lat' dir='ltr'><em>esse</em></span> <span class='ocrx_word' id='word_1_1128' title='bbox 2361 2769 2501 2811; x_wconf 82' lang='lat' dir='ltr'><em>cognito,</em></span> 
     </span>
     <span class='ocr_line' id='line_1_136' title="bbox 1434 2814 2505 2857; baseline -0.003 -10"><span class='ocrx_word' id='word_1_1129' title='bbox 1434 2826 1470 2847; x_wconf 86' lang='lat' dir='ltr'><em>ac</em></span> <span class='ocrx_word' id='word_1_1130' title='bbox 1493 2825 1550 2857; x_wconf 88' lang='lat' dir='ltr'><em>per</em></span> <span class='ocrx_word' id='word_1_1131' title='bbox 1571 2815 1634 2846; x_wconf 90' lang='lat' dir='ltr'><em>hoc</em></span> <span class='ocrx_word' id='word_1_1132' title='bbox 1656 2814 1802 2855; x_wconf 90' lang='lat' dir='ltr'><em>intelligit</em></span> <span class='ocrx_word' id='word_1_1133' title='bbox 1825 2814 1964 2855; x_wconf 87' lang='lat' dir='ltr'><em>lapidem</em></span> <span class='ocrx_word' id='word_1_1134' title='bbox 1987 2814 2021 2845; x_wconf 94' lang='lat' dir='ltr'><em>in</em></span> <span class='ocrx_word' id='word_1_1135' title='bbox 2044 2814 2160 2855; x_wconf 85' lang='lat' dir='ltr'><em>seipso.</em></span> <span class='ocrx_word' id='word_1_1136' title='bbox 2177 2831 2198 2837; x_wconf 91' lang='lat'><em>-—</em></span> <span class='ocrx_word' id='word_1_1137' title='bbox 2212 2815 2410 2854; x_wconf 81' lang='lat' dir='ltr'><em>Argumenta</em></span> <span class='ocrx_word' id='word_1_1138' title='bbox 2427 2823 2505 2845; x_wconf 84' lang='lat' dir='ltr'><em>vero</em></span> 
     </span>
     <span class='ocr_line' id='line_1_137' title="bbox 1434 2858 2502 2902; baseline -0.003 -10"><span class='ocrx_word' id='word_1_1139' title='bbox 1434 2860 1538 2897; x_wconf 88' lang='lat' dir='ltr'><em>Scoti‚</em></span> <span class='ocrx_word' id='word_1_1140' title='bbox 1562 2869 1645 2902; x_wconf 87' lang='lat' dir='ltr'><em>quae</em></span> <span class='ocrx_word' id='word_1_1141' title='bbox 1667 2859 1701 2890; x_wconf 92' lang='lat' dir='ltr'><em>in</em></span> <span class='ocrx_word' id='word_1_1142' title='bbox 1724 2859 1835 2890; x_wconf 83' lang='lat' dir='ltr'><em>eadem</em></span> <span class='ocrx_word' id='word_1_1143' title='bbox 1859 2858 2044 2900; x_wconf 85' lang='lat' dir='ltr'><em>quaestione</em></span> <span class='ocrx_word' id='word_1_1144' title='bbox 2067 2858 2158 2895; x_wconf 85' lang='lat' dir='ltr'><em>facit,</em></span> <span class='ocrx_word' id='word_1_1145' title='bbox 2181 2858 2222 2889; x_wconf 87' lang='lat' dir='ltr'><em>ad</em></span> <span class='ocrx_word' id='word_1_1146' title='bbox 2245 2865 2432 2899; x_wconf 86' lang='lat' dir='ltr'><em>sequentem</em></span> <span class='ocrx_word' id='word_1_1147' title='bbox 2455 2867 2502 2889; x_wconf 85' lang='grc'>81·-</span> 
     </span>
     <span class='ocr_line' id='line_1_138' title="bbox 1433 2901 2504 2945; baseline -0.002 -9"><span class='ocrx_word' id='word_1_1148' title='bbox 1433 2904 1570 2936; x_wconf 90' lang='lat' dir='ltr'><em>ticulum</em></span> <span class='ocrx_word' id='word_1_1149' title='bbox 1592 2903 1693 2944; x_wconf 87' lang='lat' dir='ltr'><em>magis</em></span> <span class='ocrx_word' id='word_1_1150' title='bbox 1717 2910 1879 2945; x_wconf 87' lang='lat' dir='ltr'><em>spectant,</em></span> <span class='ocrx_word' id='word_1_1151' title='bbox 1907 2903 1962 2934; x_wconf 88' lang='lat' dir='ltr'><em>ubi</em></span> <span class='ocrx_word' id='word_1_1152' title='bbox 1985 2904 2025 2934; x_wconf 91' lang='lat' dir='ltr'><em>de</em></span> <span class='ocrx_word' id='word_1_1153' title='bbox 2050 2902 2232 2944; x_wconf 87' lang='lat' dir='ltr'><em>cognitione</em></span> <span class='ocrx_word' id='word_1_1154' title='bbox 2255 2902 2402 2934; x_wconf 74' lang='lat' dir='ltr'><em>distincta</em></span> <span class='ocrx_word' id='word_1_1155' title='bbox 2426 2901 2504 2934; x_wconf 80' lang='lat' dir='ltr'><em>alio·</em></span> 
     </span>
     <span class='ocr_line' id='line_1_139' title="bbox 1433 2955 1651 2990; baseline 0 -10"><span class='ocrx_word' id='word_1_1156' title='bbox 1433 2959 1507 2980; x_wconf 89' lang='lat' dir='ltr'><em>rum</em></span> <span class='ocrx_word' id='word_1_1157' title='bbox 1530 2955 1651 2990; x_wconf 86' lang='lat' dir='ltr'><em>agetur.</em></span> 
     </span>
    </p>

    <p class='ocr_par' dir='ltr' id='par_1_16' title="bbox 1430 2990 2506 3653">
     <span class='ocr_line' id='line_1_140' title="bbox 1486 2990 2504 3028; baseline -0.003 -4"><span class='ocrx_word' id='word_1_1158' title='bbox 1486 2994 1540 3025; x_wconf 89' lang='lat' dir='ltr'><em>XI.</em></span> <span class='ocrx_word' id='word_1_1159' title='bbox 1551 2993 1602 3024; x_wconf 86' lang='lat' dir='ltr'><em>Ad</em></span> <span class='ocrx_word' id='word_1_1160' title='bbox 1619 2992 1809 3024; x_wconf 88' lang='lat' dir='ltr'><em>evidentiam</em></span> <span class='ocrx_word' id='word_1_1161' title='bbox 1823 2991 1919 3023; x_wconf 88' lang='lat' dir='ltr'><em>huius</em></span> <span class='ocrx_word' id='word_1_1162' title='bbox 1936 2991 2137 3028; x_wconf 84' lang='lat' dir='ltr'><em>difficultatis,</em></span> <span class='ocrx_word' id='word_1_1163' title='bbox 2151 2991 2217 3022; x_wconf 92' lang='lat' dir='ltr'><em>duo</em></span> <span class='ocrx_word' id='word_1_1164' title='bbox 2233 2990 2374 3022; x_wconf 87' lang='lat' dir='ltr'><em>notanda</em></span> <span class='ocrx_word' id='word_1_1165' title='bbox 2387 2997 2472 3023; x_wconf 89' lang='lat' dir='ltr'><em>sunt.</em></span> <span class='ocrx_word' id='word_1_1166' title='bbox 2482 3008 2504 3015; x_wconf 72' lang='grc'><em>«-</em></span> 
     </span>
     <span class='ocr_line' id='line_1_141' title="bbox 1432 3034 2506 3079; baseline -0.001 -11"><span class='ocrx_word' id='word_1_1167' title='bbox 1432 3038 1541 3068; x_wconf 84' lang='lat' dir='ltr'><em>Primo</em></span> <span class='ocrx_word' id='word_1_1168' title='bbox 1564 3037 1664 3079; x_wconf 89' lang='lat' dir='ltr'><em>quod,</em></span> <span class='ocrx_word' id='word_1_1169' title='bbox 1680 3036 1779 3068; x_wconf 88' lang='lat' dir='ltr'><em>licet</em></span> <span class='ocrx_word' id='word_1_1170' title='bbox 1771 3047 1804 3067; x_wconf 87' lang='lat' dir='ltr'><em>m</em></span> <span class='ocrx_word' id='word_1_1171' title='bbox 1823 3036 1886 3068; x_wconf 88' lang='lat' dir='ltr'><em>hoc</em></span> <span class='ocrx_word' id='word_1_1172' title='bbox 1909 3047 2022 3068; x_wconf 86' lang='lat' dir='ltr'><em>omnes</em></span> <span class='ocrx_word' id='word_1_1173' title='bbox 2045 3035 2243 3072; x_wconf 83' lang='lat' dir='ltr'><em>conveniant,</em></span> <span class='ocrx_word' id='word_1_1174' title='bbox 2260 3035 2351 3076; x_wconf 89' lang='lat' dir='ltr'><em>quod</em></span> <span class='ocrx_word' id='word_1_1175' title='bbox 2370 3034 2506 3067; x_wconf 75' lang='lat' dir='ltr'><em>essentia</em></span> 
     </span>
     <span class='ocr_line' id='line_1_142' title="bbox 1433 3078 2503 3131; baseline -0.004 -18"><span class='ocrx_word' id='word_1_1176' title='bbox 1433 3082 1548 3119; x_wconf 90' lang='lat' dir='ltr'><em>divina,</em></span> <span class='ocrx_word' id='word_1_1177' title='bbox 1568 3082 1633 3112; x_wconf 87' lang='lat' dir='ltr'><em>sive</em></span> <span class='ocrx_word' id='word_1_1178' title='bbox 1656 3088 1693 3112; x_wconf 92' lang='lat' dir='ltr'><em>ut</em></span> <span class='ocrx_word' id='word_1_1179' title='bbox 1714 3081 1795 3112; x_wconf 89' lang='lat' dir='ltr'><em>ratio</em></span> <span class='ocrx_word' id='word_1_1180' title='bbox 1819 3080 2042 3122; x_wconf 88' lang='lat' dir='ltr'><em>cognoscendi,</em></span> <span class='ocrx_word' id='word_1_1181' title='bbox 2062 3079 2127 3111; x_wconf 83' lang='lat' dir='ltr'><em>sive</em></span> <span class='ocrx_word' id='word_1_1182' title='bbox 2150 3086 2186 3111; x_wconf 91' lang='lat' dir='ltr'><em>ut</em></span> <span class='ocrx_word' id='word_1_1183' title='bbox 2209 3078 2372 3110; x_wconf 88' lang='lat' dir='ltr'><em>obiectum</em></span> <span class='ocrx_word' id='word_1_1184' title='bbox 2395 3079 2503 3131; x_wconf 83' lang='lat' dir='ltr'><em>cogni-</em></span> 
     </span>
     <span class='ocr_line' id='line_1_143' title="bbox 1432 3122 2506 3169; baseline -0.001 -12"><span class='ocrx_word' id='word_1_1185' title='bbox 1432 3126 1528 3157; x_wconf 90' lang='lat' dir='ltr'><em>tionis</em></span> <span class='ocrx_word' id='word_1_1186' title='bbox 1551 3124 1740 3169; x_wconf 86' lang='lat' dir='ltr'><em>(utrumque</em></span> <span class='ocrx_word' id='word_1_1187' title='bbox 1764 3125 1850 3156; x_wconf 89' lang='lat' dir='ltr'><em>enim</em></span> <span class='ocrx_word' id='word_1_1188' title='bbox 1873 3125 1932 3156; x_wconf 89' lang='lat' dir='ltr'><em>sibi</em></span> <span class='ocrx_word' id='word_1_1189' title='bbox 1962 3122 2140 3166; x_wconf 88' lang='lat' dir='ltr'><em>convenit),</em></span> <span class='ocrx_word' id='word_1_1190' title='bbox 2165 3123 2340 3155; x_wconf 86' lang='lat' dir='ltr'><em>eminenter</em></span> <span class='ocrx_word' id='word_1_1191' title='bbox 2363 3123 2506 3156; x_wconf 87' lang='lat' dir='ltr'><em>continet</em></span> 
     </span>
     <span class='ocr_line' id='line_1_144' title="bbox 1432 3167 2504 3211; baseline -0.003 -10"><span class='ocrx_word' id='word_1_1192' title='bbox 1432 3170 1542 3201; x_wconf 89' lang='lat' dir='ltr'><em>omnia</em></span> <span class='ocrx_word' id='word_1_1193' title='bbox 1564 3169 1787 3211; x_wconf 85' lang='lat' dir='ltr'><em>intelligibilia;</em></span> <span class='ocrx_word' id='word_1_1194' title='bbox 1811 3170 1844 3200; x_wconf 93' lang='lat' dir='ltr'><em>in</em></span> <span class='ocrx_word' id='word_1_1195' title='bbox 1867 3169 1930 3201; x_wconf 91' lang='lat' dir='ltr'><em>hoc</em></span> <span class='ocrx_word' id='word_1_1196' title='bbox 1952 3176 2059 3201; x_wconf 88' lang='lat' dir='ltr'><em>tamen</em></span> <span class='ocrx_word' id='word_1_1197' title='bbox 2083 3174 2130 3199; x_wconf 88' lang='lat' dir='ltr'><em>est</em></span> <span class='ocrx_word' id='word_1_1198' title='bbox 2152 3167 2322 3205; x_wconf 86' lang='lat' dir='ltr'><em>dissensio,</em></span> <span class='ocrx_word' id='word_1_1199' title='bbox 2347 3167 2504 3209; x_wconf 86' lang='lat' dir='ltr'><em>quoniam</em></span> 
     </span>
     <span class='ocr_line' id='line_1_145' title="bbox 1431 3211 2504 3255; baseline -0.003 -9"><span class='ocrx_word' id='word_1_1200' title='bbox 1431 3215 1575 3246; x_wconf 88' lang='lat' dir='ltr'><em>rudiores</em></span> <span class='ocrx_word' id='word_1_1201' title='bbox 1598 3221 1712 3255; x_wconf 84' lang='lat' dir='ltr'><em>putant</em></span> <span class='ocrx_word' id='word_1_1202' title='bbox 1734 3214 1825 3255; x_wconf 90' lang='lat' dir='ltr'><em>quod</em></span> <span class='ocrx_word' id='word_1_1203' title='bbox 1851 3214 1886 3245; x_wconf 91' lang='lat' dir='ltr'><em>in</em></span> <span class='ocrx_word' id='word_1_1204' title='bbox 1913 3213 2047 3245; x_wconf 83' lang='lat' dir='ltr'><em>essentia</em></span> <span class='ocrx_word' id='word_1_1205' title='bbox 2069 3211 2176 3243; x_wconf 88' lang='lat' dir='ltr'><em>divina</em></span> <span class='ocrx_word' id='word_1_1206' title='bbox 2199 3212 2421 3244; x_wconf 86' lang='lat' dir='ltr'><em>contineantur</em></span> <span class='ocrx_word' id='word_1_1207' title='bbox 2443 3211 2504 3243; x_wconf 89' lang='grc'>8118</span> 
     </span>
     <span class='ocr_line' id='line_1_146' title="bbox 1432 3256 2504 3308; baseline -0.003 -18"><span class='ocrx_word' id='word_1_1208' title='bbox 1432 3269 1507 3290; x_wconf 86' lang='grc'>011111</span> <span class='ocrx_word' id='word_1_1209' title='bbox 1522 3259 1662 3301; x_wconf 88' lang='lat' dir='ltr'><em>quadam</em></span> <span class='ocrx_word' id='word_1_1210' title='bbox 1677 3258 1888 3295; x_wconf 90' lang='lat' dir='ltr'><em>distinctione,</em></span> <span class='ocrx_word' id='word_1_1211' title='bbox 1900 3264 1936 3290; x_wconf 92' lang='lat' dir='ltr'><em>ut</em></span> <span class='ocrx_word' id='word_1_1212' title='bbox 1950 3257 2090 3288; x_wconf 90' lang='lat' dir='ltr'><em>relucent</em></span> <span class='ocrx_word' id='word_1_1213' title='bbox 2105 3266 2153 3287; x_wconf 90' lang='lat' dir='ltr'><em>res</em></span> <span class='ocrx_word' id='word_1_1214' title='bbox 2170 3256 2203 3287; x_wconf 89' lang='lat' dir='ltr'><em>in</em></span> <span class='ocrx_word' id='word_1_1215' title='bbox 2218 3257 2364 3298; x_wconf 71' lang='lat' dir='ltr'><em>speculo:</em></span> <span class='ocrx_word' id='word_1_1216' title='bbox 2380 3256 2504 3308; x_wconf 78' lang='lat' dir='ltr'><em>sapien-</em></span> 
     </span>
     <span class='ocr_line' id='line_1_147' title="bbox 1431 3300 2503 3344; baseline -0.002 -10"><span class='ocrx_word' id='word_1_1217' title='bbox 1431 3309 1477 3334; x_wconf 91' lang='lat' dir='ltr'><em>tes</em></span> <span class='ocrx_word' id='word_1_1218' title='bbox 1500 3314 1576 3334; x_wconf 87' lang='lat' dir='ltr'><em>vero</em></span> <span class='ocrx_word' id='word_1_1219' title='bbox 1601 3303 1716 3335; x_wconf 89' lang='lat' dir='ltr'><em>docent</em></span> <span class='ocrx_word' id='word_1_1220' title='bbox 1735 3302 1851 3344; x_wconf 92' lang='lat' dir='ltr'><em>quod</em></span> <span class='ocrx_word' id='word_1_1221' title='bbox 1842 3313 1876 3334; x_wconf 91' lang='grc'><em>111</em></span> <span class='ocrx_word' id='word_1_1222' title='bbox 1891 3301 2025 3333; x_wconf 84' lang='lat' dir='ltr'><em>essentia</em></span> <span class='ocrx_word' id='word_1_1223' title='bbox 2049 3300 2155 3332; x_wconf 90' lang='lat' dir='ltr'><em>divina</em></span> <span class='ocrx_word' id='word_1_1224' title='bbox 2174 3301 2378 3332; x_wconf 87' lang='lat' dir='ltr'><em>continentur</em></span> <span class='ocrx_word' id='word_1_1225' title='bbox 2393 3300 2503 3332; x_wconf 80' lang='lat' dir='ltr'><em>omnia</em></span> 
     </span>
     <span class='ocr_line' id='line_1_148' title="bbox 1431 3344 2503 3384; baseline -0.002 -6"><span class='ocrx_word' id='word_1_1226' title='bbox 1431 3347 1610 3379; x_wconf 88' lang='lat' dir='ltr'><em>indistincte</em></span> <span class='ocrx_word' id='word_1_1227' title='bbox 1633 3354 1664 3379; x_wconf 93' lang='lat' dir='ltr'><em>et</em></span> <span class='ocrx_word' id='word_1_1228' title='bbox 1687 3347 1816 3384; x_wconf 88' lang='lat' dir='ltr'><em>elevate,</em></span> <span class='ocrx_word' id='word_1_1229' title='bbox 1841 3353 1876 3378; x_wconf 91' lang='lat' dir='ltr'><em>ut</em></span> <span class='ocrx_word' id='word_1_1230' title='bbox 1899 3345 2026 3377; x_wconf 75' lang='lat' dir='ltr'><em>effectus</em></span> <span class='ocrx_word' id='word_1_1231' title='bbox 2049 3345 2082 3376; x_wconf 90' lang='lat' dir='ltr'><em>in</em></span> <span class='ocrx_word' id='word_1_1232' title='bbox 2099 3345 2201 3376; x_wconf 88' lang='lat' dir='ltr'><em>causis</em></span> <span class='ocrx_word' id='word_1_1233' title='bbox 2217 3345 2439 3381; x_wconf 86' lang='lat' dir='ltr'><em>eminentibus,</em></span> <span class='ocrx_word' id='word_1_1234' title='bbox 2457 3344 2503 3376; x_wconf 85' lang='lat' dir='ltr'><em>sic</em></span> 
     </span>
     <span class='ocr_line' id='line_1_149' title="bbox 1431 3388 2502 3432; baseline -0.003 -9"><span class='ocrx_word' id='word_1_1235' title='bbox 1431 3398 1538 3423; x_wconf 88' lang='lat' dir='ltr'><em>tamen</em></span> <span class='ocrx_word' id='word_1_1236' title='bbox 1566 3391 1702 3432; x_wconf 88' lang='lat' dir='ltr'><em>perfecte</em></span> <span class='ocrx_word' id='word_1_1237' title='bbox 1725 3401 1762 3423; x_wconf 89' lang='lat' dir='ltr'><em>ac</em></span> <span class='ocrx_word' id='word_1_1238' title='bbox 1784 3391 1811 3422; x_wconf 91' lang='lat' dir='ltr'><em>si</em></span> <span class='ocrx_word' id='word_1_1239' title='bbox 1835 3390 1978 3422; x_wconf 81' lang='lat' dir='ltr'><em>distincte</em></span> <span class='ocrx_word' id='word_1_1240' title='bbox 2008 3389 2253 3422; x_wconf 84' lang='lat' dir='ltr'><em>continerentur.</em></span> <span class='ocrx_word' id='word_1_1241' title='bbox 2282 3390 2324 3421; x_wconf 89' lang='lat' dir='ltr'><em>Et</em></span> <span class='ocrx_word' id='word_1_1242' title='bbox 2346 3388 2502 3431; x_wconf 86' lang='lat' dir='ltr'><em>quoniam</em></span> 
     </span>
     <span class='ocr_line' id='line_1_150' title="bbox 1431 3436 2499 3477; baseline -0.004 -10"><span class='ocrx_word' id='word_1_1243' title='bbox 1431 3436 1492 3467; x_wconf 93' lang='lat' dir='ltr'><em>hoc</em></span> <span class='ocrx_word' id='word_1_1244' title='bbox 1521 3436 1735 3477; x_wconf 89' lang='lat' dir='ltr'><em>proculdubio</em></span> <span class='ocrx_word' id='word_1_1245' title='bbox 1758 3442 1805 3466; x_wconf 87' lang='lat' dir='ltr'><em>est</em></span> <span class='ocrx_word' id='word_1_1246' title='bbox 1828 3444 1956 3471; x_wconf 88' lang='lat' dir='ltr'><em>verum,</em></span> <span class='ocrx_word' id='word_1_1247' title='bbox 1982 3441 2017 3465; x_wconf 93' lang='lat' dir='ltr'><em>ut</em></span> <span class='ocrx_word' id='word_1_1248' title='bbox 2040 3441 2170 3465; x_wconf 85' lang='lat' dir='ltr'><em>naturae</em></span> <span class='ocrx_word' id='word_1_1249' title='bbox 2200 3443 2368 3466; x_wconf 82' lang='lat' dir='ltr'><em>causarum</em></span> <span class='ocrx_word' id='word_1_1250' title='bbox 2391 3439 2499 3464; x_wconf 89' lang='lat' dir='ltr'><em>osten-</em></span> 
     </span>
     <span class='ocr_line' id='line_1_151' title="bbox 1431 3476 2504 3520; baseline -0.003 -9"><span class='ocrx_word' id='word_1_1251' title='bbox 1431 3480 1526 3518; x_wconf 90' lang='lat' dir='ltr'><em>dunt,</em></span> <span class='ocrx_word' id='word_1_1252' title='bbox 1552 3490 1589 3511; x_wconf 88' lang='lat' dir='ltr'><em>ex</em></span> <span class='ocrx_word' id='word_1_1253' title='bbox 1611 3480 1674 3511; x_wconf 92' lang='lat' dir='ltr'><em>hoc</em></span> <span class='ocrx_word' id='word_1_1254' title='bbox 1697 3486 1803 3520; x_wconf 86' lang='lat' dir='ltr'><em>patere</em></span> <span class='ocrx_word' id='word_1_1255' title='bbox 1822 3485 1927 3520; x_wconf 87' lang='lat' dir='ltr'><em>potest</em></span> <span class='ocrx_word' id='word_1_1256' title='bbox 1943 3479 2032 3520; x_wconf 92' lang='lat' dir='ltr'><em>quod</em></span> <span class='ocrx_word' id='word_1_1257' title='bbox 2049 3478 2182 3510; x_wconf 88' lang='lat' dir='ltr'><em>essentia</em></span> <span class='ocrx_word' id='word_1_1258' title='bbox 2198 3478 2313 3515; x_wconf 85' lang='lat' dir='ltr'><em>divina,</em></span> <span class='ocrx_word' id='word_1_1259' title='bbox 2330 3484 2366 3509; x_wconf 91' lang='lat' dir='ltr'><em>ut</em></span> <span class='ocrx_word' id='word_1_1260' title='bbox 2381 3476 2504 3518; x_wconf 80' lang='lat' dir='ltr'><em>species</em></span> 
     </span>
     <span class='ocr_line' id='line_1_152' title="bbox 1430 3503 2500 3565; baseline -0.003 -10"><span class='ocrx_word' id='word_1_1261' title='bbox 1430 3503 1643 3565; x_wconf 85' lang='lat' dir='ltr'><em>intelligibilis,</em></span> <span class='ocrx_word' id='word_1_1262' title='bbox 1663 3533 1730 3554; x_wconf 93' lang='lat' dir='ltr'><em>non</em></span> <span class='ocrx_word' id='word_1_1263' title='bbox 1745 3529 1957 3564; x_wconf 82' lang='lat' dir='ltr'><em>repraesentat</em></span> <span class='ocrx_word' id='word_1_1264' title='bbox 1975 3523 2036 3554; x_wconf 83' lang='lat' dir='ltr'><em>alia</em></span> <span class='ocrx_word' id='word_1_1265' title='bbox 2058 3522 2251 3560; x_wconf 86' lang='lat' dir='ltr'><em>immediate,</em></span> <span class='ocrx_word' id='word_1_1266' title='bbox 2271 3522 2326 3554; x_wconf 85' lang='lat' dir='ltr'><em>sed</em></span> <span class='ocrx_word' id='word_1_1267' title='bbox 2340 3521 2500 3553; x_wconf 86' lang='lat' dir='ltr'><em>mediante</em></span> 
     </span>
     <span class='ocr_line' id='line_1_153' title="bbox 1430 3565 2502 3609; baseline -0.003 -10"><span class='ocrx_word' id='word_1_1268' title='bbox 1430 3568 1532 3609; x_wconf 89' lang='lat' dir='ltr'><em>seipsa</em></span> <span class='ocrx_word' id='word_1_1269' title='bbox 1554 3575 1591 3599; x_wconf 90' lang='lat' dir='ltr'><em>ut</em></span> <span class='ocrx_word' id='word_1_1270' title='bbox 1613 3567 1757 3599; x_wconf 88' lang='lat' dir='ltr'><em>obiecto:</em></span> <span class='ocrx_word' id='word_1_1271' title='bbox 1783 3567 1877 3598; x_wconf 84' lang='lat' dir='ltr'><em>habet</em></span> <span class='ocrx_word' id='word_1_1272' title='bbox 1900 3567 1985 3598; x_wconf 90' lang='lat' dir='ltr'><em>enim</em></span> <span class='ocrx_word' id='word_1_1273' title='bbox 2002 3577 2035 3598; x_wconf 90' lang='lat' dir='ltr'><em>se</em></span> <span class='ocrx_word' id='word_1_1274' title='bbox 2051 3567 2090 3598; x_wconf 89' lang='lat' dir='ltr'><em>ad</em></span> <span class='ocrx_word' id='word_1_1275' title='bbox 2106 3567 2176 3604; x_wconf 88' lang='lat' dir='ltr'><em>alia,</em></span> <span class='ocrx_word' id='word_1_1276' title='bbox 2193 3566 2274 3599; x_wconf 85' lang='lat' dir='ltr'><em>sicut</em></span> <span class='ocrx_word' id='word_1_1277' title='bbox 2290 3565 2409 3607; x_wconf 84' lang='lat' dir='ltr'><em>species</em></span> <span class='ocrx_word' id='word_1_1278' title='bbox 2425 3575 2502 3596; x_wconf 84' lang='lat' dir='ltr'><em>cau-</em></span> 
     </span>
     <span class='ocr_line' id='line_1_154' title="bbox 1430 3610 2446 3653; baseline -0.004 -9"><span class='ocrx_word' id='word_1_1279' title='bbox 1430 3622 1482 3644; x_wconf 84' lang='lat' dir='ltr'><em>sae</em></span> <span class='ocrx_word' id='word_1_1280' title='bbox 1505 3612 1545 3643; x_wconf 90' lang='lat' dir='ltr'><em>ad</em></span> <span class='ocrx_word' id='word_1_1281' title='bbox 1568 3611 1696 3644; x_wconf 84' lang='lat' dir='ltr'><em>effectus</em></span> <span class='ocrx_word' id='word_1_1282' title='bbox 1719 3612 1760 3642; x_wconf 91' lang='lat' dir='ltr'><em>ad</em></span> <span class='ocrx_word' id='word_1_1283' title='bbox 1782 3621 1865 3653; x_wconf 90' lang='lat' dir='ltr'><em>quos</em></span> <span class='ocrx_word' id='word_1_1284' title='bbox 1889 3621 1982 3643; x_wconf 88' lang='lat' dir='ltr'><em>causa</em></span> <span class='ocrx_word' id='word_1_1285' title='bbox 2005 3611 2059 3643; x_wconf 82' lang='lat' dir='ltr'><em>illa</em></span> <span class='ocrx_word' id='word_1_1286' title='bbox 2082 3621 2115 3643; x_wconf 90' lang='lat' dir='ltr'><em>se</em></span> <span class='ocrx_word' id='word_1_1287' title='bbox 2145 3618 2250 3653; x_wconf 88' lang='lat' dir='ltr'><em>potest</em></span> <span class='ocrx_word' id='word_1_1288' title='bbox 2272 3610 2446 3642; x_wconf 84' lang='lat' dir='ltr'><em>extendere.</em></span> 
     </span>
    </p>
   </div>
   <div class='ocr_carea' id='block_1_7' title="bbox 2533 1044 2747 1093">
    <p class='ocr_par' dir='ltr' id='par_1_17' title="bbox 2533 1044 2747 1093">
     <span class='ocr_line' id='line_1_155' title="bbox 2559 1044 2747 1068; baseline 0 -1"><span class='ocrx_word' id='word_1_1289' title='bbox 2559 1044 2596 1067; x_wconf 80' lang='lat' dir='ltr'><em>ef.</em></span> <span class='ocrx_word' id='word_1_1290' title='bbox 2605 1050 2671 1068; x_wconf 79' lang='lat' dir='ltr'><em>num.</em></span> <span class='ocrx_word' id='word_1_1291' title='bbox 2679 1049 2711 1067; x_wconf 81' lang='lat' dir='ltr'><em>vn</em></span> <span class='ocrx_word' id='word_1_1292' title='bbox 2723 1047 2747 1067; x_wconf 80' lang='lat' dir='ltr'><em>et</em></span> 
     </span>
     <span class='ocr_line' id='line_1_156' title="bbox 2533 1077 2583 1093; baseline 0 0"><span class='ocrx_word' id='word_1_1293' title='bbox 2533 1077 2583 1093; x_wconf 80' lang='lat' dir='ltr'><em>Vlu-</em></span> 
     </span>
    </p>
   </div>
   <div class='ocr_carea' id='block_1_8' title="bbox 2533 2156 2672 2180">
    <p class='ocr_par' dir='ltr' id='par_1_18' title="bbox 2533 2156 2672 2180">
     <span class='ocr_line' id='line_1_157' title="bbox 2533 2156 2672 2180; baseline 0 0"><span class='ocrx_word' id='word_1_1294' title='bbox 2533 2157 2544 2168; x_wconf 85' lang='lat'>&#39;</span> <span class='ocrx_word' id='word_1_1295' title='bbox 2559 2156 2596 2180; x_wconf 75' lang='lat' dir='ltr'><em>Cf.</em></span> <span class='ocrx_word' id='word_1_1296' title='bbox 2610 2156 2672 2180; x_wconf 80' lang='lat' dir='ltr'><em>ibid.</em></span> 
     </span>
    </p>
   </div>
  </div>
 </body>
</html>
