2768 4178
70 442 78 450 ·
91 441 133 462 Ps.⁴
146 446 217 465 Lxxv,
233 446 252 467 5.

71 489 81 499 ¹
98 489 164 510 Vers.
181 494 209 516 ¹5·

72 921 80 928 ·
99 919 157 947 Cap.
172 924 218 940 xvr.

75 1028 83 1035 ·
98 1025 165 1047 Vers.
180 1031 200 1053 3.

183 3131 197 3164 β

84 3246 92 3254 ·
109 3244 167 3270 Cap.
183 3248 215 3268 xi,
231 3248 254 3263 n.
270 3241 295 3266 ὃς

84 3277 136 3297 χιιι,
145 3276 209 3291 n.1.-
219 3268 296 3290 S.Th.

84 3298 138 3319 lect.
148 3302 215 3322 xvnl,
231 3301 278 3316 xxi.

185 3352 201 3377 Υ

319 250 367 296 98
1036 248 1305 295 QUAESTIO
1337 249 1390 298 X,

316 328 421 375 quod
442 328 478 364 in
499 333 694 364 aeternum
713 333 786 364 stat
804 326 828 364 ζ.
860 327 1064 374 Quaedam
1093 328 1208 364 etiam
1234 335 1389 365 aeterna

315 381 353 418 in
374 381 575 430 Scripturis
596 381 771 418 dicuntur
793 388 951 430 propter
971 380 1256 419 diuturnitatem
1279 381 1390 418 dura-

315 434 448 482 tionis,
478 434 563 471 licet
592 433 850 483 corruptibilia
879 434 969 472 sint:
1005 434 1101 471 sicut
1128 434 1167 471 in
1195 434 1348 470 Psalmo
1369 434 1389 456 ’¹‘

316 487 493 525 dicuntur
516 493 661 524 montes
679 487 825 526 aeterni
829 501 842 534 ;
863 495 899 525 et
917 489 1073 525 Denter.
1089 499 1199 524 xxxm
1214 486 1234 508 ’¹⁵
1250 486 1389 524 etiam*

315 540 466 578 dicitur:
491 541 536 578 de
558 541 685 589 pomis
713 541 866 578 collium
894 547 1150 578 aeternorum.
1181 540 1388 587 Quaedam

314 602 443 631 autern
464 594 628 643 amplius
651 594 878 643 participant
907 595 954 632 de
975 594 1120 631 ratione
1146 593 1387 641 aeternitatis,

313 647 542 695 inquantum
559 648 704 684 habent
722 647 1160 685 intransmutabilitatem
1175 647 1238 684 vel
1253 659 1388 684 secun-

314 701 407 738 dum
446 713 549 748 esse,
579 701 642 738 vel
674 701 831 738 ulterius
860 700 1075 738 secundum
1104 699 1387 749 operationem,

313 754 410 791 sicut
443 754 565 803 angeli
595 762 631 791 et
659 754 776 802 beati,
812 754 876 804 qui
903 754 1033 791 Verbo
1070 753 1262 790 fruuntur:
1299 753 1388 802 quia

313 815 500 857 quantum
529 807 579 845 ad
612 807 715 845 illam
742 808 934 845 visionem
962 806 1096 853 Verbi,
1126 819 1205 850 non
1234 813 1322 843 sunt
1349 806 1388 843 in

314 861 453 898 sanctis
481 861 662 898 volubiles
687 862 950 911 cogitationes,
971 868 1012 897 ut
1032 859 1121 897 dicit
1139 859 1387 908 Augustinus,

314 915 387 952 XV
405 915 452 951 de
474 916 511 952 T
506 915 577 952 rin.
599 914 630 951 ³¹³.
661 915 775 952 Unde
796 922 833 951 et
850 914 1026 951 videntes
1051 914 1180 950 Deum
1211 913 1389 950 dicuntur

314 969 456 1005 habere
488 968 607 1005 vitam
636 975 854 1018 aeternam,
885 966 1099 1004 secundum
1127 966 1219 1003 illud
1253 967 1386 1003 Ioann.

315 1034 387 1059 xvu
406 1021 443 1058 *ε
469 1022 563 1058 haec
591 1027 645 1058 est
670 1021 747 1058 vita
772 1027 940 1066 aeterna,
971 1026 1011 1057 ut
1037 1025 1272 1071 cognoscant
1299 1026 1368 1056 etc.

370 1077 428 1112 An
458 1087 594 1112 PthJM
623 1086 722 1112 ERGO
751 1086 937 1111 DICENDUM
965 1073 1071 1123 quod
1096 1073 1272 1110 dicuntur
1291 1074 1389 1110 mul-

314 1136 373 1165 tae
399 1128 650 1175 aeternitates,
681 1127 896 1165 secundum
925 1127 1032 1175 quod
1059 1134 1148 1164 sunt
1166 1126 1275 1164 multi
1303 1139 1390 1175 par·

367 1242 393 1275 ζ)
408 1243 433 1268 in
449 1245 587 1267 aeternum
601 1245 664 1267 stat.
674 1255 694 1262 -
703 1241 875 1275 Prosequitur
890 1242 923 1266 P:
937 1246 964 1267 et
977 1242 1015 1267 sic
1029 1243 1177 1268 aeternitas
1190 1243 1294 1276 angelis
1308 1242 1388 1267 attri-

315 1279 359 1304 bui
374 1282 472 1310 potest.
491 1278 636 1303 secundum
657 1278 724 1302 illud
742 1278 859 1303 Psalmi:
877 1278 1032 1303 illuminans
1052 1281 1080 1303 tu
1101 1278 1262 1303 mirabiliter
1275 1285 1293 1303 a
1312 1285 1387 1303 mon-

315 1315 384 1340 tibus
404 1314 529 1339 aeternis.
550 1314 688 1344 Quaedam
708 1313 788 1338 etiam
809 1319 858 1339 etc.

1420 250 1719 287 ARTICULUS
1750 250 1802 287 IV

1443 328 1641 378 tieipantes
1676 329 1937 366 aeternitatem
1972 341 2017 365 ex
2055 328 2137 378 ipsa
2172 328 2244 366 Dei
2282 330 2519 379 contempla-

1443 389 1560 419 tione.

1496 437 1555 472 An
1584 447 1775 473 SECUNDUM
1804 447 1988 473 DICENDUM
2014 435 2121 484 quod
2149 434 2244 483 ignis
2272 435 2410 473 inferni
2429 436 2519 472 dici-

1442 495 1504 525 tur
1531 495 1708 527 aeternus
1745 496 1903 538 propter
1940 488 2327 526 interminabilitatem
2354 495 2517 526 tanturn.

1443 542 1512 578 Est
1539 549 1671 579 tamen
1698 541 1737 579 in
1764 542 1901 591 poenis
1921 555 2058 580 eorum
2082 542 2362 589 transmutatio,
2383 554 2519 580 secun-

1443 594 1538 641 dum
1566 595 1658 632 illud
1677 596 1748 632 Iob
1771 607 1857 632 xxtv
1879 595 1917 632 *:
1943 597 1995 633 ad
2017 596 2177 633 nimium
2201 595 2370 632 calorem
2396 601 2519 632 trans—

1442 647 1550 685 ibunt
1574 649 1623 685 ab
1652 649 1761 698 aquis
1789 649 1945 686 nivium.
1976 649 2089 687 Unde
2118 649 2157 686 in
2175 649 2325 686 inferno
2354 660 2434 686 non
2463 655 2520 685 est

1439 713 1533 738 vera
1566 701 1783 749 aeternitas,
1814 701 1882 739 sed
1911 702 2033 751 magis
2061 710 2230 752 tempus;
2266 702 2481 739 secundum
2505 699 2518 722 ⁰

1441 753 1534 791 illud
1553 754 1747 792 Psalmi*:
1777 755 1849 792 erit
1874 761 2019 805 tempus
2047 768 2179 793 eorum
2209 756 2247 793 in
2275 755 2439 793 saecula.

1494 809 1555 845 Αι)
1583 819 1745 845 TERTmM
1773 820 1958 846 meramnum
1988 809 2094 858 quod
2122 809 2376 846 necessarium
2406 808 2518 857 signi-

1441 860 1532 897 ficat
1565 860 1762 909 quendam
1791 862 1955 899 modum
1983 862 2165 900 veritatis.
2194 863 2341 899 Verum
2370 869 2517 909 autem,

1442 914 1658 951 secundum
1687 914 1981 964 Philosophum,
2002 916 2054 953 VI
2083 916 2303 965 Metaphys.
2323 915 2364 963 ²¹²,
2395 922 2452 952 est
2480 915 2518 952 in

1442 965 1646 1004 intellectu.
1684 967 1908 1005 Secundum
1937 969 2014 1005 hoc
2041 968 2154 1017 igitur
2180 981 2274 1006 vera
2302 977 2338 1006 et
2356 975 2364 989 ‘
2388 981 2520 1006 neces-

1443 1019 1542 1057 saria
1570 1027 1658 1057 sunt
1676 1028 1844 1068 aeterna,
1865 1021 1956 1070 quia
1974 1029 2062 1059 sunt
2080 1022 2119 1059 in
2138 1022 2329 1060 intellectu
2349 1030 2517 1069 aetern0,

1443 1073 1509 1122 qui
1538 1081 1594 1111 est
1629 1073 1841 1111 intellectus
1874 1074 2028 1112 divinus
2057 1075 2173 1113 solus.
2212 1075 2324 1114 Unde
2354 1088 2433 1113 non
2462 1088 2520 1113 se-

1444 1126 1572 1175 quitur
1592 1127 1700 1177 quod
1728 1127 1871 1176 aliquid
1902 1135 2006 1165 extra
2034 1129 2163 1166 Deum
2193 1129 2238 1166 sit
2266 1137 2478 1166 aeternum.

1497 1242 1524 1275 η)
1544 1243 1635 1268 etiam.
1654 1257 1673 1262 -
1692 1243 1754 1268 Om.
1767 1243 1813 1268 FG
1832 1249 1857 1268 et
1876 1244 1917 1268 ed.
1931 1251 1958 1269 α.

1497 1275 1522 1310 Θ)
1540 1279 1696 1304 secundum.
1713 1292 1733 1299 -
1752 1279 1823 1304 unde
1843 1279 1943 1304 ACDE.

1497 1314 1516 1347 ι)
1531 1318 1566 1339 et.
1578 1328 1598 1334 -
1611 1314 1673 1339 Om.
1688 1315 1827 1340 ABCDFG
1843 1320 1868 1340 et
1881 1315 1922 1339 ed.
1935 1322 1961 1340 a.
1975 1329 1994 1334 —
2006 1315 2056 1340 Pro
2070 1315 2141 1348 quia,
2157 1315 2230 1347 quod
2243 1315 2346 1346 ADFG,
2364 1322 2396 1340 eo
2408 1315 2482 1348 quod
2489 1315 2520 1340 B.

995 1402 1333 1435 Commentario.
1354 1403 1609 1436 Car-dinatus
1630 1402 1834 1436 Caietam

347 1503 367 1523 N
386 1492 491 1527 titulo,
503 1491 675 1531 proprium
690 1490 896 1529 distinguitur
912 1497 1021 1521 contra
1037 1499 1216 1521 commune.
1231 1508 1251 1513 -
1267 1491 1302 1521 In
1321 1500 1389 1521 cor-

320 1505 426 1577 Ipore
443 1537 524 1567 duae
541 1535 774 1566 conclusiones.
787 1535 898 1565 Prima
914 1541 976 1565 est:
994 1534 1172 1566 Aeternitas
1188 1545 1261 1566 vere
1276 1542 1308 1566 et
1319 1545 1391 1575 pro-

317 1581 384 1622 prie
408 1588 454 1612 est
477 1581 510 1611 in
534 1580 604 1611 solo
637 1580 717 1610 Deo.
741 1579 907 1610 Probatur.
933 1579 1029 1610 Solus
1061 1580 1149 1610 Deus
1178 1587 1225 1610 est
1255 1579 1390 1610 omnino

317 1625 539 1657 immutabilis:
561 1634 636 1664 ergo
652 1624 741 1655 solus
757 1624 844 1655 Deus
861 1631 907 1655 est
921 1633 994 1654 vere
1011 1630 1042 1655 et
1057 1624 1186 1665 proprie
1205 1631 1391 1656 aeternus.-

317 1672 421 1702 Tenet
432 1669 576 1711 sequela:
594 1668 670 1710 quia
685 1668 852 1700 aeternitas
865 1668 1160 1700 immutabilitatem
1175 1669 1390 1710 consequitur.

374 1715 523 1746 Secunda
547 1720 609 1744 est:
634 1713 811 1744 Aeternitas
834 1713 1051 1754 participative
1073 1713 1234 1745 invenitur
1255 1713 1288 1744 in
1312 1713 1391 1745 aliis.

317 1760 482 1790 Probatur.
504 1757 748 1789 immutabilitas
767 1757 974 1798 participatur
988 1757 1238 1799 quadrupliciter
1253 1759 1292 1788 ab
1309 1758 1392 1789 aliis:

317 1814 393 1844 ergo
408 1803 724 1835 aeternitas.—Tenet
738 1802 879 1844 sequela:
894 1802 969 1843 quia
985 1802 1179 1844 inquantum
1195 1802 1303 1844 aliqua
1318 1809 1393 1834 sunt

316 1848 540 1884 immutabilia,
564 1847 725 1878 intantum
742 1854 817 1879 sunt
835 1853 971 1878 aeterna.
993 1847 1194 1878 Antecedens
1216 1847 1393 1878 declaratur

316 1894 495 1924 secundum
518 1899 658 1934 quatuor
680 1892 797 1932 gradus
819 1891 1097 1923 immutabilitatis.
1123 1892 1249 1922 Primus
1273 1899 1321 1923 est
1345 1901 1392 1922 se-

317 1939 461 1969 cundum
495 1936 753 1968 diuturnitatem:
779 1943 811 1967 et
837 1936 871 1966 in
899 1936 962 1967 hoc
985 1943 1060 1967 sunt
1093 1936 1311 1977 corruptibilia
1337 1936 1393 1967 sed

314 1984 470 2023 longaeva
493 1982 600 2018 valde,
626 1988 662 2012 ut
685 1987 811 2012 montes
834 1988 866 2011 et
890 1981 998 2012 colles.
1019 1981 1186 2012 Secundus
1210 1988 1257 2012 est
1280 1990 1392 2012 secun-

315 2028 394 2058 dum
417 2027 662 2068 perpetuitatem
685 2026 864 2057 secundum
887 2032 1009 2057 totum:
1034 2033 1065 2056 et
1087 2025 1121 2056 in
1144 2025 1208 2056 hoc
1231 2031 1308 2056 sunt
1329 2025 1391 2056 ele·

315 2079 422 2103 menta
442 2071 660 2113 corruptibilia
685 2071 864 2102 secundum
881 2077 985 2111 partes
1008 2077 1039 2102 et
1062 2080 1129 2101 non
1149 2070 1329 2101 secundum
1343 2077 1392 2101 to-

1442 1497 1530 1522 tum:
1554 1491 1702 1532 quamvis
1726 1491 1758 1521 in
1782 1491 1884 1522 littera
1906 1499 2112 1532 praepostero
2127 1492 2240 1522 ordine
2263 1498 2473 1523 numerentur
2487 1490 2521 1522 hi

1443 1536 1570 1576 gradus.
1590 1535 1719 1566 Tertius
1742 1542 1790 1566 est
1813 1536 1992 1567 secundum
2019 1536 2352 1577 incorruptibilitatem
2376 1537 2522 1567 substan-

1442 1579 1552 1611 tialem
1574 1579 1774 1621 simpliciter:
1795 1587 1826 1612 et
1848 1580 1882 1611 in
1898 1581 1960 1612 hoc
1979 1587 2055 1612 sunt
2078 1581 2223 1612 caelestia
2239 1587 2271 1612 et
2285 1580 2401 1622 angeli.
2418 1580 2521 1618 Quar-

1442 1631 1495 1655 tus
1525 1631 1573 1655 est
1605 1625 1785 1656 secundum
1816 1625 2110 1656 immutabilitatem
2142 1625 2339 1666 operationis
2376 1625 2522 1656 eiusdem

1444 1679 1581 1700 numero
1605 1669 1755 1700 omnino:
1777 1676 1808 1700 et
1830 1669 1864 1700 in
1887 1670 1951 1701 hoc
1973 1676 2051 1701 sunt
2072 1669 2156 1701 beati
2179 1676 2216 1701 ut
2235 1669 2290 1700 sic.

1487 1714 1526 1745 11.
1544 1714 1579 1744 In
1595 1713 1806 1754 responsione
1822 1714 1863 1745 ad
1878 1714 2018 1751 tertium,
2034 1714 2060 1745 si
2077 1714 2190 1751 nescis,
2201 1713 2332 1750 novitie‚
2349 1713 2521 1755 quomodo

1442 1758 1638 1799 intelligatur
1660 1758 1751 1800 quod
1774 1758 1988 1790 necessarium
2011 1758 2168 1799 significat
2196 1759 2361 1800 quendam
2382 1757 2522 1789 veritatis

1444 1803 1592 1839 modum,
1618 1810 1783 1834 memento
1807 1803 1939 1834 secundi
1963 1803 2035 1834 libri
2058 1804 2323 1835 Perihermenias
2346 1802 2378 1839 ¹⁸¹,
2403 1802 2460 1834 ubi
2483 1802 2523 1834 de
2545 1809 2557 1822 ⁸

1444 1847 1626 1878 modalibus
1649 1847 1769 1888 agitur;
1801 1855 1832 1879 et
1854 1847 1976 1879 videbis
2004 1847 2218 1879 necessarium
2241 1847 2274 1878 in
2298 1853 2371 1878 actu
2395 1847 2521 1888 signato

1444 1892 1583 1922 modum
1599 1891 1856 1932 compositionis,
1873 1891 1906 1925 in
1921 1902 1987 1934 qua
2002 1892 2072 1923 sola
2089 1898 2136 1924 est
2150 1892 2274 1929 veritas,
2295 1892 2410 1923 addere
2426 1900 2523 1932 supra

1445 1935 1711 1977 propositionem.
1732 1936 1774 1967 Et
1797 1935 1840 1967 sic
1863 1936 2019 1977 intelliges
2047 1937 2260 1968 necessarium
2283 1936 2317 1967 in
2341 1941 2412 1968 actu
2437 1944 2523 1967 exer-

1445 1981 1519 2017 cito,
1537 1979 1629 2012 cuius
1652 1987 1878 2021 argumentum
1895 1981 1957 2012 hoc
1977 1981 2134 2017 meminit,
2151 1981 2290 2012 modum
2313 1979 2523 2022 compositio-

1446 2025 1495 2056 nis
1517 2035 1590 2056 vere
1612 2035 1764 2062 exercere,
1781 2035 1798 2055 a
1822 2035 1889 2066 quo
1914 2026 2087 2057 necessaria
2107 2025 2258 2057 dicuntur
2276 2032 2307 2056 et
2322 2024 2478 2067 principia
2492 2031 2524 2056 et

1446 2069 1670 2102 conclusiones
1694 2070 2017 2102 demonstrationum.

1105 2232 1428 2275 ARTICULUS
1458 2231 1734 2291 QUARTUS

926 2330 1083 2362 UTRUM
1108 2329 1385 2361 AETERNITAS
1409 2329 1627 2361 mar-ERAT
1650 2331 1679 2360 A
1703 2329 1913 2361 TEMPORE

604 2418 678 2447 Infra,
699 2422 745 2442 art.
762 2418 789 2447 ὃς
811 2418 819 2442 1
840 2418 923 2447 Sent„
944 2418 1003 2443 dist.
1016 2425 1070 2448 vm,
1090 2425 1134 2450 qu.
1147 2424 1175 2447 ιι,
1194 2422 1242 2442 art.
1257 2424 1285 2447 2;
1305 2417 1365 2442 dist.
1383 2424 1433 2448 nx,
1453 2424 1499 2450 qu.
1518 2424 1546 2449 ιι,
1565 2421 1611 2442 art.
1629 2424 1650 2447 ¹3
1670 2416 1712 2442 De
1732 2417 1799 2446 Por..
1819 2425 1863 2450 qu.
1882 2424 1924 2447 ιιι,
1943 2422 1989 2442 art.
2009 2425 2047 2449 14,
2068 2418 2099 2442 ad
2124 2425 2163 2449 ιο,
2187 2417 2230 2448 ι8;

1188 2453 1229 2478 De
1249 2452 1311 2478 Di».
1327 2452 1414 2483 Nom„
1435 2460 1492 2485 cap.
1505 2460 1529 2483 x,
1546 2453 1604 2478 lect.
1623 2460 1661 2477 ιιι.

356 2572 367 2584 s
384 2557 411 2573 a
438 2567 480 2590 „4
530 2551 552 2575 D
583 2550 757 2580 QUARTUM
777 2550 831 2575 stc
851 2549 1094 2575 PROCEDlTUR.
1111 2537 1271 2575 Videtur
1286 2536 1393 2585 quod

460 2591 504 2640 ’ἦ
531 2591 731 2629 aeternitas
751 2604 830 2628 non
859 2591 906 2628 sit
934 2591 1038 2628 aliud
1058 2603 1080 2628 a
1098 2599 1286 2640 ternpore.
1318 2592 1393 2627 Im—

367 2645 379 2658 ”
397 2662 451 2679 ν»
515 2643 712 2695 possibile
741 2653 797 2682 est
825 2645 927 2682 enim
957 2645 1054 2682 duas
1083 2657 1166 2682 esse
1190 2656 1391 2681 mensuras

356 2675 474 2731 «ἑᾈὶ
496 2681 509 2694 .>

490 2691 740 2736 &durationis
760 2698 885 2746 simul,
907 2698 978 2736 nisi
1006 2710 1084 2735 una
1112 2698 1160 2735 sit
1186 2710 1276 2748 pars
1301 2698 1390 2735 alte-

320 2751 417 2788 rius:
457 2763 535 2789 non
565 2752 667 2794 enim
696 2759 783 2789 sunt
821 2752 934 2789 simul
973 2751 1050 2789 duo
1086 2751 1167 2789 dies
1194 2751 1257 2789 vel
1292 2751 1391 2789 duae

319 2806 460 2851 horae3
490 2805 557 2843 sed
593 2805 674 2843 dies
703 2813 739 2842 et
767 2806 862 2843 hora
900 2812 987 2843 sunt
1015 2805 1150 2852 simul,
1178 2805 1268 2855 quia
1296 2805 1392 2843 hora

322 2865 378 2895 est
405 2870 493 2907 pars
522 2858 607 2896 diei.
645 2858 723 2896 Sed
752 2859 952 2896 aeternitas
981 2866 1016 2896 et
1044 2866 1197 2908 tempus
1225 2866 1313 2896 sunt
1344 2857 1391 2896 si-

322 2912 419 2948 mul:
441 2924 607 2961 quorum
628 2918 834 2961 utrumque
858 2924 1078 2950 mensuram
1103 2911 1299 2962 quandam
1324 2911 1392 2950 du-

323 2964 477 3002 rationis
497 2972 513 2987 0‘
534 2965 725 3015 importat.
757 2966 857 3002 Cum
886 2966 996 3014 igitur
1022 2965 1225 3004 aeternitas
1245 2978 1325 3004 non
1344 2965 1392 3003 sit

322 3031 410 3068 pars
437 3019 642 3069 temporis,
673 3018 761 3068 quia
781 3019 981 3056 aeternitas
1011 3019 1157 3057 excedit
1185 3027 1338 3069 tempus
1358 3026 1395 3056 et

322 3072 477 3110 includit
505 3072 648 3122 ipsum;
669 3072 819 3110 videtur
847 3073 954 3121 quod
981 3081 1134 3123 tempus
1158 3072 1204 3110 sit
1223 3084 1312 3122 pars
1332 3085 1394 3110 ae-

322 3125 513 3174 ternitatis,
543 3133 580 3163 et
608 3138 687 3163 non
714 3123 731 3153 '³
760 3126 864 3163 aliud
892 3126 940 3163 ab
969 3126 1199 3164 aeternitate.

379 3191 413 3216 2.
443 3180 686 3227 PRAETEREA,
716 3179 930 3217 seeundum
967 3179 1246 3229 Philosophum
1274 3178 1313 3216 in
1342 3178 1394 3215 IV

323 3233 472 3281 Physic.
488 3233 520 3280 ³¹²,
541 3244 642 3270 nunc
659 3232 842 3282 temporis
861 3240 990 3270 manet
1018 3232 1121 3271 idern
1141 3232 1180 3270 in
1198 3239 1279 3270 toto
1298 3238 1394 3269 tem-

324 3298 430 3335 pore.
461 3286 539 3324 Sed
572 3287 648 3323 hoc
674 3286 826 3324 videtur
860 3286 1087 3324 constituere
1116 3286 1304 3324 rationem
1332 3296 1394 3322 ae-

326 3339 505 3376 ternitatis
525 3344 558 3386 ⁷,
581 3339 687 3389 quod
706 3339 753 3377 sit
771 3339 874 3377 idern
894 3339 1170 3377 indivisibiliter
1188 3351 1229 3376 se
1248 3339 1395 3377 habens

325 3392 363 3429 in
382 3400 463 3430 toto
486 3393 647 3430 decursu
661 3392 858 3442 temporis.
880 3393 982 3441 Ergo
1003 3393 1204 3431 aeternitas
1221 3399 1277 3430 est
1294 3403 1395 3430 nunc

325 3446 519 3494 temporis.
558 3446 635 3484 Sed
664 3458 764 3484 nunc
800 3445 984 3496 temporis
1012 3459 1091 3483 non
1124 3454 1180 3484 est
1208 3445 1309 3483 aliud
1337 3457 1394 3482 se—

380 3560 407 3592 α)
427 3566 578 3620 Μεηὲιέναιη
592 3560 727 3592 quandam
749 3561 911 3586 durationis.
922 3574 941 3579 —
956 3562 1155 3593 quodammodo
1175 3568 1327 3586 mensuram
1344 3560 1391 3585 du-

326 3595 441 3620 rationis
460 3596 480 3620 A
528 3613 535 3620 .

378 3629 403 3663 β)
424 3638 486 3655 ηοη.
503 3644 523 3651 -
542 3638 593 3656 non
612 3631 648 3656 sit
666 3631 787 3662 ACDEF,
807 3631 867 3657 ideo
886 3631 918 3656 G.

1445 2537 1617 2575 cundum
1637 2537 1891 2575 substantiam
1919 2550 1942 2574 a
1970 2545 2158 2587 tempore.
2189 2538 2291 2586 Ergo
2321 2537 2522 2576 aeternitas

1445 2603 1526 2629 non
1553 2598 1610 2628 est
1638 2590 1741 2628 aliud
1771 2591 1985 2628 secundum
2015 2591 2266 2629 substantiam
2291 2603 2314 2628 a
2332 2599 2519 2641 tempore.

1500 2645 1535 2682 3.
1566 2644 1802 2691 PRAETEREA,
1832 2644 1929 2682 sicut
1956 2657 2138 2682 mensura
2164 2644 2279 2694 primi
2307 2653 2437 2683 motus
2467 2652 2523 2683 est

1443 2709 1626 2735 mensura
1635 2697 1811 2735 omnium
1822 2705 2014 2746 motuum,
2025 2705 2066 2735 ut
2074 2697 2210 2737 dicitur
2223 2698 2264 2736 in
2275 2698 2326 2736 IV
2334 2697 2521 2748 Playsic.¹''‚
2548 2709 2560 2722 ⁸

1444 2751 1495 2789 ita
1521 2750 1674 2789 videtur
1691 2751 1798 2801 quod
1817 2763 2000 2789 mensura
2026 2751 2141 2801 primi
2171 2763 2254 2790 esse
2274 2751 2322 2790 sit
2340 2763 2522 2791 mensura
2548 2747 2560 2754 ⁶

1445 2804 1572 2843 omnis
1610 2816 1706 2842 esse.
1747 2804 1825 2842 Sed
1860 2804 2062 2842 aeternitas
2100 2812 2157 2842 est
2193 2817 2375 2844 mensura
2405 2803 2522 2856 primi

1445 2870 1543 2907 esse,
1563 2857 1670 2907 quod
1699 2865 1756 2895 est
1783 2870 1866 2895 esse
1897 2858 2085 2896 divinum.
2115 2858 2219 2907 Ergo
2243 2857 2446 2897 aeternitas
2465 2866 2523 2897 est

1446 2924 1627 2950 mensura
1655 2910 1782 2948 omnis
1802 2923 1897 2949 esse.
1929 2911 2006 2950 Sed
2036 2923 2119 2950 esse
2146 2923 2276 2950 rerum
2296 2905 2521 2962 cori-uptibi-

1445 2965 1539 3003 lium
1566 2972 1811 3002 mensuratur
1828 2972 2004 3014 tempore
2023 2962 2048 3003 ⁸.
2070 2965 2174 3014 Ergo
2193 2972 2346 3015 tempus
2373 2965 2438 3002 vel
2466 2973 2523 3004 est

1447 3018 1660 3065 aeternitas,
1688 3018 1752 3056 vel
1779 3017 1921 3067 aliquid
1951 3017 2193 3056 aeternitatis.

1502 3072 1577 3110 SED
1606 3083 1753 3109 CONTRA
1772 3083 1839 3108 EsT
1857 3071 1964 3120 quod
1983 3071 2184 3110 aeternitas
2204 3079 2261 3109 est
2285 3079 2366 3109 tota
2385 3071 2519 3110 simul:

2545 603 2554 613 ⁶
2570 603 2639 625 Vers.
2654 610 2684 632 ¹9.

2545 763 2556 774 ⁶
2571 762 2609 784 Ps.
2625 768 2695 790 aux,
2711 762 2745 785 16.

2544 918 2555 929 ⁸
2571 917 2596 940 S.
2606 916 2654 939 Th.
2661 917 2718 940 {ect-
2728 923 2761 939 tv.

2545 956 2556 961 -
2563 944 2617 966 Did.
2622 943 2695 972 nav,
2701 949 2723 966 e.
2728 949 2762 971 tv,

2545 977 2613 993 num.
2627 977 2644 993 Ι-

2647 1008 2655 1023 Ι.

1447 3125 1485 3162 in
1521 3133 1697 3174 tempore
1734 3132 1864 3162 autem
1894 3133 1950 3163 est
1977 3125 2083 3176 prius
2111 3132 2148 3163 et
2174 3124 2377 3174 posterius.
2416 3125 2520 3176 Ergo
2575 3145 2584 3149 -

1447 3186 1598 3228 tempus
1627 3185 1663 3215 et
1691 3178 1893 3215 aeternitas
1922 3191 2001 3216 non
2029 3185 2117 3216 sunt
2142 3178 2258 3215 idem.

1502 3233 1729 3270 Respounno
1749 3243 1934 3270 mcENDuM
1954 3231 2060 3282 quod
2079 3231 2326 3270 manifestum
2347 3239 2402 3270 est
2424 3239 2520 3270 tem·

1448 3298 1520 3335 pus
1549 3293 1587 3323 et
1618 3285 1878 3323 aeternitatem
1912 3297 1992 3323 non
2026 3297 2108 3322 esse
2138 3283 2251 3324 idem.
2297 3285 2374 3323 Sed
2407 3280 2520 3323 huius

1449 3338 1674 3376 diversitatis
1694 3338 1881 3376 rationem
1900 3337 2059 3388 quidam
2080 3338 2369 3386 assignaverunt
2384 3351 2430 3376 ex
2444 3338 2522 3376 hoc

1449 3392 1554 3442 quod
1582 3391 1783 3430 aeternitas
1821 3399 1922 3430 caret
1955 3390 2142 3441 principio
2173 3399 2209 3430 et
2235 3392 2336 3439 fine,
2365 3399 2519 3441 tempus

1449 3453 1577 3482 autern
1606 3445 1722 3483 habet
1748 3444 1977 3494 principium
2008 3452 2043 3482 et
2071 3445 2202 3483 finem.
2239 3445 2316 3483 Sed
2339 3445 2435 3482 haec
2464 3452 2519 3482 est

1501 3562 1527 3592 γ)
1547 3560 1725 3585 aeternitatis.
1743 3573 1762 3578 -
1780 3559 1862 3584 totius
1880 3560 2048 3585 aeternitatis
2063 3561 2092 3585 B.
2110 3573 2129 3579 -
2148 3559 2199 3585 Pro
2218 3559 2423 3589 indivisibiliter,
2444 3559 2518 3585 inde-

1448 3595 1566 3620 sinenter
1585 3595 1629 3620 sB.

1501 3629 1526 3662 ὃ)
1545 3633 1672 3662 tempore.
1690 3642 1709 3649 -
1727 3637 1744 3654 a
1763 3633 1882 3662 tempore
1900 3630 1945 3655 FG
1965 3635 1990 3655 et
2009 3631 2068 3656 edd.
2086 3631 2139 3656 ab.
