2768 4178
33 890 46 903 ⁸
59 889 97 912 De
113 889 190 917 Trin.,
204 889 246 911 lib.

34 915 76 944 v1,
90 922 146 970 αρῦ
155 922 179 938 x.

0 2051 247 2080 l'Dem.,lib.

0 2077 180 2118 gvioev-x·

34 2896 47 2909 ⁸
60 2897 122 2920 Vide
137 2903 185 2926 arg.
199 2903 220 2920 2.

0 3671 33 4178 ,μῇῄᾳμτ-,ρεᾱῃωὲκψῳω
0 3646 23 3657 -ῥ
0 3628 1 3635 ⁴

901 275 1168 322 QUAESTIO
1197 276 1379 323 XXXIX,
1409 277 1706 314 ARTICULUS
1734 277 1820 313 VIII

327 354 474 403 Species
493 361 634 402 autem,
655 354 736 392 sive
759 355 1012 402 pulchritudo,
1034 355 1150 391 habet
1173 355 1340 391 similitu-

274 407 403 444 dinem
433 419 521 444 cum
549 407 710 456 propriis
739 407 831 444 Filii.
871 408 975 444 Nam
1013 407 1062 444 ad
1095 407 1340 457 pulchritudi-

273 472 364 497 nem
396 460 466 497 tria
504 460 754 509 requiruntur.
783 460 914 497 Primo
944 460 1121 508 quidem,
1151 460 1340 508 integritas

273 513 355 550 sive
374 513 575 562 perfectio:
602 525 700 561 quae
721 513 824 549 enim
844 512 1029 549 diminuta
1048 521 1146 560 sunt,
1162 514 1237 550 hoc
1256 514 1339 562 ipso

273 566 397 615 turpia
416 573 513 603 sunt.
544 567 594 603 Et
613 565 739 603 debita
758 565 956 614 proportio
977 565 1057 602 sive
1079 566 1338 603 consonantia.

274 620 324 655 Et
350 619 489 656 iterum
527 618 694 655 claritas:
723 618 826 655 unde
854 630 952 666 quae
989 619 1132 655 habent
1170 619 1340 656 colorem

274 671 435 709 nitidum
449 678 480 718 ¹⁴⁴,
496 672 654 720 pulchra
674 683 756 707 esse
773 671 958 708 dicuntur.
974 692 998 699 -
1015 672 1213 718 Quantum
1231 672 1341 720 igitur

275 724 323 761 ad
355 725 547 773 primum,
585 723 867 761 similitudinem
904 724 1020 760 habet
1058 737 1146 761 cum
1183 726 1339 774 proprio

275 777 369 824 Filii,
398 777 625 826 inquantum
653 784 708 813 est
737 776 852 813 Filius
879 778 1026 815 habens
1055 778 1093 815 in
1121 790 1160 814 se
1188 790 1280 830 vege
1306 786 1341 815 et

274 830 440 878 perfecte
469 837 644 866 naturam
673 829 804 866 Patris.
844 830 972 877 Unde,
1003 831 1052 867 ad
1079 831 1155 867 hoc
1182 831 1341 868 innuen-

276 882 382 929 dum,
403 882 635 930 Augustinus
663 882 702 919 in
730 895 800 919 sua
828 884 1065 932 expositione
1094 883 1114 905 '¹‘
1133 884 1243 921 dicit:
1265 885 1340 931 ubi,

275 935 415 972 scilicet
441 935 480 972 in
509 935 625 982 Filio,
654 948 804 972 summa
832 941 868 972 et
878 937 1008 985 prima
1037 942 1048 956 ⁸
1075 937 1152 973 vita
1176 942 1239 983 est,
1270 945 1339 975 etc.

276 988 474 1035 Quantum
491 1000 587 1025 vero
611 988 661 1025 ad
687 989 905 1035 secundum,
928 990 1108 1026 convenit
1137 1002 1225 1026 cum
1254 1003 1341 1038 pro-

273 1041 358 1090 prio
389 1040 482 1087 Filii,
511 1041 736 1090 inquantum
767 1049 822 1078 est
849 1042 975 1090 imago
1002 1054 1179 1091 expressa
1207 1043 1339 1080 Patris.

274 1094 386 1132 Unde
422 1094 601 1131 videmus
634 1095 740 1142 quod
768 1095 894 1143 aliqua
929 1096 1057 1143 imago
1095 1095 1231 1132 dicitur
1259 1108 1341 1132 esse

274 1147 453 1196 pulchra,
483 1147 514 1184 si
536 1147 707 1196 perfecte
745 1155 1003 1196 repraesentat
1030 1160 1133 1195 rem,
1164 1149 1342 1196 quamvis

274 1207 439 1248 turpem.
477 1201 526 1236 Et
561 1201 636 1236 hoc
663 1200 781 1248 tetigit
807 1201 1041 1248 Augustinus
1069 1213 1157 1237 cum
1187 1201 1274 1238 dicit
1300 1201 1340 1238 *:

276 1253 342 1290 ubi
353 1258 408 1290 est
420 1258 524 1291 tanta
537 1253 796 1290 convenientia
811 1251 835 1300 ε,
851 1259 887 1290 et
894 1254 1024 1301 prima
1039 1253 1257 1301 aequalitas,
1271 1261 1340 1303 etc.

276 1306 473 1352 Quantum
493 1318 588 1342 vero
617 1307 667 1343 ad
686 1306 847 1352 tertium,
868 1306 1048 1343 convenit
1077 1318 1165 1342 cum
1184 1307 1341 1355 proprio

276 1358 371 1406 Filii,
401 1358 627 1406 inquantum
655 1366 712 1395 est
729 1359 923 1406 Verbum,
953 1358 1059 1408 quod
1087 1358 1245 1407 quidem
1275 1359 1343 1396 lux

229 1433 245 1466 -3
276 1417 344 1459 est,
364 1417 402 1448 et
425 1411 601 1460 splendor
624 1411 837 1458 intellectus,
857 1419 899 1448 ut
917 1412 1182 1448 Damascenus
1202 1412 1291 1449 dicit
1308 1412 1340 1450 ²⁸.

275 1464 326 1501 Et
351 1464 427 1501 hoc
455 1463 572 1511 tangit
598 1464 833 1511 Augustinus
862 1476 951 1501 cum
981 1464 1068 1502 dicit
1091 1464 1132 1501 *z
1159 1470 1340 1513 tanquam

282 1517 446 1556 Verbum
468 1517 679 1566 perfectum
708 1518 770 1554 cui
797 1529 871 1554 non
909 1518 1003 1554 desit
1027 1517 1189 1566 aliquid,
1216 1524 1253 1554 et
1277 1530 1342 1555 ars

275 1569 461 1619 quaedam
489 1570 749 1618 omnipotentis
775 1571 860 1616 Dei,
882 1577 951 1607 etc.

333 1624 430 1661 Usus
458 1629 587 1659 autem
615 1623 731 1659 habet
751 1622 1038 1660 similitudinem
1071 1636 1160 1660 cum
1179 1624 1341 1673 propriis

275 1675 437 1724 Spiritus
457 1675 597 1721 Sancti,
617 1675 721 1724 largo
741 1676 862 1713 modo
891 1676 1115 1725 accipiendo
1137 1689 1257 1723 usum,
1284 1690 1341 1714 se-

275 1728 446 1766 cundum
483 1728 590 1776 quod
628 1729 682 1765 uti
718 1729 1009 1778 comprehendit
1043 1730 1113 1766 sub
1152 1742 1191 1766 se
1226 1730 1340 1767 etiam

268 1781 371 1830 srui;
397 1789 512 1830 prout
531 1781 586 1817 uti
605 1789 661 1818 est
687 1793 880 1819 assumere
897 1782 1041 1830 aliquid
1066 1783 1104 1819 in
1111 1783 1340 1831 facultatem

274 1834 486 1879 voluntatis,
508 1841 544 1871 et
562 1834 634 1870 frui
654 1842 710 1871 est
736 1847 822 1871 cum
849 1836 992 1884 gaudio
1021 1835 1085 1881 uti,
1105 1843 1147 1872 ut
1165 1836 1342 1884 Augusti-

275 1899 359 1934 nus,
380 1888 416 1924 X
444 1887 489 1924 de
520 1887 557 1923 T
553 1887 624 1924 rin.
640 1887 671 1934 ²¹⁸,
693 1887 790 1925 dicit.
826 1889 925 1925 Usus
955 1900 1045 1936 ergo
1075 1901 1151 1936 quo
1172 1890 1285 1925 Pater
1304 1897 1341 1926 et

275 1939 392 1978 Filius
411 1952 453 1976 se
471 1939 637 1976 invicem
665 1940 847 1988 fruuntur,
869 1941 1048 1978 convenit
1067 1954 1155 1978 curn
1182 1942 1339 1990 proprio

277 1992 435 2042 Spiritus
465 1993 604 2040 Sancti,
624 1993 850 2041 inquantum
879 2002 934 2031 est
961 1996 1095 2031 Amor.
1123 1995 1172 2031 Et
1190 1995 1264 2031 hoc
1285 2002 1341 2032 est

276 2046 383 2095 quod
410 2045 645 2093 Aug-ustinus
674 2046 763 2084 dicit
779 2046 815 2083 *ε
841 2046 914 2084 Illa
942 2047 1099 2092 dilectio,
1126 2047 1338 2094 delectatio,

263 2098 432 2147 felicitas
445 2099 506 2135 vel
524 2099 722 2145 beatitudo,
740 2112 827 2136 usus
846 2101 895 2136 ab
914 2100 977 2136 illo
992 2100 1198 2148 appellatus
1213 2107 1267 2137 est
1283 2106 1340 2138 ⁰.—

275 2152 376 2189 Usus
394 2163 489 2189 vero
516 2164 594 2200 quo
614 2165 686 2189 nos
714 2152 874 2189 fruimur
892 2154 976 2189 Deo
993 2159 1023 2200 ²¹,
1053 2153 1340 2190 similitudinem

274 2205 391 2242 habet
409 2217 496 2241 cum
518 2205 674 2254 proprio
696 2206 856 2254 Spiritus
877 2206 1017 2252 Sancti,
1038 2206 1265 2253 inquantum
1286 2214 1342 2243 est

274 2258 446 2295 Donum.
466 2258 516 2295 Et
543 2259 619 2295 hoc
638 2258 802 2295 ostendit
820 2259 1054 2306 Augustinus
1083 2271 1172 2295 cum
1193 2259 1282 2296 dicit
1299 2259 1339 2296 *t

273 2311 342 2348 Est
367 2311 405 2348 in
437 2311 618 2348 Trinitate
644 2311 803 2359 Spiritus
835 2312 1013 2358 Sanctus,
1047 2312 1235 2348 Genitoris
1271 2313 1342 2349 Ge-

274 2363 414 2411 nitique
444 2364 630 2410 suavitas,
661 2365 806 2414 ingenti
832 2364 1008 2414 largitate
1034 2370 1147 2413 atque
1175 2366 1342 2402 ubertate

274 2427 342 2455 nos
359 2422 376 2447 Ρ
396 2417 641 2465 perfundens.

328 2470 377 2507 Et
405 2469 458 2507 sic
485 2477 588 2519 patet
617 2482 734 2518 quare
762 2470 983 2516 aeternitas,
1011 2471 1149 2518 species
1183 2477 1219 2506 et
1254 2482 1342 2507 usus

232 2521 234 2523 ’
275 2521 453 2559 Personis
473 2523 720 2559 attribuantur
737 2523 800 2559 vel
819 2523 1111 2571 approprientur
1130 2528 1157 2570 ⁵,
1178 2535 1257 2559 non
1277 2535 1343 2559 au-

275 2583 354 2611 tem
375 2576 531 2611 essentia
550 2576 612 2612 vel
635 2576 814 2623 operatio.
845 2575 946 2621 Quia
966 2576 1004 2612 in
1024 2575 1167 2612 ratione
1187 2576 1339 2622 horum,

275 2634 432 2676 propter
460 2627 518 2664 sui
548 2628 873 2675 communitatem,
894 2641 973 2665 non
992 2628 1183 2665 invenitur
1202 2628 1342 2677 aliquid

277 2679 560 2717 similitudinem
593 2681 740 2717 habens
769 2693 858 2717 cum
882 2681 1044 2730 propriis
1071 2682 1340 2718 Personarum.

331 2733 506 2770 Secunda
532 2744 623 2770 uero
653 2734 898 2770 consideratio
927 2734 1002 2770 Dei
1028 2740 1091 2780 est,
1121 2734 1342 2782 inquantum

277 2786 537 2823 consideratur
556 2792 596 2822 ut
614 2798 721 2823 unus.
742 2787 791 2823 Et
819 2786 871 2822 sie
898 2787 1131 2834 Augustinus
1159 2787 1259 2823 Patri
1278 2799 1343 2835 ap-

274 2838 444 2888 propriat
464 2839 654 2885 unitatem,
672 2838 766 2875 Filio
782 2839 1056 2887 aequalitatem,
1075 2839 1228 2888 Spiritui
1249 2840 1342 2876 San-

277 2898 337 2928 cto
357 2892 599 2929 concordiam
614 2891 694 2928 sive
714 2892 986 2929 connexionem
1001 2892 1032 2929 ³⁶.
1054 2893 1165 2939 Quae
1186 2892 1342 2941 quidem

275 2944 346 2981 tria
363 2944 547 2982 unitatem
567 2945 772 2993 importare
792 2945 1035 2982 manifestum
1055 2953 1126 2982 est:
1148 2945 1215 2982 sed
1236 2945 1342 2981 difle-

277 3004 421 3034 renters
433 2997 536 3034 Nam
554 2998 676 3034 unitas
696 2997 829 3034 dicitur
852 2998 1036 3044 absolute,
1054 3010 1132 3034 non
1159 3010 1341 3046 praesup-

275 3061 425 3098 ponens
458 3050 597 3098 aliquid
631 3051 744 3087 aliud.
775 3052 823 3087 Et
854 3050 942 3087 ideo
976 3050 1244 3099 appropriatur
1271 3051 1342 3087 Pa-

276 3101 343 3148 tri,
372 3102 437 3150 qui
465 3115 545 3140 non
580 3103 854 3152 praesupponit
887 3103 1055 3151 aliquam
1079 3109 1094 3124 τ
1112 3115 1340 3152 personam,

278 3166 367 3191 curn
386 3154 432 3191 sit
449 3155 676 3205 principium
696 3169 774 3193 non
803 3156 850 3193 de
869 3156 1067 3205 principio.
1084 3177 1109 3184 -
1122 3156 1340 3204 Aequalitas

332 3295 360 3328 μ.)
384 3296 498 3320 colorem
521 3295 645 3321 nitidum.
662 3311 681 3316 -
699 3297 813 3322 nitidum
839 3291 952 3322 colorern
978 3298 1064 3329 ABD,
1088 3298 1207 3323 vividum
1229 3297 1344 3322 colorem

278 3330 354 3360 CEG,
374 3330 490 3355 viridum
508 3331 622 3356 colorem
641 3332 670 3363 F,
689 3333 803 3357 colorem
822 3333 950 3358 mundum
970 3333 1011 3358 ed.
1029 3340 1056 3358 a.

331 3366 354 3398 ν)
369 3365 470 3397 prima.
487 3379 508 3384 —
520 3366 642 3399 perfecta
659 3367 705 3392 Pb.

332 3399 355 3433 ξ)
374 3401 566 3426 convenientia.
584 3415 603 3420 —
620 3403 798 3435 congruentia
816 3403 938 3428 BCEFG.

331 3436 357 3468 ο)
376 3436 410 3460 ab
429 3436 474 3460 illo
492 3437 641 3468 appeIIatus
658 3441 707 3462 est.
722 3451 743 3458 -
760 3438 793 3463 ab
812 3439 920 3464 Hilario
939 3439 1091 3470 appellatur
1108 3439 1138 3463 B.

330 3472 359 3503 π)
381 3471 448 3496 Deo.
466 3485 485 3490 —
503 3471 564 3496 Om.
584 3472 646 3496 Pab.

331 3507 355 3540 ρ)
371 3514 428 3532 nos.
445 3520 464 3525 —
482 3507 524 3531 vel
535 3511 674 3532 creaturas
687 3507 746 3532 add.
761 3508 824 3533 Pab.
835 3522 854 3529 —-
866 3510 916 3534 Pro
925 3509 1099 3543 perfundens,
1110 3508 1279 3542 profundens
1291 3508 1342 3533 BF.

331 3542 356 3574 σ)
377 3542 417 3566 vel
435 3542 653 3574 approprientur.
669 3555 689 3561 -
707 3542 772 3569 Om.
789 3544 904 3576 codices,
923 3545 964 3569 vel
982 3544 1196 3577 appropriantur
1214 3544 1273 3568 edd.
1291 3543 1343 3568 ab.

330 3577 356 3610 τ)
375 3577 502 3609 aliquam.
519 3589 538 3597 —-
555 3577 638 3602 aliam
656 3578 686 3602 B.

330 3612 356 3645 υ)
377 3613 424 3637 Ex
442 3619 502 3644 quo.
520 3626 540 3632 -
558 3613 605 3636 Ex·
622 3620 674 3644 quo
692 3620 769 3637 sensu
789 3613 834 3638 Pb.

420 3667 530 3691 Summa
548 3666 650 3692 Timor..
668 3666 699 3690 D.
714 3666 828 3690 Tnonuz
846 3666 878 3691 T.
898 3667 916 3691 Ι.

2378 290 2458 326 409

1395 362 1523 392 autem
1543 355 1724 404 importat
1751 355 1936 393 unitatem
1956 356 1995 393 in
2015 363 2190 405 respectu
2209 357 2258 394 ad
2282 357 2456 393 alterurn:

1395 420 1486 445 nam
1515 410 1673 457 aequale
1703 416 1758 446 est
1790 410 1896 456 quod
1923 410 2039 446 habet
2065 422 2182 446 unam
2212 410 2458 458 quantitatem

1396 473 1483 497 cum
1513 462 1598 498 alio.
1629 463 1678 498 Et
1704 461 1792 498 ideo
1821 462 2029 510 aequalitas
2056 462 2322 511 appropriatur
2349 462 2457 509 Filio,

1395 514 1458 561 qui
1488 522 1544 550 est
1570 514 1800 563 principium
1830 515 1877 551 de
1904 515 2102 564 principio.
2124 537 2148 543 -
2169 516 2363 552 Connexio
2392 528 2459 552 au-

1394 573 1472 603 tem
1498 567 1676 615 importat
1693 567 1877 604 unitatem
1897 567 2112 615 aliquorum
2139 569 2317 605 duorum.
2347 568 2459 605 Unde

1395 620 1660 668 appropriatur
1698 620 1851 669 Spiritui
1889 621 2050 668 Sancto,
2090 621 2314 669 inquantum
2347 629 2403 658 est
2437 633 2459 657 a

1395 672 1557 709 duobus.

1448 726 1506 761 Ex
1533 737 1611 773 quo
1631 731 1644 745 ⁰
1664 725 1777 762 etiam
1800 726 1953 773 intelligi
1980 734 2105 774 potest
2132 727 2237 776 quod
2267 726 2355 763 dicit
2381 729 2459 763 Au·
2510 758 2517 765 ,

1394 778 1575 825 gustinus,
1596 779 1668 815 tria
1688 790 1766 815 esse
1785 791 1902 816 unum
1923 785 2079 827 propter
2099 780 2264 825 Patrem,
2285 780 2459 828 aequalia

1389 837 1547 879 propter
1581 831 1742 878 Filium,
1772 843 1945 868 connexa
1966 838 2126 880 propter
2152 833 2331 880 Spiritum
2365 833 2460 869 San-

1394 889 1506 920 ctum.
1537 884 1783 921 Manifestum
1817 892 1872 921 est
1900 884 2001 921 enim
2027 885 2132 933 quod
2165 885 2215 922 illi
2248 885 2461 922 attribuitur

1394 937 1726 985 unumquodque,
1759 937 1798 974 in
1831 949 1909 985 quo
1950 937 2076 986 primo
2114 938 2330 975 invenitur:
2365 938 2460 975 sicut

1396 989 1526 1026 omnia
1554 989 1732 1026 inferiora
1761 990 1936 1026 dicuntur
1961 991 2089 1027 vivere
2106 999 2263 1039 propter
2290 991 2459 1028 animam

1393 1042 1665 1089 vegetabilem,
1695 1042 1734 1079 in
1763 1055 1838 1090 qua
1866 1043 1991 1091 primo
2020 1044 2209 1080 invenitur
2237 1043 2330 1081 ratio
2358 1043 2458 1080 vitae

1394 1095 1432 1131 in
1461 1095 1538 1131 istis
1565 1095 1817 1133 inferioribus.
1843 1097 1974 1133 Unitas
2001 1104 2131 1134 autem
2160 1097 2284 1134 statim
2312 1097 2460 1134 inveni-

1394 1154 1454 1184 tur
1481 1147 1520 1184 in
1546 1160 1712 1196 persona
1740 1149 1871 1195 Patris,
1894 1149 2019 1195 etiam,
2039 1162 2108 1198 per
2135 1149 2380 1198 impossibile,
2402 1162 2459 1186 re-

1395 1200 1509 1236 motis
1543 1200 1623 1237 aliis
1660 1201 1849 1238 Personis.
1880 1202 1929 1238 Et
1962 1202 2049 1238 ideo
2088 1202 2181 1239 aliae
2215 1204 2407 1239 Personae
2436 1215 2459 1239 a

1395 1253 1507 1289 Patre
1527 1254 1670 1290 habent
1688 1254 1883 1290 unitatem.
1906 1276 1930 1282 -
1951 1255 2028 1291 Sed
2049 1255 2205 1292 remotis
2225 1256 2304 1292 aliis
2324 1257 2459 1292 Perso-

1395 1305 1465 1352 nis,
1486 1318 1565 1342 non
1593 1306 1782 1342 invenitur
1800 1312 1816 1335 P
1835 1307 2041 1354 aequalitas
2068 1308 2107 1344 in
2135 1308 2265 1344 Patre:
2291 1308 2359 1345 sed
2386 1316 2458 1345 sta-

1395 1358 1475 1405 tim,
1495 1358 1620 1406 posito
1642 1358 1749 1406 Filio,
1770 1358 1960 1396 invenitur
1979 1360 2197 1408 aequalitas.
2223 1362 2272 1397 Et
2298 1361 2385 1397 ideo
2407 1361 2460 1398 di-

1397 1418 1532 1447 cuntur
1550 1411 1681 1448 omnia
1704 1412 1876 1460 aequalia
1895 1420 2052 1461 propter
2080 1413 2234 1450 Filium:
2255 1426 2334 1450 non
2354 1414 2459 1462 quod

1396 1463 1513 1500 Filius
1541 1464 1587 1500 sit
1613 1464 1843 1513 principium
1863 1465 2096 1514 aequalitatis
2116 1467 2235 1512 Patri;
2261 1466 2328 1503 sed
2357 1467 2458 1515 quia,

1395 1516 1466 1553 nisi
1499 1524 1598 1554 esset
1634 1517 1735 1554 Patri
1771 1518 1938 1566 aequalis
1973 1518 2108 1565 Filius,
2146 1520 2260 1555 Pater
2292 1520 2459 1568 aequalis

1395 1582 1474 1606 non
1501 1577 1632 1618 posset
1651 1570 1736 1607 dici.
1756 1571 1973 1619 Aequalitas
2003 1572 2103 1608 enim
2124 1572 2205 1609 eius
2223 1572 2350 1620 primo
2371 1584 2460 1609 con-

1396 1622 1580 1659 sideratur
1606 1623 1656 1660 ad
1675 1623 1834 1660 Filium:
1865 1624 1940 1661 hoc
1960 1624 2062 1660 enim
2082 1625 2208 1673 ipsum
2241 1625 2347 1673 quod
2376 1625 2459 1674 Spi-

1396 1675 1487 1712 ritus
1517 1676 1678 1712 Sanctus
1698 1676 1800 1713 Patri
1829 1677 1997 1724 aequalis
2026 1685 2092 1724 est,
2117 1690 2139 1714 a
2169 1677 2263 1714 Filio
2287 1678 2413 1714 habet.
2435 1699 2459 1705 -

1397 1729 1587 1777 Similiter,
1609 1729 1761 1766 excluso
1783 1729 1922 1778 Spiritu
1952 1731 2104 1777 Sancto,
2126 1730 2189 1779 qui
2218 1738 2274 1767 est
2294 1731 2459 1767 duorum

1395 1794 1526 1829 nexus,
1546 1794 1626 1818 non
1653 1790 1784 1830 posset
1811 1782 1963 1831 intelligi
1990 1783 2115 1819 unitas
2143 1784 2387 1820 connexionis
2405 1784 2459 1821 in-

1394 1842 1451 1871 ter
1470 1836 1624 1871 Patrem
1641 1842 1676 1872 et
1696 1835 1845 1872 Filium.
1863 1836 1912 1872 Et
1930 1836 2016 1873 ideo
2038 1836 2212 1873 dicuntur
2223 1836 2360 1887 ,omnia
2377 1849 2458 1873 esse

1396 1900 1568 1924 connexa
1595 1896 1752 1937 propter
1781 1888 1961 1937 Spiritum
1983 1889 2188 1925 Sanctum:
2213 1889 2312 1938 quia,
2332 1889 2457 1938 posito

1396 1940 1536 1989 Spiritu
1557 1942 1710 1988 Sancto,
1727 1941 1917 1978 invenitur
1934 1941 2038 1978 unde
2058 1943 2170 1978 Pater
2184 1949 2221 1978 et
2236 1942 2351 1979 Filius
2369 1954 2459 1991 pos-

1394 1993 1466 2030 sint
1486 1993 1558 2030 dici
1587 1994 1747 2031 connexi
1766 1999 1794 2030 κ.

1447 2047 1661 2083 Secundum
1693 2059 1783 2084 vero
1817 2047 1964 2084 tertiam
1999 2047 2354 2093 considerationem,
2383 2059 2458 2095 qua

1395 2101 1431 2136 in
1461 2101 1543 2136 Deo
1571 2100 1761 2148 sufficiens
1783 2100 1902 2137 virtus
1919 2099 1936 2128 Ψ
1955 2100 2213 2137 consideratur
2231 2101 2283 2137 ad
2299 2112 2458 2137 causan-

1394 2152 1502 2199 dum,
1532 2153 1694 2189 sumitur
1721 2153 1828 2189 tertia
1854 2153 2132 2201 appropriatio,
2163 2153 2303 2190 scilicet
2329 2159 2459 2201 poten-

1394 2206 1486 2251 tiae,
1515 2206 1720 2253 sapientiae
1753 2213 1788 2242 et
1819 2206 1991 2242 bonitatis
2009 2205 2040 2242 ³⁸².
2071 2206 2182 2252 Quae
2210 2206 2364 2254 quidem
2394 2218 2458 2254 ap-

1394 2258 1601 2307 propriatio
1626 2259 1669 2295 fit
1688 2265 1724 2294 et
1742 2258 1954 2295 secundum
1982 2258 2172 2296 rationem
2197 2258 2459 2306 similitudinis,

1395 2311 1425 2347 si
1446 2311 1706 2348 consideretur
1734 2312 1838 2360 quod
1862 2317 1880 2332 ⁶⁸
1907 2311 1947 2348 in
1966 2311 2103 2348 divinis
2122 2312 2300 2348 Personis
2321 2319 2394 2348 est:
2425 2319 2461 2348 et

1396 2364 1608 2402 seeundum
1638 2364 1824 2401 rationem
1855 2364 2175 2411 dissimilitudinis,
2197 2364 2228 2401 si
2248 2364 2461 2401 considere-

1395 2424 1455 2453 tur
1491 2417 1598 2466 quod
1625 2417 1664 2453 in
1693 2417 1872 2453 creaturis
1909 2425 1976 2454 est.
1995 2418 2174 2454 Potentia
2208 2417 2309 2453 enim
2345 2417 2461 2453 habet

1396 2469 1583 2506 rationem
1602 2469 1786 2518 principii.
1803 2470 1914 2506 Unde
1934 2470 2049 2506 habet
2067 2469 2350 2506 similitudinem
2371 2482 2460 2506 cum

1395 2523 1506 2559 Patre
1534 2522 1694 2568 caelesti,
1714 2522 1779 2570 qui
1809 2529 1864 2558 est
1890 2522 2120 2570 principium
2147 2522 2262 2558 totius
2287 2522 2458 2559 divinita-

1396 2575 1441 2611 tis
1468 2580 1515 2611 αα.
1537 2575 1676 2611 Deficit
1694 2581 1822 2611 autem
1851 2575 2041 2611 interdurn
2065 2575 2161 2623 patri
2189 2582 2350 2621 terreno,
2372 2587 2460 2623 pro-

1395 2635 1479 2676 pter
1507 2635 1754 2664 senectutem.
1786 2648 1808 2655 —
1837 2628 2026 2676 Sapientia
2053 2639 2147 2664 vero
2176 2627 2460 2664 similitudinem

1396 2681 1511 2717 habet
1535 2692 1623 2729 cum
1644 2679 1738 2716 Filio
1766 2681 1927 2727 caelesti,
1948 2680 2174 2729 inquantum
2200 2687 2255 2729 est
2273 2681 2459 2728 Verbum,

1397 2733 1503 2781 quod
1530 2733 1622 2770 nihil
1650 2733 1753 2770 aliud
1779 2740 1835 2769 est
1862 2745 1978 2782 quam
2008 2740 2214 2781 conceptus
2242 2733 2460 2781 sapientiae.

1397 2786 1536 2823 Deficit
1555 2793 1683 2822 autem
1703 2785 1893 2822 interdum
1914 2786 1992 2822 filio
2012 2793 2175 2832 terren0,
2191 2793 2347 2834 propter
2365 2793 2462 2822 tem-

1396 2839 1500 2887 poris
1528 2838 1769 2887 paucitatem.
1786 2839 1981 2875 —Bonitas
2001 2846 2147 2885 autem,
2178 2851 2265 2875 cum
2295 2838 2341 2884 sit
2368 2838 2460 2875 ratio

1398 2898 1434 2928 et
1470 2891 1662 2928 obiectum
1700 2891 1859 2938 amoris,
1898 2892 2014 2928 habet
2050 2890 2333 2928 similitudinem
2372 2903 2460 2927 cum

1398 2944 1538 2993 Spiritu
1567 2943 1709 2991 divino,
1731 2944 1797 2991 qui
1826 2951 1881 2980 est
1907 2945 2041 2981 Amor.
2064 2944 2141 2980 Sed
2169 2943 2457 2992 repugnantiam

1396 2998 1537 3033 habere
1564 2997 1716 3033 videtur
1742 2997 1791 3034 ad
1820 2996 1993 3045 spiritum
2021 3004 2224 3042 terrenum,
2250 2996 2461 3033 secundum

1398 3050 1502 3098 quod
1527 3050 1707 3098 importat
1733 3049 1941 3086 violentam
1976 3049 2170 3098 quandam
2203 3048 2238 3078 ¹³ss
2266 3049 2461 3097 impulsio—

1397 3115 1503 3148 nem;
1524 3109 1638 3150 prout
1658 3101 1791 3138 dicitur
1811 3103 1881 3139 Isa.
1897 3114 1969 3138 xxv
1987 3102 2023 3139 *z
2052 3103 2202 3150 spiritus
2221 3103 2459 3138 robustorum

1397 3156 1506 3204 quasi
1531 3156 1639 3191 turbo
1669 3155 1859 3203 impellens
1880 3156 2077 3203 parietem.

1452 3296 1480 3330 φ)
1500 3296 1642 3321 invenitur.
1657 3304 1679 3315 ι
1697 3296 1863 3321 inveniretur
1880 3296 2003 3321 ABCFG.

1450 3333 1479 3366 χ)
1505 3331 1812 3357 invenitur...connexi.
1828 3345 1847 3350 —
1865 3331 2001 3356 invenitur
2023 3331 2094 3355 ratio
2118 3330 2293 3356 connexionis
2319 3330 2344 3354 in
2365 3330 2463 3355 divinis

1398 3367 1531 3396 Personis,
1543 3367 1614 3391 unde
1628 3366 1665 3398 (et
1677 3367 1739 3392 inde
1752 3367 1792 3391 ed.
1805 3366 1833 3398 a)
1849 3367 1930 3391 ther
1943 3370 1968 3392 et
1984 3366 2068 3391 Filius
2075 3370 2190 3398 possunt
2204 3366 2257 3391 dici
2268 3365 2385 3390 connexi
2394 3366 2462 3395 Pub,-

1398 3410 1445 3435 pro
1458 3402 1572 3434 possint,
1588 3405 1702 3434 possunt
1720 3402 1840 3435 BDGpA.

1451 3436 1479 3471 ψ)
1499 3437 1632 3470 sufficiens
1650 3437 1744 3462 virtus.
1762 3451 1781 3456 —-
1799 3438 1885 3462 virtus
1903 3437 2019 3470 efficiens
2037 3437 2066 3466 B,
2085 3436 2170 3461 virtus
2188 3436 2321 3470 sufficiens
2339 3435 2425 3460 ceteri.
2443 3449 2463 3454 —

1399 3473 1450 3497 Pro
1466 3472 1639 3501 causandum,
1659 3472 1804 3497 creandum
1822 3472 1986 3497 ACDEFGa.
1999 3485 2018 3491 ·-
2032 3472 2082 3496 Pro
2096 3471 2218 3500 sumitur,
2233 3471 2332 3496 dicitur
2350 3471 2420 3495 sumi
2432 3471 2462 3496 P.

1451 3508 1482 3539 ω)
1502 3507 1581 3540 quod.
1599 3522 1618 3526 —
1635 3507 1701 3539 quid
1719 3508 1820 3532 codices
1839 3513 1864 3532 et
1883 3507 1923 3532 ed.
1943 3507 1972 3535 b,-
1990 3512 2015 3531 et
2034 3507 2068 3531 ita
2087 3511 2146 3539 post
2165 3514 2220 3539 seq.
2234 3506 2425 3531 consideretur.
2443 3519 2462 3524 -·

1399 3543 1449 3567 Pro
1469 3543 1494 3567 in
1514 3543 1653 3572 creaturis,
1674 3543 1699 3567 in
1720 3542 1818 3567 divinis
1835 3546 1862 3567 et
1880 3542 1906 3567 in
1925 3542 2057 3567 creaturis
2076 3542 2116 3566 ed.
2135 3549 2159 3572 a,
2179 3541 2310 3567 creaturis
2329 3542 2370 3566 ed.
2390 3541 2414 3566 b.

1451 3578 1497 3610 αα)
1518 3577 1674 3603 divinitatis.
1692 3592 1711 3596 —
1730 3578 1837 3603 deitatis
1855 3577 1956 3602 codices
1976 3582 2001 3602 et
2019 3577 2059 3602 ed.
2079 3584 2104 3601 a.

1452 3612 1493 3646 ββ)
1513 3613 1654 3638 violentam
1674 3612 1819 3645 quandam.
1836 3627 1855 3632 -
1873 3613 2024 3638 violentiam
2043 3612 2178 3645 quandam
2198 3615 2224 3637 et
2242 3612 2305 3637 Pub.

2286 3665 2317 3690 52

2583 1998 2602 2023 ‘t

2583 2100 2600 2135 ψ

2487 2216 2496 2226 ·
2512 2215 2571 2237 Vide
2586 2222 2634 2243 arg.
2648 2222 2669 2244 3.

2585 2317 2606 2332 ω

2578 2578 2612 2595 αα

2577 3042 2609 3076 ββ

2488 3108 2499 3120 '⁴'
2514 3108 2581 3130 Vers.
2596 3115 2620 3135 4.
