2768 4178
86 832 95 840 ·
111 829 147 852 Cf.
162 835 230 852 num.
241 836 290 858 seq.

86 1138 96 1147 ⁶
106 1137 166 1159 Vide
176 1141 297 1166 art.praec.

81 2029 91 2038 ‘
108 2028 165 2056 Cap.
181 2034 260 2049 xxxvi.

181 2082 198 2100 α

82 2590 92 2600 ·
107 2564 208 2611 νει-δέ.

83 2666 91 2674 ·
109 2665 160 2686 Art.
177 2671 193 2686 ι.

332 313 405 338 212
1019 301 1286 348 QUAESTIO
1316 302 1421 349 XVI,
1451 301 1749 339 ARTICULUS
1778 301 1814 338 V

1013 416 1345 449 Commentaria
1368 416 1619 450 Cardinalis
1642 417 1842 450 Caietam

360 524 379 544 N
403 513 514 549 titulo,
538 513 571 554 ly
593 513 767 543 secundum
797 514 954 543 rationem
978 512 1105 553 proprie
1134 512 1215 543 cadit
1244 522 1338 553 supra
1366 513 1399 553 ly

332 526 474 588 Ibonum
495 564 526 588 et
547 567 669 595 verum,
687 564 718 588 et
734 567 800 587 non
818 567 912 597 supra
926 557 959 598 ly
970 558 1082 597 prius:
1098 556 1243 597 quamvis
1262 557 1296 586 in
1312 556 1398 587 idem

302 602 434 635 ,redeat
456 608 589 642 uterque
614 611 740 638 sensus,
770 601 795 631 si
819 601 990 641 accipiatur
1018 600 1163 641 prioritas
1191 600 1321 631 rationis
1351 611 1397 631 se-

329 646 472 676 cundum
487 656 530 682 se,
548 652 584 676 ut
599 655 636 676 ex
652 646 859 686 responsione
879 646 918 675 ad
938 645 1080 686 primum
1099 644 1183 675 sumi
1199 652 1313 685 potest,
1330 655 1397 675 non

328 690 436 730 quoad
455 700 514 720 nos
531 696 665 721 tantum.
690 690 747 721 Est
771 700 845 730 ergo
870 698 996 720 sensus:
1023 689 1140 720 Utrum
1162 688 1244 719 ratio
1261 689 1337 720 boni
1358 689 1398 720 sit

328 734 416 775 prior
438 734 560 765 ratione
582 734 658 765 veri.

384 779 420 810 11.
437 779 472 809 ln
489 788 622 819 corpore
638 779 718 809 duo:
739 778 853 819 primo,
872 778 1048 808 excluditur
1064 776 1156 807 tacita
1170 776 1306 807 obiectio
1324 787 1398 808 con-

327 829 374 854 tra
397 823 500 863 ipsam
523 822 759 864 quaestionem;
785 823 936 858 secundo,
957 821 1167 862 respondetur
1185 821 1329 861 quaesito
1344 820 1371 852 θ’.

386 868 503 905 Quoad
521 869 685 908 primum,
711 867 825 897 dicitur
847 867 950 907 quod,
974 866 1047 896 licet
1074 872 1247 906 utrumque
1277 865 1396 896 horum

328 918 528 942 convertatur
550 922 624 942 cum
649 918 718 942 ente
742 910 996 951 suppositaliter,
1028 910 1266 949 distinguuntur
1288 916 1395 940 tamen

327 957 457 987 ratione.
483 955 568 987 Dixit
586 956 673 986 enirn
689 956 760 991 hoc,
782 955 947 996 quoniam,
965 964 1039 985 cum
1056 954 1135 985 ordo
1153 960 1314 994 supponat
1333 954 1396 984 dis-

326 1000 529 1036 tinctionem,
562 1007 592 1031 et
619 999 763 1040 quaestio
787 1000 864 1030 haec
887 1006 934 1030 est
957 999 995 1029 de
1020 998 1131 1029 ordine
1159 998 1236 1029 boni
1260 1005 1290 1028 et
1312 998 1393 1035 veri,

327 1051 453 1085 oportet
468 1044 613 1085 ipsorum
629 1043 866 1074 distinctionem
889 1043 1089 1083 praehabere.
1115 1043 1162 1073 Ex
1179 1042 1268 1073 dictis
1287 1049 1395 1073 autem

325 1089 477 1120 hactenus
492 1088 510 1108 *
528 1088 661 1119 habetur
676 1088 765 1128 quod
781 1088 867 1118 idem
883 1094 958 1118 sunt
980 1088 1105 1117 bonum
1128 1094 1158 1117 et
1177 1097 1289 1117 verum
1305 1087 1395 1127 quod

326 1143 390 1170 enS,
415 1140 446 1164 et
469 1139 698 1173 consequenter
719 1132 801 1162 inter
824 1142 866 1163 se.
892 1131 1070 1169 Quomodo
1095 1141 1169 1171 ergo
1194 1141 1279 1162 nunc
1299 1141 1394 1172 quae-

325 1178 404 1208 ritur
427 1178 466 1208 de
490 1174 624 1207 ordine?
647 1177 734 1207 Haec
758 1176 844 1207 enim
868 1176 1004 1207 obiectio
1028 1186 1085 1216 per
1107 1186 1210 1216 pauca
1232 1176 1286 1206 illa
1301 1176 1395 1206 verba

325 1222 358 1252 in
381 1221 538 1262 principio
561 1221 680 1252 litterae
704 1220 894 1251 excluditur:
919 1220 1074 1261 quoniam
1097 1220 1130 1250 in
1154 1220 1198 1251 eis
1222 1220 1396 1251 declaratur

325 1267 414 1307 quod
442 1265 588 1296 identitas
619 1272 665 1296 est
693 1265 725 1295 in
758 1265 944 1305 supposito,
970 1275 1037 1295 non
1060 1265 1093 1295 in
1124 1264 1245 1304 ratione
1269 1264 1395 1295 formali

325 1311 456 1347 horum;
477 1310 532 1341 sed
550 1310 583 1341 in
602 1309 660 1341 hac
680 1309 926 1350 distinguuntur.

1510 513 1562 544 III.
1581 514 1697 551 Quoad
1713 514 1888 545 secundum
1904 513 1932 550 ἓ,
1952 514 2162 554 respondetur
2177 514 2321 555 quaesito
2337 515 2431 546 unica
2447 525 2523 546 con-
2554 519 2766 548 ·Cf.num.prnec.

1454 557 1615 588 elusione:
1641 557 1714 588 Veri
1737 558 1816 588 ratio
1842 558 1985 589 absolute
2009 566 2055 589 est
2079 558 2165 599 prior
2188 558 2309 589 ratione
2331 559 2419 591 boni.

1507 602 1663 632 Probatur
1679 602 1852 642 dupliciter.
1877 603 1996 639 Primo,
2016 613 2128 633 verum
2145 603 2288 643 sequitur
2311 613 2379 634 esse
2402 603 2525 645 simpli-

1454 645 1528 676 citer
1552 653 1582 676 et
1604 646 1797 683 immediate,
1822 647 1947 677 bonum
1969 654 2076 678 autem
2101 647 2306 688 consequitur
2328 657 2395 678 esse
2411 658 2524 679 secun-

1453 690 1532 720 dum
1556 691 1645 730 quod
1675 697 1722 721 est
1749 690 1858 731 aliquo
1889 692 1988 722 modo
2018 691 2211 732 perfectum,
2236 692 2317 722 idest
2345 693 2524 723 secundum

1452 734 1542 774 quod
1565 734 1660 765 habet
1682 734 1790 775 aliquo
1814 735 1914 765 modo
1945 736 2101 766 rationem
2125 735 2345 776 perfectionis:
2371 746 2446 777 ergo
2469 747 2525 768 ve-

1452 788 1525 808 rum
1542 785 1588 808 est
1606 778 1819 820 propinquius
1846 779 1911 810 enti
1936 789 2035 820 quam
2057 781 2198 810 bonum:
2223 790 2298 820 ergo
2319 787 2366 811 est
2388 781 2486 821 prius.
2504 798 2523 804 -

1451 822 1659 858 Antecedens,
1685 833 1743 862 pro
1768 824 1906 854 secunda
1929 830 2027 864 parte,
2044 825 2210 864 probatur:
2235 825 2311 865 quia
2334 835 2390 855 ens
2414 832 2461 856 est
2480 825 2523 856 sic

1451 866 1622 906 appetibile
1630 875 1638 902 ;
1662 866 1756 902 idest,
1781 877 1836 897 ens
1860 877 1927 898 non
1950 868 2044 900 habet
2068 868 2225 899 rationem
2248 869 2437 909 appetibilis,
2462 869 2521 900 nisi

1451 916 1487 940 ut
1505 910 1661 940 rationem
1684 910 1886 950 perfectionis
1909 911 2022 943 induit.
2046 913 2146 950 Quod
2164 919 2261 953 patet,
2285 920 2356 944 tum
2372 913 2448 955 quia
2467 924 2522 945 ens

1451 963 1518 984 non
1552 954 1731 984 secundum
1760 964 2000 996 quamcumque
2032 957 2320 988 considerationem
2353 958 2523 989 comitatur

1451 998 1528 1028 boni
1551 998 1641 1034 ratio,
1662 1005 1698 1028 ut
1716 1005 1801 1038 patet
1823 999 1857 1029 in
1881 999 2128 1031 mathematicis:
2153 1008 2224 1032 tum
2247 1001 2323 1042 quia
2346 1012 2443 1033 omne
2466 1013 2522 1043 ap-

1450 1049 1560 1082 petens
1572 1042 1693 1082 appetit
1707 1042 1936 1082 perfectionem
1951 1043 2102 1084 aliquam.
2111 1062 2133 1067 —
2143 1045 2288 1076 Secunda
2303 1056 2435 1087 quoque
2445 1057 2522 1077 con-

1450 1087 1615 1127 sequentia
1631 1087 1797 1126 probatur:
1818 1087 1894 1128 quia
1917 1097 1972 1118 ens
1996 1095 2120 1120 constat
2143 1099 2210 1120 esse
2226 1089 2313 1130 prius
2329 1090 2428 1128 bono,
2452 1091 2520 1122 imo

1450 1130 1593 1171 primum
1616 1131 1808 1171 simpliciter.

1508 1175 1656 1206 Secundo
1679 1176 1832 1216 probatur
1860 1176 2034 1207 conclusio.
2067 1177 2187 1207 Verum
2209 1177 2336 1218 respicit
2363 1179 2522 1219 cognitio-

1450 1230 1534 1256 nem,
1552 1220 1677 1251 bonum
1693 1226 1801 1250 autem
1817 1220 2008 1261 appetitum:
2029 1230 2104 1261 ergo
2120 1231 2233 1252 verum
2253 1229 2298 1252 est
2313 1222 2401 1262 prius
2421 1223 2520 1254 bono.

1450 1282 1470 1286 -
1486 1264 1642 1295 Probatur
1664 1264 1810 1306 sequela:
1836 1264 1910 1305 quia
1934 1265 2074 1305 cognitio
2091 1265 2273 1297 naturaliter
2295 1266 2453 1306 praecedit
2467 1277 2522 1308 ap-

1450 1308 1649 1349 petitionem.

1049 1444 1438 1487 ARTICULUS
1487 1445 1797 1497 QUINTUS

1126 1538 1283 1569 UTRUM
1307 1537 1418 1588 DEus
1441 1537 1508 1569 SIT
1533 1537 1717 1568 VERITAS

710 1618 731 1642 1·
751 1618 803 1648 11⁰,
818 1625 862 1650 qu.
876 1624 914 1647 111,
928 1622 974 1642 art.
988 1624 1017 1650 7;
1037 1617 1045 1641 1
1066 1617 1148 1646 Seni„
1163 1617 1223 1642 dist.
1234 1624 1284 1646 xxx,
1298 1624 1342 1649 qu.
1357 1624 1381 1646 ν,
1396 1621 1443 1641 art.
1461 1624 1487 1647 1;
1507 1616 1516 1641 Ῑ
1539 1617 1615 1642 Cont.
1633 1617 1720 1646 Gent„
1736 1624 1793 1649 cap.
1806 1623 1847 1641 ux
1867 1624 1943 1649 sqq.;
1963 1617 2003 1647 111,
2018 1625 2075 1650 cap.
2089 1625 2122 1642 u.

356 1714 387 1742 )-«
410 1715 421 1732 t
439 1714 497 1749 &aa
537 1711 559 1735 D
580 1710 743 1741 QUINTUM
762 1710 815 1735 sm
835 1709 1075 1735 Paocanlrua.
1104 1697 1264 1734 Videtur
1289 1698 1392 1746 quod

350 1732 400 1773 '‘⁴³“
450 1742 514 1814 ᾗῇ,
537 1753 642 1789 Deus
668 1764 747 1788 non
767 1751 813 1788 sit
830 1751 982 1788 veritas.
1012 1750 1159 1788 Veritas
1180 1750 1282 1787 enim
1303 1763 1392 1787 con-

356 1848 359 1852 r
386 1845 390 1851 ,
478 1796 631 1842 sfsistit
657 1805 695 1842 in
725 1804 1003 1853 compositione
1024 1812 1059 1841 et
1079 1804 1266 1842 divisione
1286 1804 1392 1840 intel-

380 1834 478 1895 ἐῶν)
493 1851 666 1896 lectus.
698 1858 775 1895 Sed
803 1857 842 1894 in
870 1859 956 1894 Deo
985 1870 1064 1895 non
1089 1864 1144 1894 est
1164 1857 1392 1906 compositio

325 1919 369 1948 et·
390 1911 538 1948 divisio.
569 1912 671 1959 Ergo
700 1923 779 1947 non
809 1918 865 1948 est
892 1910 943 1947 ibi
972 1911 1123 1948 veritas.

379 1976 414 2002 2.
446 1965 679 2011 PRAETEREA,
699 1964 851 2010 veritas,
878 1964 1093 2001 secundum
1122 1963 1391 2011 Augustinum,

323 2018 362 2055 in
390 2018 486 2054 libro
515 2018 560 2054 de
586 2019 683 2055 Vera
698 2017 823 2067 Relig.
843 2017 874 2063 ²⁸,
906 2025 961 2054 est
979 2017 1180 2054 similitudo
1200 2016 1391 2065 principii.

325 2071 403 2108 Sed
422 2070 495 2108 Dei
514 2083 593 2108 non
613 2079 669 2108 est
689 2070 893 2108 similitudo
915 2070 964 2108 ad
979 2077 996 2092 α
1014 2070 1257 2120 principium.
1289 2070 1392 2118 Ergo

324 2125 362 2161 in
390 2125 475 2161 Deo
504 2136 583 2161 non
612 2132 668 2161 est
695 2124 846 2161 veritas.

380 2179 413 2215 3.
444 2178 678 2225 PRAETEREA,
708 2177 894 2225 quidquid
919 2176 1053 2214 dicitur
1073 2177 1120 2214 de
1140 2178 1238 2224 Deo,
1260 2176 1395 2214 dicitur

325 2231 372 2268 de
406 2242 452 2267 eo
481 2238 523 2267 ut
562 2230 609 2268 de
641 2230 766 2279 prima
799 2242 914 2267 causa
951 2230 1147 2267 omnium:
1178 2229 1274 2267 sicut
1311 2242 1394 2266 esse

324 2283 397 2320 Dei
427 2291 482 2321 est
520 2296 635 2320 causa
671 2283 797 2320 omnis
831 2295 934 2330 esse,
971 2290 1007 2320 et
1035 2283 1185 2320 bonitas
1224 2283 1306 2319 eius
1339 2290 1395 2319 est

325 2349 440 2374 causa
474 2337 600 2374 omnis
634 2336 740 2374 boni.
781 2335 820 2373 Si
850 2348 938 2383 ergo
973 2336 1011 2373 in
1044 2337 1129 2373 Deo
1159 2336 1206 2372 sit
1232 2335 1392 2383 veritas,

325 2402 415 2438 ergo
434 2388 452 2419 β
480 2403 596 2427 omne
624 2402 762 2427 verum
802 2389 869 2426 erit
902 2389 951 2426 ab
984 2389 1079 2438 ipso.
1121 2390 1198 2426 Sed
1226 2389 1393 2437 aliquem

323 2455 483 2492 peccare
513 2451 568 2480 est
601 2455 751 2481 verum.
782 2443 884 2491 Ergo
914 2442 988 2479 hoc
1018 2443 1127 2480 etita
1147 2443 1245 2479 Deo.
1277 2442 1394 2489 Quod

324 2504 428 2546 patet
457 2509 539 2533 esse
568 2497 716 2534 falsum.

379 2551 453 2588 SED
469 2562 615 2587 CONTRA
630 2561 695 2587 EST
710 2549 816 2597 quod
832 2548 921 2586 dicit
935 2548 1127 2586 Dominus
1137 2554 1162 2596 ⁷,
1176 2550 1281 2586 Ioan.
1291 2548 1392 2585 X1v*:

323 2604 410 2654 Ego
438 2615 521 2640 sum
549 2603 624 2649 via,
653 2603 791 2640 veritas
820 2608 856 2639 et
881 2602 969 2639 vita.

378 2658 604 2694 RESPONm-:o
633 2667 818 2693 mcaNDUM
847 2654 964 2704 quod,
990 2654 1086 2691 sicut
1114 2654 1257 2691 dictum
1288 2661 1344 2691 est
1361 2653 1393 2701 ²¹⁰,

323 2710 463 2747 veritas
496 2709 688 2746 invenitur
716 2709 755 2746 in
778 2706 792 2730 δ
815 2708 1006 2746 intellectu
1040 2708 1254 2745 secundum
1289 2707 1394 2756 quod

325 2762 575 2812 apprehendit
603 2775 684 2800 rem
708 2770 750 2799 ut
774 2770 840 2809 est,
863 2769 899 2799 et
917 2761 955 2798 in
986 2773 1025 2798 re
1055 2761 1268 2798 secundum
1288 2761 1394 2809 quod

323 2816 438 2853 habet
467 2828 549 2852 esse
584 2815 858 2853 conformabile
891 2814 1105 2852 intellectui.
1149 2815 1236 2851 Hoc
1265 2821 1392 2851 autern

324 2869 488 2906 maxime
518 2869 709 2906 invenitur
737 2869 775 2906 in
803 2870 900 2905 Deo.
931 2869 1035 2904 Nam
1065 2880 1147 2905 esse
1177 2880 1291 2904 suum
1315 2879 1394 2904 non

325 2923 450 2959 solum
481 2930 535 2959 est
554 2922 750 2959 conforme
781 2934 851 2958 suo
880 2921 1095 2968 intellectui,
1117 2921 1184 2958 sed
1206 2921 1318 2958 etiam
1340 2928 1396 2957 est

324 2975 450 3024 ipsum
488 2987 602 3012 suum
639 2975 863 3023 intelligere;
895 2982 931 3011 et
959 2986 1073 3011 suurn
1106 2974 1310 3022 intelligere
1339 2981 1395 3011 est

324 3041 504 3066 mensura
534 3036 570 3065 et
598 3041 713 3065 causa
741 3028 867 3065 omnis
895 3027 1047 3064 alterius
1077 3039 1171 3075 esse,
1204 3035 1239 3064 et
1268 3026 1394 3064 omnis

324 3082 474 3119 alterius
502 3082 728 3128 intellectus;
760 3089 795 3118 et
823 3081 904 3130 ipse
934 3088 989 3117 est
1018 3093 1130 3117 suum
1161 3092 1243 3117 esse
1273 3087 1309 3117 et
1337 3079 1392 3117 in-

323 3135 489 3183 telligere
508 3141 530 3172 ⁸.
560 3135 672 3172 Unde
692 3135 863 3183 sequitur
882 3134 987 3183 quod
1008 3146 1086 3170 non
1106 3134 1231 3171 solum
1252 3133 1289 3170 in
1309 3133 1391 3182 ipso

377 3249 404 3281 α)
423 3248 570 3274 similitudo
583 3248 626 3274 ad.
636 3262 655 3267 -
666 3248 776 3281 aliquod
791 3249 865 3273 codd.
876 3263 893 3267 —
906 3249 973 3273 Ante
988 3249 1088 3273 veritas
1100 3248 1169 3273 ABD
1183 3249 1281 3273 addunt
1292 3248 1391 3280 aliqua.

378 3283 402 3317 β)
422 3292 496 3317 ergo.
514 3298 533 3303 -
551 3284 613 3310 Om.
633 3284 744 3309 codices-

376 3321 403 3353 γ)
423 3320 488 3345 dicit
507 3319 649 3345 Dominus.
665 3333 684 3338 -
702 3319 768 3345 dicit
788 3318 936 3352 Dionysius
955 3319 996 3343 ed.
1016 3320 1039 3347 b,
1059 3319 1159 3345 dicitur
1178 3319 1207 3344 Ρ.

377 3354 402 3387 δ)
422 3356 458 3380 in.
477 3370 494 3374 -
513 3358 539 3380 et
557 3355 583 3380 in
603 3355 666 3380 Fab.
684 3368 702 3374 —
722 3354 772 3379 Pro
792 3361 847 3379 rem
867 3357 896 3379 ut
914 3357 954 3379 est
972 3357 998 3379 et
1017 3355 1043 3379 in
1063 3362 1100 3384 re,
1117 3355 1157 3379 ed.
1173 3355 1187 3380 b
1202 3354 1263 3386 legit
1282 3360 1346 3383 rem,
1363 3356 1392 3378 ut

323 3394 364 3416 est
382 3390 408 3415 in
428 3398 465 3416 re.

1448 1696 1494 1733 sit
1527 1696 1687 1744 veritas,
1719 1696 1786 1734 sed
1819 1696 1924 1746 quod
1958 1697 2037 1746 ipse
2073 1698 2120 1735 sit
2152 1698 2235 1748 ipsa
2263 1699 2277 1726 ζ
2305 1712 2457 1738 summa
2486 1708 2522 1738 et

1447 1762 1572 1799 prima
1598 1757 1750 1787 ventas.

1501 1805 1560 1840 An
1589 1815 1726 1840 PRIMUM
1756 1815 1854 1840 ERGO
1883 1815 2068 1841 mcaNDuM
2094 1803 2214 1852 quod,
2232 1804 2317 1842 licet
2344 1805 2383 1844 in
2410 1806 2517 1844 intel-

1447 1857 1545 1893 lectu
1566 1856 1697 1893 divino
1726 1868 1806 1893 non
1825 1856 1871 1893 sit
1899 1856 2129 1905 compositio
2154 1865 2191 1894 et
2219 1857 2368 1907 divisio,
2387 1866 2520 1898 tamen

1448 1909 1662 1946 secundum
1691 1921 1801 1946 suam
1830 1909 2043 1958 simplicem
2067 1909 2352 1958 intelligentiam
2380 1911 2522 1951 iudicat

1449 1963 1501 2000 de
1535 1962 1737 2009 omnibus,
1769 1970 1805 1999 et
1833 1962 2028 2011 cognoscit
2060 1963 2191 2000 omnia
2228 1965 2441 2014 complexa.
2471 1966 2522 2004 Et

1449 2015 1502 2053 sic
1531 2016 1568 2052 in
1596 2015 1788 2052 intellectu
1817 2015 1896 2053 eius
1926 2024 1982 2053 est
2009 2016 2161 2054 veritas.

1501 2071 1561 2106 AD
1589 2081 1780 2106 SECUNDUM
1801 2081 1986 2107 mcx-:rmum
2011 2069 2116 2119 quod
2144 2081 2282 2107 verum
2309 2070 2519 2110 intellectus

1449 2122 1566 2159 nostri
1595 2129 1651 2159 est
1670 2122 1885 2159 secundum
1914 2122 2020 2171 quod
2043 2123 2303 2161 conformatur
2330 2136 2400 2162 suo
2419 2125 2521 2175 prin-

1450 2175 1562 2224 cipio,
1584 2175 1724 2212 scilicet
1744 2176 1869 2223 rebus,
1891 2188 1913 2212 a
1932 2176 2072 2224 quibus
2093 2176 2351 2224 cognitionem
2371 2178 2517 2228 accipit.

1449 2228 1595 2265 Veritas
1625 2228 1739 2264 etiam
1767 2233 1781 2249 η
1810 2241 1937 2265 rerum
1968 2236 2024 2266 est
2056 2231 2269 2267 secundum
2293 2231 2399 2280 quod
2429 2245 2519 2270 con-

1449 2281 1661 2318 formantur
1680 2293 1750 2318 suo
1771 2281 1971 2330 principio,
1988 2282 2354 2321 scilicet.intellectui
2373 2284 2518 2324 divino.

1451 2334 1529 2371 Sed
1556 2335 1652 2381 hoc,
1682 2334 1836 2383 proprie
1865 2335 2080 2383 loquendo,
2111 2348 2191 2373 non
2218 2344 2345 2385 potest
2381 2337 2455 2376 dici
2482 2338 2520 2376 in

1449 2387 1607 2425 veritate
1637 2387 1778 2433 divina,
1800 2387 1871 2424 nisi
1890 2388 1986 2424 forte
2014 2389 2228 2426 secundum
2249 2390 2356 2438 quod
2379 2391 2520 2430 veritas

1450 2440 1717 2490 appropriatur
1745 2440 1854 2487 Filio,
1884 2441 1949 2489 qui
1977 2441 2094 2479 habet
2119 2442 2363 2492 principium.
2391 2444 2471 2482 Sed
2490 2444 2520 2482 si

1451 2494 1498 2531 de
1525 2493 1684 2531 veritate
1714 2493 1962 2531 essentialiter
1980 2494 2080 2532 dicta
2107 2495 2323 2544 loquamur,
2344 2509 2423 2535 non
2450 2510 2520 2547 po-

1449 2555 1522 2584 test
1549 2546 1711 2594 intelligi,
1741 2546 1812 2583 nisi
1840 2548 2053 2584 resolvatur
2081 2548 2310 2587 affirmativa
2337 2549 2376 2587 in
2405 2562 2519 2600 nega-

1449 2600 1581 2647 tivam,
1603 2600 1698 2637 sicut
1718 2612 1807 2637 cum
1837 2599 1982 2648 dicitur,
2006 2602 2120 2638 Pater
2139 2608 2195 2639 est
2219 2614 2244 2639 a
2262 2615 2314 2649 se,
2335 2604 2424 2652 quia
2444 2617 2520 2642 non

1450 2659 1504 2691 est
1521 2654 1570 2690 ab
1593 2653 1680 2690 alio.
1698 2654 1747 2690 Et
1766 2653 1937 2691 similiter
1961 2653 2034 2691 dici
2053 2662 2180 2703 potest
2196 2656 2398 2694 similitudo
2411 2658 2520 2707 prin-

1450 2707 1538 2756 cipii
1562 2706 1702 2744 veritas
1741 2706 1889 2753 divina,
1916 2707 2143 2756 inquantum
2173 2721 2256 2746 esse
2289 2721 2403 2747 suurn
2440 2723 2519 2749 non

1451 2768 1506 2797 est
1534 2772 1604 2797 suo
1632 2759 1834 2797 intellectui
1864 2760 2056 2798 dissimile.

1503 2815 1562 2850 An
1589 2825 1749 2850 TERTlUM
1778 2825 1962 2851 mcaNDUM
1992 2814 2098 2863 quod
2121 2826 2201 2852 non
2230 2827 2296 2852 ens
2329 2823 2367 2853 et
2392 2816 2519 2866 priva-

1449 2867 1572 2904 tiones
1595 2878 1674 2903 non
1692 2866 1835 2903 habent
1855 2879 1899 2904 ex
1919 2867 2052 2916 seipsis
2071 2867 2282 2916 veritatem,
2304 2869 2372 2906 sed
2391 2870 2517 2907 solum

1451 2932 1496 2957 ex
1514 2918 1527 2940 ⁰
1556 2919 1860 2969 apprehensione
1889 2919 2110 2958 intellectus.
2132 2921 2270 2958 Omnis
2295 2929 2423 2959 autem
2452 2934 2517 2972 ap-

1450 2973 1654 3023 prehensio
1692 2972 1899 3010 intellectus
1928 2986 1950 3010 a
1978 2975 2064 3011 Deo
2094 2981 2165 3011 est:
2193 2974 2295 3012 unde
2334 2975 2519 3024 quidquid

1449 3034 1506 3063 est
1523 3025 1691 3063 veritatis
1710 3025 1750 3063 in
1777 3027 1852 3063 hoc
1886 3027 1992 3075 quod
2013 3026 2111 3074 dico,
2131 3027 2241 3064 istum
2248 3028 2451 3076 fornicari
2465 3034 2521 3066 est

1447 3091 1594 3125 verum,
1615 3086 1737 3116 totum
1769 3087 1824 3116 est
1851 3092 1873 3116 a
1901 3081 1998 3117 Deo.
2032 3079 2111 3117 Sed
2138 3079 2168 3117 si
2197 3089 2393 3129 arguatur,
2423 3093 2518 3132 ergo

1449 3133 1559 3169 istum
1577 3132 1775 3181 fornicari
1791 3138 1846 3169 est
1871 3145 1895 3170 a
1923 3134 2018 3179 Deo,
2041 3140 2096 3170 est
2122 3133 2267 3170 fallacia
2287 3134 2516 3173 Accidentis.

1499 3248 1521 3279 ε)
1542 3247 1699 3280 intelligere.
1713 3261 1732 3266 -
1748 3254 1824 3272 suum
1845 3247 1996 3280 intelligere
2013 3246 2072 3276 FG3
2092 3247 2168 3271 ceteri
2189 3247 2295 3280 insuper
2315 3248 2517 3280 transponendo,

1446 3282 1594 3315 intelligere
1611 3289 1688 3308 suum
1708 3286 1734 3307 et
1751 3289 1828 3307 suum
1847 3290 1911 3308 esse.

1499 3317 1524 3350 ζ)
1545 3318 1612 3350 ipsa.
1629 3331 1648 3337 ·-
1667 3318 1729 3343 Om.
1744 3318 1855 3343 codices.

1501 3354 1527 3385 η)
1547 3354 1636 3379 etiam.
1655 3367 1675 3372 —
1692 3357 1782 3378 autem
1802 3354 1854 3378 AB.

1499 3386 1523 3421 0)
1543 3396 1588 3414 ex.
1607 3402 1626 3407 -
1644 3388 1670 3413 in
1690 3389 1718 3419 P,
1738 3397 1792 3414 om.
1807 3389 1847 3414 ed.
1863 3388 1886 3413 b.

1009 3468 1341 3501 Commentario.
1364 3466 1613 3500 cardinalis
1636 3467 1836 3500 Caietani

387 3549 493 3569 rrimus
524 3539 634 3570 clarus.
658 3557 678 3562 —
705 3539 739 3569 In
764 3549 898 3579 corpore
928 3549 992 3569 una
1017 3538 1181 3570 conclusio
1210 3537 1393 3579 responsiva

328 3551 548 3623 Tquaesito:
574 3583 608 3613 In
632 3583 700 3614 Deo
725 3593 791 3613 non
815 3583 922 3614 solum
946 3590 992 3614 est
1015 3583 1145 3620 veritas,
1171 3583 1227 3614 sed
1252 3582 1320 3622 ipse
1347 3588 1393 3613 est

325 3626 437 3657 veritas
454 3626 555 3666 prima
572 3634 601 3658 et
618 3630 752 3658 summa.
764 3645 783 3649 —
798 3627 973 3658 Conclusio
991 3627 1067 3658 haec
1085 3627 1203 3658 claudit
1218 3626 1251 3658 in
1266 3637 1298 3657 se
1315 3636 1392 3667 qua-

325 3678 400 3702 tuor
416 3677 535 3711 partes:
561 3671 662 3711 prima
679 3678 733 3707 est,
750 3672 838 3712 quod
862 3673 893 3702 in
918 3672 987 3702 Deo
1013 3677 1059 3702 est
1084 3673 1203 3703 veritas
1220 3675 1254 3702 ut
1276 3671 1308 3701 in
1334 3680 1370 3701 re
1378 3678 1391 3708 ;

1447 3538 1594 3574 secunda,
1615 3538 1704 3578 quod
1727 3538 1759 3568 in
1782 3538 1852 3568 Deo
1877 3542 1923 3568 est
1947 3539 2066 3569 veritas
2090 3539 2263 3577 obiective;
2289 3538 2396 3575 tertia,
2426 3538 2515 3579 quod

1445 3581 1535 3612 Deus
1559 3587 1605 3612 est
1629 3582 1767 3618 veritas;
1790 3588 1914 3622 quarta,
1940 3583 2028 3622 quod
2053 3588 2099 3613 est
2122 3583 2231 3623 prima
2260 3587 2291 3614 et
2312 3592 2452 3613 summa.
2475 3582 2517 3613 Et

1446 3626 1554 3666 quoad
1574 3635 1686 3655 omnes
1705 3625 1737 3655 in
1756 3625 1857 3656 littera
1876 3626 2038 3665 probatur.

1503 3669 1619 3708 Quoad
1636 3668 1773 3710 primam
1797 3669 1944 3710 quidem:
1970 3670 2047 3701 Esse
2071 3670 2129 3701 Dei
2152 3677 2199 3701 est
2221 3680 2286 3701 non
2311 3669 2417 3700 solum
2438 3679 2514 3701 con-

2683 637 2699 647 4
