2768 4178
0 1302 7 1346 ,ψῃ-ψ
0 1166 6 1295 *vm-«vv
0 1145 3 1157 ›-
0 1109 2 1121 Ἢ
0 1071 4 1093 *v
0 1049 7 1059 v

171 621 185 646 01

68 834 80 846 '⁵
94 834 189 857 comm.
203 841 280 857 xum.

66 1253 77 1263 ·
90 1251 159 1275 Vna.
169 1259 199 1276 u.

1004 269 1271 318 QUAESTIO
1301 270 1408 317 XIX,

307 350 434 388 Deum
463 351 560 388 velle
599 350 740 401 aliquid
771 363 906 388 eorum
935 363 1032 398 quae
1061 351 1161 397 vult,
1196 350 1376 399 possibile

309 412 364 441 est
382 403 398 432 β
428 417 518 441 eum
548 417 627 442 non
654 405 754 442 velle
789 404 901 449 illud3
933 411 969 440 et
996 403 1175 452 possibile
1205 411 1259 440 est
1288 416 1377 440 eum

308 458 406 494 velle
440 458 533 495 illud
570 457 676 506 quod
710 469 790 494 non
816 457 898 494 vult
920 462 946 493 ⁷.
977 457 1079 504 Ergo
1108 457 1286 494 voluntas
1325 456 1378 493 di-

308 511 399 548 vina
428 519 484 548 est
509 511 730 558 contingens
751 510 800 547 ad
818 509 1051 546 utrumlibet.
1082 510 1131 546 Et
1158 510 1212 546 sic
1239 509 1378 558 imper-

308 564 426 601 fecta:
457 564 545 613 quia
571 576 687 601 omne
717 562 938 611 contingens
965 570 1020 599 est
1047 562 1313 612 imperfectum
1344 571 1380 600 et

310 617 492 654 mutabile
512 615 536 654 δ.

367 671 399 707 5.
421 671 658 714 PRAETEREA,
689 669 737 705 ab
767 680 813 705 eo
843 668 949 716 quod
979 676 1035 704 est
1064 668 1111 705 ad
1140 669 1377 717 utrumlibet,

310 735 389 759 non
417 722 586 772 sequitur
614 721 740 770 aliqua
767 721 878 768 actio,
900 720 969 757 nisi
999 722 1046 758 ab
1076 721 1203 771 aliquo
1231 722 1303 759 alio
1324 722 1378 759 in—

311 775 468 812 clinetur
504 775 554 812 ad
581 786 721 821 unum,
750 782 791 810 ut
821 774 909 811 dicit
937 774 1247 822 Commentator,
1276 776 1317 813 in
1345 777 1377 812 II

307 828 458 876 szsic.
480 827 500 849 ²⁸
529 827 569 864 Si
603 839 692 874 ergo
725 828 903 864 voluntas
938 827 1010 864 Dei
1042 827 1082 864 in
1115 828 1304 876 aliquibus
1338 841 1378 865 se

308 881 423 917 habet
451 879 499 917 ad
524 880 756 927 utrumlibet,
778 880 947 929 sequitur
965 881 1070 930 quod
1089 882 1137 918 ab
1158 881 1284 929 aliquo
1305 882 1377 919 alio

311 933 582 970 determinetur
610 933 659 970 acl
689 933 880 971 effectum.
911 935 960 970 Et
988 934 1041 971 sic
1068 934 1184 971 habet
1212 935 1378 984 aliquam

310 999 466 1023 causam
494 986 675 1035 priorem.

363 1040 399 1077 6.
420 1040 654 1086 PRAETEREA,
672 1039 858 1088 quidquid
874 1041 980 1076 Deus
1000 1040 1078 1087 scit,
1096 1052 1141 1077 ex
1156 1041 1378 1078 necessitate

308 1092 386 1129 scit.
419 1092 496 1129 Sed
525 1092 621 1129 sicut
649 1092 803 1129 scientia
841 1093 970 1130 divina
999 1100 1054 1130 est
1075 1093 1162 1130 'eius
1195 1094 1377 1141 essentia,

308 1145 358 1182 ita
385 1146 563 1182 voluntas
592 1145 733 1183 divina.
755 1146 857 1193 Ergo
878 1146 1065 1195 quidquid
1084 1147 1190 1183 Deus
1218 1148 1310 1194 vult,
1333 1159 1378 1184 ex

309 1198 532 1236 necessitate
560 1199 654 1236 vult.

353 1252 439 1297 SED
457 1263 605 1289 CONTRA
624 1263 690 1288 EST
708 1251 812 1300 quod
830 1251 917 1288 dicit
930 1252 1150 1300 Apostolus,
1165 1252 1301 1300 Ephes.
1314 1265 1324 1289 1
1339 1252 1376 1290 *ε

273 1302 277 1303 ’
313 1305 388 1347 Qui
414 1311 593 1353 operatur
621 1305 749 1342 omnia
779 1305 984 1341 secundum
1022 1305 1219 1342 consilium
1247 1306 1378 1343 volun-

308 1358 392 1395 tatis
418 1370 521 1395 suae.
552 1358 670 1404 Quod
699 1365 827 1394 autem
861 1369 1068 1406 operamur
1106 1370 1151 1394 ex
1179 1364 1190 1378 ‘
1219 1359 1376 1396 consilio

306 1410 524 1458 voluntatis,
545 1423 624 1447 non
644 1423 690 1447 ex
709 1408 932 1447 necessitate
959 1411 1152 1448 volumus.
1173 1412 1265 1449 Non
1286 1424 1376 1460 ergo

308 1463 492 1513 quidquid
521 1464 627 1500 Deus
654 1464 748 1511 vult,
770 1475 815 1500 ex
843 1463 1066 1501 necessitate
1094 1465 1187 1502 vult.

362 1517 588 1554 RESPONDEO
616 1528 801 1554 DICENDUM
830 1517 936 1566 quod
955 1517 1214 1555 necessarium
1243 1518 1376 1556 dicitur

305 1569 447 1618 aliquid
476 1569 689 1618 dupliciter:
721 1569 862 1607 scilicet
891 1571 1075 1618 absolute,
1103 1578 1140 1607 et
1168 1583 1213 1608 ex
1233 1584 1374 1621 suppo-

306 1622 453 1660 sitione.
475 1622 744 1659 Necessarium
765 1623 938 1660 absolute
958 1623 1144 1661 iudicatur
1168 1624 1310 1674 aliquid
1331 1638 1375 1662 ex

304 1675 527 1713 habitudine
555 1675 826 1713 terminorum:
855 1684 986 1725 utpote
1005 1677 1094 1726 quia
1112 1678 1374 1726 praedicatum

306 1736 363 1765 est
389 1728 428 1766 in
457 1728 679 1766 definitione
708 1729 878 1776 subiecti,
898 1729 1005 1774 ‚sicut
1032 1731 1290 1768 necessarium
1321 1740 1376 1769 est

303 1781 503 1819 hominem
525 1794 607 1819 esse
636 1781 793 1828 anima13
823 1783 886 1820 vel
907 1783 997 1832 quia
1016 1784 1230 1822 subiectum
1253 1793 1307 1822 est
1327 1786 1374 1823 de

305 1835 451 1872 ratione
479 1835 699 1884 praedicati,
721 1835 817 1872 sicut
834 1836 910 1872 hoc
940 1844 995 1873 est
1013 1838 1284 1885 necessarium,
1305 1851 1373 1875 nu-

305 1900 458 1925 merum
487 1901 570 1925 esse
598 1900 731 1937 parem
751 1889 814 1925 vel
843 1889 1043 1937 imparem.
1066 1890 1128 1927 Sic
1147 1899 1275 1927 autem
1295 1904 1373 1929 non

305 1949 361 1978 est
379 1941 637 1978 necessarium
665 1942 862 1978 Socratem
892 1942 1037 1986 sedere.
1069 1944 1181 1981 Unde
1210 1957 1288 1981 non
1318 1953 1373 1982 est

303 1994 561 2031 necessarium
580 1995 764 2041 absolute,
786 1994 853 2032 sed
878 2002 1003 2044 potest
1023 1995 1096 2033 dici
1115 1997 1371 2035 necessarium

305 2059 350 2084 ex
385 2047 666 2097 suppositione:
702 2048 900 2097 supposito
940 2049 1042 2086 enim
1077 2051 1182 2099 quod
1220 2051 1370 2099 sedeat,

303 2113 461 2138 necesse
490 2108 546 2138 est
575 2113 664 2137 eum
692 2101 825 2138 sedere
855 2101 948 2139 dum
978 2102 1094 2140 sedet.

358 2153 469 2190 Circa
498 2153 628 2191 divina
655 2153 765 2202 igitur
791 2154 909 2191 volita
937 2155 1012 2191 hoc
1049 2155 1370 2194 considerandum

304 2213 370 2253 est,
392 2206 498 2255 quod
526 2206 666 2256 aliquid
694 2207 822 2243 Deum
853 2208 952 2244 velle
982 2207 995 2233 ζ
1024 2216 1080 2244 est
1113 2210 1370 2246 necessarium

302 2260 492 2302 absolute:
523 2272 603 2296 non
630 2267 761 2296 tamen
779 2261 854 2296 hoc
884 2268 939 2296 est
964 2272 1103 2298 verum
1125 2261 1172 2298 de
1193 2263 1372 2299 omnibus

302 2325 400 2362 quae
428 2313 522 2350 vult.
541 2313 729 2350 Voluntas
754 2312 855 2350 enim
876 2313 1004 2350 divina
1032 2315 1286 2352 necessariam
1306 2317 1372 2353 ha-

302 2365 515 2405 bitudinem
552 2366 668 2403 habet
701 2365 750 2403 ad
787 2366 998 2404 bonitatem
1027 2380 1159 2415 suam,
1189 2381 1287 2417 quae
1318 2377 1373 2406 est

301 2419 502 2468 proprium
531 2419 612 2456 eius
647 2419 853 2456 obiectum.
880 2420 992 2457 Unde
1021 2421 1231 2458 bonitatem
1260 2435 1370 2459 suam

303 2484 386 2509 esse
417 2473 524 2509 Deus
553 2485 598 2509 ex
626 2472 849 2509 necessitate
877 2473 979 2519 vult;
1006 2474 1101 2511 sicut
1131 2482 1166 2511 et
1193 2476 1371 2512 voluntas

302 2533 431 2562 nostra
461 2537 506 2562 ex
534 2525 757 2562 necessitate
785 2526 867 2563 vult
894 2526 1179 2565 beatitudinem.
1203 2528 1307 2565 Sicut
1337 2536 1372 2565 et

301 2579 494 2627 quaelibet
521 2578 593 2615 alia
619 2578 790 2627 potentia
818 2580 1073 2617 necessariam
1105 2581 1370 2619 habitudinem

301 2631 418 2668 habet
445 2631 494 2668 ad
513 2631 713 2680 proprium
734 2639 770 2668 et
796 2631 1002 2681 principale
1029 2634 1235 2681 obiectum,
1256 2643 1296 2671 ut
1315 2635 1370 2671 vi-

303 2697 367 2721 sus
395 2683 445 2721 ad
474 2685 662 2730 colorem;
693 2684 781 2733 quia
810 2684 858 2721 de
886 2685 944 2722 sui
979 2686 1122 2724 ratione
1162 2696 1234 2735 est,
1262 2696 1304 2725 ut
1332 2689 1370 2725 in

301 2737 392 2774 illud
421 2737 562 2774 tendat.
583 2737 669 2774 Alia
697 2745 825 2774 autern
853 2750 875 2774 a
903 2751 943 2775 se
963 2740 1070 2777 Deus
1097 2742 1189 2788 vult,
1210 2741 1369 2790 inquan-

302 2798 384 2827 tum
413 2790 636 2827 ordinantur
660 2790 708 2827 ad
728 2802 837 2827 suam
866 2791 1075 2830 bonitatem
1103 2801 1145 2830 ut
1169 2794 1207 2831 in
1236 2795 1367 2831 finem.

292 2844 361 2886 vEa
389 2851 519 2880 autem
547 2856 647 2892 quae
676 2851 763 2880 sunt
791 2843 840 2880 ad
867 2845 1002 2893 finem,
1027 2859 1106 2883 non
1135 2859 1180 2883 ex
1208 2847 1369 2884 necessi-

302 2904 376 2934 tate
405 2897 587 2934 volumus
614 2897 787 2933 volentes
814 2897 946 2945 finem,
968 2899 1038 2936 nisi
1067 2900 1140 2937 sint
1169 2900 1264 2946 talia,
1288 2900 1368 2937 sine

303 2949 442 2997 quibus
470 2949 557 2986 finis
587 2962 668 2986 esse
703 2962 782 2986 non
813 2958 958 2998 potest:
989 2952 1084 2989 sicut
1110 2953 1290 2990 volumus
1321 2953 1369 2990 ci-

301 3003 409 3050 bum,
429 3004 602 3040 volentes
632 3003 963 3041 conservationem
990 3005 1111 3051 vitae3
1143 3014 1178 3043 et
1206 3019 1367 3053 navem,

302 3056 474 3092 volentes
501 3057 750 3093 transfretare.
778 3057 869 3093 Non
898 3057 950 3094 sic
978 3066 1106 3095 autem
1137 3071 1181 3096 ex
1208 3060 1368 3096 necessi-

302 3115 377 3145 tate
405 3109 587 3146 volumus
621 3122 666 3146 ea
694 3109 773 3146 sine
810 3110 948 3158 quibus
985 3111 1072 3149 finis
1112 3125 1194 3149 esse
1222 3120 1366 3161 potest,

303 3161 397 3198 sicut
417 3173 562 3210 equum
581 3162 631 3199 ad
650 3163 948 3200 ambulandum:
978 3165 1068 3212 quia
1087 3165 1167 3202 sine
1186 3166 1261 3202 hoc
1280 3179 1369 3214 pos-

357 3292 381 3325 β)
397 3293 524 3325 possibile
541 3297 589 3318 est.
607 3308 625 3313 —
641 3295 767 3326 possibile
785 3299 825 3320 est
842 3295 923 3320 etiam
943 3295 987 3320 Pb.

356 3329 382 3361 γ)
403 3329 474 3361 quod
492 3336 544 3353 non
563 3330 628 3354 vult.
645 3343 664 3349 -
682 3331 754 3363 quod
773 3331 829 3355 vult
846 3331 892 3360 Bb,
912 3331 975 3363 quia
994 3332 1051 3356 vult
1070 3332 1146 3356 ceteri
1166 3338 1191 3357 et
1210 3333 1250 3357 ed.
1265 3340 1291 3357 α.

357 3363 381 3395 δ)
401 3367 428 3388 et
446 3364 580 3389 mutabile.
598 3378 617 3383 -
635 3365 696 3390 Om.
716 3366 818 3391 codices
838 3371 862 3390 et
882 3367 923 3391 ed.
937 3374 963 3391 a.

358 3400 380 3430 ε)
400 3406 445 3424 ex.
464 3413 482 3418 -
501 3399 562 3424 Om.
582 3400 692 3425 codices.

357 3434 381 3467 ζ)
401 3434 504 3466 aliquid
523 3435 608 3460 Deum
627 3436 701 3460 velle.
718 3450 738 3455 —
756 3437 842 3461 Deum
862 3438 926 3462 velle
941 3437 1016 3470 (velle
1029 3445 1082 3463 om.
1102 3437 1132 3470 C)
1152 3438 1288 3470 quoddam
1303 3439 1368 3463 voli-

304 3474 360 3495 tum
379 3470 478 3495 scilicet
495 3470 608 3502 seipsum
627 3471 749 3496 ABCDF..

1438 269 1734 308 ARTICULUS
1764 272 1813 307 111
2420 276 2466 311 23
2475 277 2492 312 5

1433 360 1566 386 sumus
1586 349 1661 395 ire;
1692 357 1728 386 et
1748 351 1883 388 eadem
1905 353 1996 389 ratio
2018 361 2072 390 est
2091 354 2130 390 in
2151 354 2241 391 aliis.
2262 355 2385 402 Unde,
2409 368 2496 392 cum

1433 401 1581 439 bonitas
1609 402 1683 439 Dei
1707 403 1752 440 sit
1769 405 1947 452 perfecta,
1970 414 2005 442 et
2022 412 2036 429 η
2057 418 2138 443 esse
2166 408 2285 456 possit
2304 408 2384 445 sine
2405 409 2495 456 aliis,

1434 466 1522 491 cum
1557 455 1647 492 nihil
1681 456 1714 492 ei
1741 457 1982 505 perfectionis
2018 471 2061 495 ex
2096 460 2174 496 aliis
2203 469 2411 507 accrescat;
2441 474 2498 498 se-

1433 507 1558 556 quitur
1595 509 1700 558 quod
1737 509 1810 546 alia
1837 522 1859 546 a
1887 523 1928 546 se
1962 523 2050 548 eum
2078 513 2196 560 velle,
2235 526 2314 550 non
2351 513 2397 551 sit
2432 527 2497 551 ne—

1434 561 1638 598 cessarium
1667 563 1853 599 absolute.
1879 564 1928 599 Et
1947 571 2075 601 tamen
2095 567 2348 603 necessarium
2378 576 2433 604 est
2453 580 2498 604 ex

1434 614 1715 662 suppositione:
1754 616 1951 664 supposito
1991 617 2092 653 enim
2130 620 2233 667 quod
2271 620 2380 667 velit,
2419 633 2498 658 non

1433 674 1559 715 potest
1586 680 1664 705 non
1691 669 1801 716 velle,
1832 669 1921 718 quia
1953 682 2031 706 non
2059 678 2184 718 potest
2210 673 2387 710 voluntas
2416 674 2496 710 eius

1434 720 1572 757 mutari
1590 720 1621 758 ²⁸.

1486 775 1544 810 AD
1574 785 1711 810 PR1MUM
1739 786 1837 811 ERGO
1866 786 2049 812 DlCENDUM
2079 776 2185 823 quod
2214 789 2258 814 ex
2290 778 2365 814 hoc
2393 780 2497 827 quod

1433 826 1539 863 Deus
1559 828 1608 863 ab
1628 833 1783 863 aeterno
1802 828 1884 864 vult
1903 827 2044 875 aliquid
2063 826 2086 876 ⁰,
2108 841 2187 866 non
2207 830 2374 879 sequitur
2392 834 2496 879 quod

1433 891 1589 916 necesse
1617 887 1672 916 est
1692 892 1781 917 eum
1801 887 1808 900 ¹
1836 880 1926 918 illud
1945 881 2055 927 velle,
2076 882 2144 918 nisi
2164 894 2208 918 ex
2229 884 2496 932 suppositione.

1486 934 1545 968 AD
1574 944 1763 970 SECUNDUM
1793 945 1976 970 DICENDUM
2003 935 2119 982 quod,
2140 935 2226 972 licet
2243 936 2348 973 Deus
2369 949 2413 973 ex
2434 950 2497 974 ne-

1434 984 1604 1022 cessitate
1641 985 1730 1022 velit
1763 986 1971 1023 bonitatem
2010 999 2140 1035 suam,
2175 1001 2253 1025 non
2286 996 2416 1027 tamen
2454 1003 2499 1028 ex

1433 1038 1654 1075 necessitate
1682 1039 1764 1076 vult
1792 1052 1837 1076 ea
1870 1052 1966 1088 quae
1994 1041 2076 1077 vult
2099 1049 2255 1090 propter
2292 1043 2498 1080 bonitatem

1433 1103 1563 1128 suam:
1594 1091 1683 1140 quia
1711 1092 1858 1129 bonitas
1888 1093 1968 1129 eius
1994 1101 2121 1142 potest
2149 1107 2231 1131 esse
2261 1095 2340 1132 sine
2369 1096 2460 1134 aliis.

1486 1146 1545 1180 AD
1573 1156 1732 1182 TERTIUM
1760 1157 1944 1183 mcssNDUM
1983 1147 2088 1195 quod
2126 1159 2204 1184 non
2242 1156 2296 1185 est
2329 1151 2497 1186 naturale

1432 1196 1517 1232 Deo
1545 1197 1643 1234 velle
1673 1198 1811 1246 aliquid
1832 1198 1994 1236 aliorum
2014 1206 2037 1246 ¹,
2069 1212 2165 1248 quae
2194 1213 2273 1238 non
2297 1214 2342 1238 ex
2370 1215 2498 1240 neces-

1433 1248 1539 1285 sitate
1569 1250 1659 1287 vult.
1689 1251 1828 1300 Neque
1857 1259 1984 1289 tamen
2013 1252 2240 1302 innaturale,
2275 1263 2338 1292 aut
2367 1264 2498 1293 contra

1432 1309 1630 1339 naturam:
1660 1304 1727 1340 sed
1757 1313 1812 1341 est
1839 1306 2111 1343 voluntarium.

1485 1357 1544 1392 AD
1574 1367 1747 1398 QUARTUM
1775 1369 1959 1395 DICENDUM
1993 1360 2096 1407 quod
2131 1359 2334 1408 aliquando
2373 1362 2498 1410 aliqua

1432 1420 1547 1445 causa
1576 1409 1790 1446 necessaria
1817 1411 1932 1447 habet
1958 1423 2038 1448 non
2065 1413 2318 1450 necessariam
2350 1415 2497 1451 habitu-

1432 1460 1561 1498 dinem
1591 1462 1639 1499 ad
1677 1462 1842 1512 aliquem
1877 1463 2078 1502 effectum:
2108 1467 2214 1514 quod
2253 1474 2307 1503 est
2343 1475 2498 1517 propter

1432 1513 1622 1552 defectum
1651 1515 1820 1564 effectus,
1842 1524 1878 1554 et
1901 1530 1980 1554 non
2007 1527 2163 1568 propter
2192 1520 2381 1558 defectum
2411 1533 2496 1558 cau-

1430 1579 1506 1605 sae.
1529 1567 1634 1605 Sicut
1652 1569 1771 1606 virtus
1803 1570 1891 1607 solis
1911 1571 2026 1608 habet
2050 1584 2128 1609 non
2157 1573 2411 1611 necessariam
2430 1575 2496 1611 ha-

1430 1621 1641 1659 bitudinem
1662 1623 1711 1660 ad
1730 1622 1870 1671 aliquid
1891 1636 2025 1661 eorum
2046 1637 2143 1674 quae
2160 1627 2418 1675 contingenter
2435 1627 2496 1664 hic

1431 1675 1630 1722 eveniunt,
1659 1688 1739 1712 non
1767 1684 1923 1725 propter
1951 1677 2141 1715 defectum
2170 1679 2316 1717 virtutis
2346 1680 2494 1727 solaris,

1430 1729 1497 1765 sed
1520 1736 1676 1778 propter
1705 1729 1895 1767 defectum
1926 1731 2081 1768 effectus
2100 1744 2179 1768 non
2207 1733 2420 1770 necessario
2451 1746 2495 1770 ex

1431 1793 1545 1818 causa
1572 1782 1843 1831 provenientis.
1875 1784 1924 1820 Et
1949 1783 2127 1832 similiter,
2149 1787 2254 1834 quod
2282 1787 2387 1823 Deus
2416 1799 2495 1823 non

1430 1846 1475 1870 ex
1503 1835 1725 1872 necessitate
1744 1836 1833 1873 velit
1853 1836 1992 1885 aliquid
2013 1850 2148 1874 eorum
2177 1851 2275 1887 quae
2294 1841 2386 1887 vult,
2415 1852 2494 1876 non

1429 1887 1565 1924 accidit
1592 1900 1638 1924 ex
1667 1889 1815 1926 defectu
1835 1890 2041 1927 voluntatis
2070 1891 2233 1940 divinae,
2260 1893 2328 1930 sed
2356 1905 2400 1929 ex
2429 1894 2492 1930 de-

1428 1941 1527 1977 fectu
1556 1941 1621 1989 qui
1651 1942 1832 1990 competit
1858 1943 1977 1980 volito
2002 1945 2213 1981 secundum
2243 1958 2352 1982 suam
2381 1946 2491 1982 ratio-

1428 2006 1539 2030 nem:
1570 1994 1659 2043 quia
1687 1995 1824 2032 scilicet
1848 2002 1902 2032 est
1930 1997 2014 2045 tale,
2034 2004 2076 2034 ut
2095 1997 2175 2034 sine
2197 2011 2242 2034 eo
2264 2011 2345 2035 esse
2372 1999 2492 2047 possit

1425 2047 1594 2095 perfecta
1622 2048 1769 2085 bonitas
1797 2049 1881 2086 Dei.
1912 2049 1988 2096 Qui
2020 2050 2175 2098 quidem
2206 2051 2373 2088 defectus
2403 2064 2491 2089 con-

1427 2100 1595 2148 sequitur
1623 2113 1738 2137 omne
1766 2102 1914 2138 bonum
1944 2110 2125 2141 creatum.

1480 2155 1539 2189 AD
1569 2165 1732 2195 QUINTUM
1760 2167 1858 2191 ERGO
1878 2153 1890 2175 ³·
1909 2167 2092 2193 DICENDUM
2121 2158 2225 2206 quod
2248 2170 2361 2194 causa
2394 2171 2491 2207 quae

1429 2213 1484 2242 est
1512 2218 1557 2242 ex
1585 2219 1626 2242 se
1656 2207 1888 2255 contingens,
1912 2217 2060 2256 oportet
2089 2210 2193 2258 quod
2222 2211 2492 2248 determinetur

1427 2259 1475 2295 ab
1504 2259 1630 2308 aliquo
1660 2260 1833 2297 exteriori
1852 2261 1900 2297 ad
1931 2261 2121 2300 effectum.
2144 2263 2222 2300 Sed
2239 2265 2417 2301 voluntas
2438 2265 2490 2301 di-

1426 2312 1528 2359 vina,
1550 2324 1648 2361 quae
1678 2325 1723 2349 ex
1751 2326 1791 2350 se
1821 2314 2083 2352 necessitatem
2110 2317 2237 2363 habet,
2268 2318 2492 2354 determinat

1427 2365 1593 2414 seipsam
1622 2365 1671 2402 ad
1698 2366 1872 2415 volitum,
1894 2367 1943 2404 ad
1963 2368 2068 2416 quod
2097 2369 2211 2406 habet
2229 2370 2491 2407 habitudinem

1426 2430 1505 2455 non
1532 2419 1797 2456 necessariam.

1479 2473 1538 2508 AD
1568 2484 1709 2509 SEXTUM
1737 2485 1920 2510 DICENDUM
1940 2474 2056 2522 quod,
2082 2475 2177 2511 sicut
2205 2475 2377 2512 divinum
2409 2489 2490 2513 esse

1425 2523 1464 2560 in
1499 2537 1539 2561 se
1576 2533 1631 2561 est
1658 2525 1932 2572 necessarium,
1961 2526 2012 2563 ita
2041 2535 2077 2563 et
2114 2527 2287 2565 divinum
2320 2530 2416 2566 velle
2455 2537 2490 2566 et

1427 2577 1600 2614 divinum
1620 2578 1734 2614 scire:
1765 2579 1832 2615 sed
1859 2579 2032 2616 divinum
2061 2580 2156 2617 scire
2175 2582 2290 2618 habet
2317 2595 2490 2619 necessa-

1425 2630 1521 2667 riam
1549 2630 1811 2668 habitudinem
1842 2633 1890 2668 ad
1919 2632 2023 2680 scita,
2054 2646 2132 2670 non
2161 2643 2288 2671 autem
2319 2635 2490 2672 divinum

1424 2684 1522 2720 velle
1551 2683 1601 2720 ad
1628 2684 1757 2720 volita.
1788 2685 1906 2731 Quod
1933 2685 2021 2723 ideo
2048 2695 2114 2734 est,
2136 2687 2224 2736 quia
2243 2688 2396 2725 scientia
2423 2690 2489 2725 ha-

1425 2737 1535 2773 betur
1563 2737 1611 2773 de
1641 2737 1766 2784 rebUS,
1788 2739 2000 2776 secundum
2021 2740 2126 2788 quod
2146 2749 2232 2777 sunt
2261 2741 2298 2778 in
2327 2742 2487 2779 sciente:

1423 2791 1601 2826 voluntas
1638 2798 1766 2827 autem
1802 2800 2045 2840 comparatur
2081 2793 2128 2830 ad
2158 2798 2237 2842 res‘,
2277 2795 2488 2832 secundum

1425 2843 1530 2892 quod
1565 2850 1651 2880 sunt
1686 2843 1725 2880 in
1758 2844 1889 2893 seipsis
1917 2845 1947 2882 ’¹‘.
1979 2846 2080 2893 Quia
2112 2846 2222 2894 igitur
2255 2848 2385 2885 omnia
2417 2848 2488 2885 alia

1424 2897 1566 2933 habent
1593 2897 1862 2934 necessariumv
1880 2910 1962 2935 esse
1990 2900 2203 2937 secundum
2224 2902 2326 2949 quod
2346 2909 2433 2938 sunt
2450 2902 2488 2939 in

1424 2951 1530 2995 Deo;
1561 2962 1640 2986 non
1668 2957 1797 2986 autern
1824 2952 2036 2989 secundum
2056 2953 2161 3001 quod
2181 2962 2266 2990 sunt
2285 2955 2323 2991 in
2343 2954 2485 3003 seipsis,

1423 3003 1566 3039 habent
1584 3003 1847 3040 necessitatem
1877 3005 2102 3053 absolutam,
2125 3006 2174 3043 ita
2196 3009 2300 3054 quod
2330 3007 2402 3044 sint
2419 3020 2488 3056 per

1424 3056 1547 3104 seipsa
1566 3056 1799 3102 necessaria;
1827 3065 1984 3106 propter
2002 3059 2077 3095 hoc
2096 3060 2200 3096 Deus
2221 3073 2487 3109 quaecumque

1424 3110 1503 3157 scit,
1526 3122 1570 3146 ex
1598 3109 1819 3146 necessitate
1850 3110 1936 3158 scit,
1966 3124 2045 3149 non
2067 3121 2193 3149 autem
2222 3126 2485 3162 quaecumque

1423 3164 1514 3209 vult,
1537 3175 1581 3199 ex
1609 3163 1830 3200 necessitate
1858 3165 1948 3201 vult.

1477 3297 1503 3327 η)
1518 3297 1653 3329 perfecta,
1672 3299 1706 3320 et.
1723 3309 1742 3315 -
1760 3299 1787 3320 et
1801 3297 1923 3329 perfecta
1941 3297 2081 3325 ACDFGa,
2097 3300 2123 3321 et
2135 3297 2284 3330 perfectum
2304 3298 2333 3322 E.
2359 3298 2363 3299 ⁷

1477 3330 1500 3363 θ)
1520 3332 1553 3355 ab
1567 3335 1676 3356 aeterno
1690 3331 1747 3355 vult
1760 3332 1870 3364 aliquid.
1882 3346 1901 3350 —
1915 3333 1971 3356 vult
1987 3333 2020 3356 ab
2039 3335 2146 3356 aeterno
2166 3333 2295 3365 quidquid
2307 3334 2363 3358 vult
2377 3334 2409 3364 1>;
2430 3335 2485 3358 vult

1423 3368 1455 3392 ab
1474 3370 1582 3392 aeterno
1601 3366 1677 3391 etiarn
1698 3367 1755 3391 edd.
1774 3367 1824 3391 ab.
2298 3378 2299 3381 =

1477 3403 1495 3433 ι)
1515 3410 1583 3427 eum.
1601 3416 1619 3420 -
1638 3402 1699 3426 Om.
1718 3402 1898 3427 ACDEFGab.

1476 3439 1500 3469 κ)
1520 3438 1644 3462 aliorum.
1661 3450 1679 3455 -
1698 3444 1789 3462 eorum
1808 3438 1836 3463 F.
1854 3450 1874 3457 ·-
1892 3439 1954 3462 Post
1971 3438 2062 3470 Neque
2081 3438 2126 3462 BG
2145 3439 2241 3463 addunt
2259 3443 2305 3464 est.

1475 3472 1502 3505 λ)
1522 3480 1594 3505 ergo.
1613 3487 1630 3491 —
1649 3472 1710 3497 Om.
1731 3474 1840 3498 codices.

2526 727 2536 738 '⁴
2550 727 2578 748 D.
2593 734 2647 756 490.

2515 2863 2524 2873 '¹
2539 2861 2568 2882 D.
2582 2866 2628 2882 222.
