2768 4178
193 429 205 445 V

91 530 101 540 '
118 529 164 556 Qu.
175 534 221 556 xm,
233 532 274 549 art.
282 534 303 549 2.

193 628 205 659 ξ

82 1379 93 1390 “
111 1379 147 1400 Cf.
166 1385 231 1400 num.
247 1385 296 1406 seq.

87 1428 95 1437 ·
113 1426 149 1448 cf.
164 1432 228 1448 num.
244 1433 276 1448 ιιι.

76 2211 85 2220 ·
100 2210 152 2231 Art.
170 2216 187 2231 1.

81 2698 89 2706 ·
106 2697 140 2719 cf.
155 2703 219 2719 nuru.
236 2703 251 2718 1.

336 289 409 324 322

333 366 404 402 alia
433 379 513 413 res,
543 366 610 403 sed
638 379 714 403 una
744 374 780 403 et
809 366 964 413 eadem,
993 379 1090 416 quae
1126 380 1204 404 non
1232 369 1396 416 perfecte

333 418 554 467 exprimitur
582 419 771 456 relationis
804 420 960 456 nomine
990 426 1019 463 ‘',
1049 420 1155 467 quasi
1185 421 1256 456 sub
1285 420 1396 468 signi—

331 471 508 508 ficatione
537 472 618 508 talis
648 472 813 509 nominis
843 473 1132 521 comprehensa.
1156 472 1311 509 Dictum
1341 482 1397 510 est

332 524 434 560 enim
463 537 578 572 supra
596 524 627 571 ²⁸,
659 537 746 561 cum
777 525 824 562 de
854 525 989 562 divinis
1010 524 1229 562 nominibus
1257 525 1395 573 ageba—

330 583 401 623 tur,
432 577 536 625 quod
564 578 649 626 plus
679 578 892 615 continetur
919 578 957 614 in
985 577 1216 626 perfectione
1243 578 1394 615 divinae

332 630 527 677 essentiae,
549 643 665 679 quarn
686 630 813 680 aliquo
835 631 990 667 nomine
1011 630 1211 677 significari
1230 630 1350 679 possit
1368 628 1392 667 ε.

330 682 440 719 Unde
470 695 548 719 non
567 684 736 731 sequitur
764 683 869 733 quod
889 683 925 720 in
954 684 1051 730 Deo,
1073 691 1222 731 praeter
1247 683 1394 720 relatio-

328 746 430 781 nem,
452 736 498 772 sit
516 736 657 784 aliquid
687 737 787 773 aliud
807 736 1018 773 secundum
1040 747 1143 781 rem;
1173 736 1241 772 sed
1269 737 1394 772 solum

329 788 566 825 considerata
594 789 792 826 nominum
824 788 978 826 ratione.

380 843 439 877 AD
467 853 627 879 TERTIUM
665 854 848 879 met-:NDUM
877 841 997 890 quod,
1029 840 1058 877 si
1094 840 1133 876 in
1160 840 1393 889 perfectione

328 893 456 930 divina
483 894 573 931 nihil
600 896 686 943 plus
715 895 971 931 contineretur
1002 905 1119 942 quarn
1149 892 1254 941 quod
1282 892 1391 941 signi-

326 946 415 984 ficat
442 959 586 984 nomen
606 947 817 994 relativum,
838 953 1060 995 sequeretur
1079 945 1184 993 quod
1209 958 1290 982 esse
1312 946 1391 982 eius

379 1078 402 1110 ν)
422 1077 560 1102 relationis
575 1078 717 1102 nomine.-
729 1077 834 1102 nomine
853 1077 993 1102 relationis
1005 1078 1050 1101 AB
1056 1085 1063 1108 ;
1083 1077 1223 1102 relationis
1237 1084 1291 1101 om.
1306 1077 1392 1109 ceteri.

379 1111 402 1145 ξ)
418 1112 512 1144 possit.
530 1127 550 1131 -
564 1115 655 1144 posset
674 1112 784 1137 codices.

999 288 1267 335 QUAESTIO
1297 289 1470 336 XXVIII,
1499 290 1797 327 ARTICULUS
1827 291 1859 326 II

1451 375 1549 405 esset
1576 368 1861 416 imperfectum,
1888 376 2021 417 utpote
2050 368 2099 405 ad
2138 368 2278 416 aliquid
2307 373 2319 389 ⁸
2348 367 2449 405 aliud
2478 380 2518 405 se

1449 421 1613 458 habens:
1644 421 1739 457 sicut
1767 421 1797 458 si
1826 434 1904 458 non
1934 421 2190 458 contineretur
2209 420 2259 457 ibi
2287 422 2373 469 plus
2401 433 2518 470 quam

1449 474 1553 522 quod
1586 474 1741 510 nomine
1776 474 1983 523 sapientiae
2020 473 2272 522 significatur,
2302 486 2382 510 non
2420 481 2519 510 esset

1449 526 1587 574 aliquid
1608 526 1827 564 subsistens.
1850 527 1927 564 Sed
1948 527 2038 575 quia
2058 527 2209 563 divinae
2230 525 2413 563 essentiae
2432 538 2517 574 per-

1447 579 1558 615 fectio
1588 587 1643 616 est
1671 580 1794 616 maior
1822 592 1939 629 quam
1968 580 2072 629 quod
2101 585 2119 601 π
2148 578 2421 627 significatione
2455 579 2517 615 ali-

1449 631 1555 668 cuius
1583 632 1749 669 nominis
1771 633 2045 682 comprehendi
2074 632 2203 681 possit,
2229 644 2307 668 non
2335 631 2515 679 sequitur,

1448 683 1478 720 si
1507 696 1651 721 nomen
1680 685 1893 732 relativum,
1923 687 1985 723 vel
2014 687 2286 735 quodcumque
2316 684 2419 721 aliud
2447 696 2517 720 no-

1447 748 1538 773 men
1568 737 1710 774 dictum
1731 738 1778 775 de
1798 739 1896 785 Deo,
1918 751 1996 775 non
2016 738 2201 786 significat
2225 736 2366 787 aliquid
2394 737 2515 785 perfe-

1447 795 1562 835 ctum,
1584 790 1688 837 quod
1718 790 1847 827 divina
1875 791 2037 828 essentia
2058 792 2197 828 habeat
2226 802 2308 827 esse
2338 789 2516 838 imperfe-

1448 848 1569 877 ctum:
1599 842 1688 890 quia
1718 842 1846 879 diVina
1885 844 2047 881 essentia
2084 842 2373 892 comprehendit
2406 842 2445 879 in
2474 854 2514 879 se

1447 893 1623 930 omnium
1651 906 1837 942 generum
1864 897 2160 944 perfectionem,
2190 904 2232 933 ut
2259 908 2374 944 supra
2406 894 2427 916 ³¹⁸
2460 894 2514 932 di-

1447 953 1549 982 ctum
1579 953 1646 983 est.

1501 1078 1526 1109 ο)
1546 1077 1658 1109 aliquid.
1675 1091 1695 1096 -·
1713 1077 1775 1102 Om.
1795 1078 1897 1103 codices
1916 1084 1942 1103 et
1961 1079 2020 1104 edd.
2038 1079 2091 1104 ab.

1500 1113 1529 1145 π)
1549 1113 1630 1145 quod.
1647 1127 1666 1132 —
1686 1113 1748 1138 Om.
1767 1113 1845 1138 DFG.

1004 1199 1339 1233 commentaria
1361 1199 1612 1234 Cam-<linaiis
1634 1200 1836 1234 Caietam

384 1298 491 1318 iratus
513 1287 547 1318 in
571 1297 703 1327 corpore
727 1287 848 1318 articuli
873 1285 1066 1318 clarificatur.
1084 1303 1103 1309 -
1127 1287 1161 1316 In
1182 1296 1314 1327 corpore
1333 1286 1391 1317 tria

326 1300 472 1362 Tfacit:
493 1332 607 1372 primo,
632 1330 724 1362 refert
747 1341 886 1361 errorem
905 1331 1082 1371 quendam;
1107 1331 1257 1367 secundo,
1282 1337 1391 1362 tractat

323 1376 460 1407 radicem
483 1375 600 1406 recitati
624 1375 745 1411 erroris,
769 1382 799 1406 et
820 1374 990 1405 eliciendae
1014 1374 1150 1405 veritatis
1162 1374 1192 1411 *;
1213 1374 1315 1410 tertio,
1335 1374 1388 1411 ibi,

326 1420 490 1461 Quidquid
511 1425 629 1457 autem,
646 1419 816 1459 respondet
831 1419 974 1460 quaesito
994 1419 1171 1449 secundum
1186 1418 1350 1449 veritatem
1360 1418 1388 1449 *.

377 1465 494 1501 Quoad
505 1465 660 1504 primum,
677 1463 734 1493 tria
754 1463 837 1494 dicit.
858 1463 1011 1499 Primum,
1029 1472 1167 1493 errorem
1191 1462 1272 1493 circa
1294 1472 1389 1503 quae-

323 1509 429 1544 situm,
445 1508 576 1538 scilicet:
601 1507 781 1538 Relationes
792 1507 825 1537 in
842 1506 955 1537 divinis
971 1513 1045 1537 sunt
1059 1507 1246 1543 assistentes,
1263 1516 1319 1537 seu
1335 1516 1387 1537 ex-

322 1553 474 1584 trinsecus
486 1551 605 1582 affixae.
621 1551 805 1582 Secundum
819 1558 875 1587 est,
892 1551 981 1592 quod
994 1550 1046 1581 hic
1062 1560 1148 1581 error
1163 1550 1276 1581 dicitur
1299 1551 1389 1591 quod

322 1597 382 1627 fuit
405 1595 536 1627 Gilberti
559 1595 729 1626 Porretani.
747 1595 893 1625 Tertium
917 1602 972 1631 est,
1002 1595 1090 1635 quod
1114 1594 1227 1625 dicitur
1250 1604 1388 1625 errorem

322 1650 418 1672 suum
441 1640 651 1680 postmodum
674 1649 845 1670 revocasse.

376 1685 412 1715 II.
433 1684 550 1721 Quoad
573 1684 759 1720 secundum,
779 1683 837 1713 tria
860 1682 1018 1713 dicuntur.
1042 1682 1159 1718 Primo,
1185 1682 1389 1722 distinguitur

320 1735 387 1760 tam
409 1729 517 1759 relatio
541 1737 640 1768 quam
662 1728 891 1768 quodcumque
915 1726 1001 1757 aliud
1024 1736 1123 1766 genus
1144 1726 1329 1763 accidentis,
1354 1726 1387 1756 in

321 1773 399 1803 duas
416 1773 552 1803 rationes
568 1771 726 1802 formales.
744 1772 890 1808 Quarum
909 1771 1004 1801 altera
1020 1770 1201 1801 communis
1220 1777 1267 1800 est
1282 1770 1387 1800 omni·

321 1819 379 1847 bus
395 1816 581 1847 huiusmodi
600 1815 782 1856 generibus:
803 1822 834 1846 et
855 1815 932 1845 haec
949 1822 994 1845 est
1012 1815 1090 1845 ratio
1110 1814 1287 1850 accidentis,
1307 1814 1388 1845 idest

320 1863 422 1892 inesse
443 1861 597 1897 subiecto,
623 1860 777 1900 quoniam
800 1858 967 1889 accidentis
989 1868 1054 1889 esse
1078 1866 1124 1890 est
1146 1858 1256 1889 inesse.
1281 1858 1388 1889 Altera

320 1912 366 1936 est
389 1904 516 1945 propria
538 1904 617 1934 ratio
637 1903 887 1943 uniuscuiusque
911 1912 1034 1934 eorum.
1058 1903 1099 1933 Et
1117 1912 1213 1942 penes
1229 1903 1319 1938 hanc,
1341 1912 1387 1932 re-

319 1949 445 1979 lationis
469 1958 568 1988 genus
593 1947 693 1978 differt
708 1948 747 1978 ab
771 1947 839 1977 aliis
862 1947 1032 1983 absolutis,
1057 1947 1146 1987 quod
1161 1946 1297 1976 aliorum
1313 1956 1387 1987 pro-

319 1993 404 2033 priae
427 1993 563 2023 rationes
586 1991 762 2032 significant
784 2001 852 2021 rem
874 1990 907 2020 in
931 1990 1041 2021 ordine
1065 1991 1105 2020 ad
1120 1990 1314 2026 subiectum;
1341 2000 1386 2020 re-

318 2037 445 2067 lationis
461 2043 577 2071 autem,
595 2046 661 2066 non
675 2035 708 2066 in
734 2035 845 2066 ordine
866 2035 905 2065 ad
925 2035 1112 2070 subiectum,
1130 2035 1185 2064 sed
1203 2035 1385 2065 terminum.

320 2081 419 2117 Idest,
445 2080 591 2111 differunt
614 2080 722 2121 quoad
745 2078 989 2110 affirmationem
1013 2086 1043 2109 et
1066 2079 1268 2119 negationem
1291 2079 1386 2109 huius

319 2125 460 2161 causalis,
484 2126 511 2155 A
537 2134 578 2155 ex
596 2125 732 2165 propria
758 2124 883 2154 ratione
906 2124 1002 2164 ponit,
1021 2123 1145 2164 aliquid
1168 2124 1200 2153 in
1228 2123 1387 2153 subiecto:

319 2169 502 2199 affirmativa
526 2168 611 2198 enim
635 2175 680 2198 est
693 2177 766 2198 vera
786 2167 819 2197 in
836 2166 903 2197 aliis
919 2167 1095 2207 generibus,
1113 2167 1256 2207 negativa
1278 2173 1386 2198 autem

319 2213 351 2243 in
375 2213 539 2248 relatione,
564 2219 600 2242 ut
623 2222 660 2242 ex
683 2211 869 2251 supradictis
885 2211 902 2230 *
925 2218 1019 2251 patet.

377 2257 535 2291 Secundo,
551 2256 641 2296 quod
663 2255 837 2291 relationes,
862 2255 958 2285 etiam
980 2255 1012 2284 in
1036 2255 1129 2285 rebus
1144 2254 1263 2290 creatis,
1282 2254 1308 2284 si
1331 2265 1384 2285 su-

320 2307 446 2331 mantur
465 2301 642 2330 secundum
664 2299 697 2329 id
719 2299 809 2339 quod
827 2299 944 2329 habent
963 2308 1000 2328 ex
1023 2298 1150 2339 propria
1166 2298 1287 2328 ratione
1309 2299 1385 2328 rela—

319 2344 414 2375 tionis
433 2351 571 2380 tantum,
597 2343 641 2374 sic
665 2350 739 2373 sunt
761 2343 957 2373 assistentes:
983 2342 1008 2372 si
1032 2349 1139 2372 autern
1158 2342 1335 2372 secundum
1353 2342 1386 2372 id

319 2389 409 2429 quod
432 2388 548 2418 habent
572 2388 763 2428 inquantum
791 2393 865 2417 sunt
894 2386 1083 2422 accidentia,
1110 2385 1153 2416 sic
1179 2392 1253 2416 sunt
1279 2385 1385 2416 inhae-

319 2439 430 2463 rentes.

374 2476 494 2512 Tertio,
520 2475 609 2516 quod
623 2474 701 2505 ratio
717 2474 830 2504 erroris
846 2474 976 2505 Gilberti
1001 2473 1069 2509 fuit,
1087 2473 1161 2514 quia
1178 2473 1386 2504 consideravit

319 2520 484 2551 relationes
515 2519 691 2550 secundum
721 2518 753 2548 id
785 2525 911 2549 tantum
933 2518 1022 2558 quod
1046 2527 1083 2547 ex
1106 2517 1233 2558 propria
1265 2518 1386 2548 ratione

319 2565 450 2595 habent:
471 2570 637 2604 propterea
652 2562 737 2592 enim
755 2562 830 2593 dixit
846 2573 897 2592 eas
913 2561 1103 2592 extrinsecus
1118 2561 1232 2592 affixas.
1251 2561 1283 2592 Si
1300 2562 1386 2592 enim

318 2608 535 2639 inhaesionem
548 2607 783 2643 considerasset,
797 2613 832 2637 ut
844 2606 945 2637 littera
959 2606 1187 2645 subsequenter
1199 2605 1280 2642 facit,
1298 2606 1387 2637 aliter

321 2653 457 2683 dixisset.

373 2693 424 2726 ΙΙΙ.
450 2695 566 2732 Quoad
591 2695 717 2725 tertium
733 2694 752 2712 ἢ*
776 2704 860 2734 ergo,
883 2693 976 2724 unica
999 2693 1129 2734 ponitur
1153 2693 1316 2724 conclusio
1339 2703 1385 2724 re-

320 2740 478 2781 sponsiva,
503 2749 577 2769 cum
600 2748 666 2768 uno
691 2738 867 2768 corollario.
895 2737 1066 2768 Conclusio
1089 2743 1148 2767 est:
1174 2737 1297 2769 Relatio
1320 2747 1385 2768 rea·

320 2785 389 2815 liter
412 2784 544 2814 existens
567 2783 600 2812 in
623 2783 702 2818 Deo,
725 2789 771 2813 est
786 2782 871 2812 idem
890 2782 1040 2812 essentiae
1065 2782 1242 2812 secundum
1263 2791 1339 2818 rem,
1355 2789 1386 2812 et

321 2838 387 2859 non
410 2827 511 2858 differt
534 2826 593 2856 nisi
617 2827 793 2856 secundum
817 2826 982 2856 rationem.

377 2872 417 2902 Et
440 2871 591 2912 probatur
614 2870 721 2911 quoad
749 2870 884 2910 primam
917 2877 1058 2910 partem,
1084 2868 1137 2899 sic.
1162 2868 1328 2910 Quidquid
1351 2868 1383 2899 in

321 2916 413 2946 rebus
443 2915 551 2945 creatis
574 2914 667 2944 habet
697 2923 764 2944 esse
787 2913 991 2950 accidentale,
1015 2913 1201 2944 translatum
1224 2913 1256 2943 in
1280 2913 1385 2943 Deum

321 2960 414 2990 habet
433 2969 499 2989 esse
523 2957 739 2989 substantiale:
765 2967 838 2996 ergo
855 2957 963 2988 relatio
988 2957 1020 2987 in
1044 2957 1113 2987 Deo
1134 2957 1276 2993 existens,
1293 2957 1387 2987 habet

322 3013 388 3034 esse
407 3003 567 3033 essentiae.
593 3001 789 3032 Antecedens
806 3002 970 3041 probatur:
995 3001 1070 3042 quia
1093 3000 1126 3030 in
1150 3001 1220 3031 Deo
1244 3000 1322 3031 nihil
1341 3007 1387 3031 est

322 3054 358 3078 ut
373 3047 514 3078 accidens
537 3046 570 3076 in
594 3045 752 3081 subiecto,
777 3045 831 3075 sed
846 3045 1001 3086 quidquid
1021 3052 1076 3080 est,
1097 3052 1142 3076 est
1159 3045 1226 3075 eius
1242 3045 1386 3075 substan-

322 3092 374 3122 tia.
392 3090 627 3131 Consequentia
641 3098 730 3120 vero:
751 3089 826 3130 quia
842 3089 949 3119 relatio
965 3089 997 3119 in
1014 3089 1171 3124 creaturis,
1186 3099 1222 3119 ex
1238 3095 1325 3129 parte
1341 3089 1385 3127 in,

323 3136 416 3166 habet
439 3144 504 3165 esse
528 3133 728 3165 accidentale.
745 3151 765 3155 -
780 3133 894 3169 Quoad
920 3133 1091 3163 secundam
1114 3140 1222 3164 autem
1245 3139 1385 3172 partem,

324 3179 376 3210 sic.
401 3179 436 3209 In
460 3178 609 3209 relatione
633 3177 822 3217 importatur
846 3184 1004 3217 respectus
1021 3177 1059 3206 ad
1075 3186 1170 3207 suum
1186 3176 1386 3217 oppositum,

323 3223 355 3253 in
380 3222 530 3253 essentiae
552 3231 626 3252 vero
651 3220 791 3256 nomine,
817 3229 901 3250 non:
926 3230 1011 3260 ergo,
1036 3227 1093 3251 etc.

377 3267 428 3297 lV.
452 3266 668 3296 Corollarium
693 3271 754 3295 est:
780 3264 856 3295 Esse
880 3264 1049 3300 relationis,
1074 3271 1104 3295 et
1128 3274 1194 3294 esse
1219 3263 1385 3300 essentiae,

325 3311 357 3341 in
381 3311 450 3340 Deo
474 3317 520 3340 est
543 3309 676 3340 omnino
696 3318 798 3339 unum
823 3315 853 3338 et
876 3308 970 3339 idem.
991 3308 1053 3339 Ubi
1077 3308 1240 3348 diligenter
1263 3308 1388 3338 adverte

325 3354 423 3394 quod,
443 3354 518 3394 quia
541 3363 608 3384 esse
632 3354 663 3383 in
688 3351 839 3392 significat
863 3362 929 3382 esse
953 3352 1081 3382 actualis
1106 3351 1284 3383 existentiae
1307 3350 1387 3382 acci-

326 3397 425 3428 dentis
448 3398 480 3427 in
505 3397 680 3437 proposito,
698 3396 827 3426 actualis
847 3403 953 3426 autem
977 3395 1136 3426 existentia
1156 3396 1250 3427 etiam
1265 3395 1387 3426 relatio-

326 3441 373 3470 nis
397 3451 462 3471 non
487 3448 532 3471 est
555 3441 597 3471 ad
620 3440 752 3480 aliquid,
771 3446 806 3471 ut
829 3449 972 3480 expresse
988 3440 1080 3470 docet
1099 3450 1121 3470 s.
1140 3439 1284 3470 Thomas
1306 3438 1340 3469 in
1364 3438 1386 3474 Ι,

327 3484 396 3515 dist.
413 3495 515 3520 xxxin,
533 3495 586 3525 qu.
603 3495 622 3520 1,
644 3491 699 3515 art.
723 3494 746 3519 1,
765 3484 803 3514 ad
827 3492 854 3519 1;
880 3483 951 3514 ideo
975 3483 1104 3514 actualis
1129 3482 1289 3514 existentia
1311 3482 1387 3513 rela-

326 3528 420 3558 tionis
438 3528 559 3558 divinae
582 3535 627 3558 est
643 3527 775 3558 omnino
791 3527 875 3558 idem
892 3537 966 3558 cum
983 3527 1096 3558 actuali
1113 3526 1273 3558 existentia
1289 3525 1388 3566 ipsius

328 3572 449 3601 divinae
478 3572 647 3602 essentiae:
677 3571 750 3612 quia
775 3581 839 3601 non
870 3570 970 3601 differt
994 3572 1031 3601 ab
1055 3571 1109 3601 illa
1132 3571 1227 3601 etiam
1250 3569 1386 3605 ratione,

327 3615 407 3646 sIcut
436 3615 519 3655 quod
547 3616 622 3655 quid
653 3620 697 3645 est
722 3614 879 3645 relationis
909 3614 1090 3655 intelligitur
1120 3613 1240 3644 differre
1264 3624 1282 3644 a
1304 3613 1389 3654 quod

1445 1287 1523 1328 quid
1546 1293 1593 1318 est
1616 1288 1777 1324 essentiae,
1795 1295 1831 1319 ut
1846 1288 2056 1328 respectivum
2080 1288 2118 1319 ab
2143 1288 2301 1319 absoluto.
2326 1288 2368 1319 Et
2382 1287 2444 1319 hoc
2467 1295 2514 1320 est

1446 1332 1535 1371 quod
1562 1332 1762 1372 Augustinus
1793 1332 1918 1368 dixit*,
1943 1333 2033 1373 quod
2064 1332 2146 1363 idem
2180 1337 2227 1363 est
2255 1341 2318 1373 quo
2346 1333 2445 1363 Pater
2467 1337 2514 1363 est

1444 1375 1545 1413 Deus,
1571 1381 1601 1406 et
1623 1386 1685 1416 quo
1710 1381 1775 1407 est:
1798 1386 1860 1406 non
1885 1381 1991 1406 autem
2016 1386 2052 1407 eo
2074 1377 2183 1414 Pater,
2207 1385 2269 1416 quo
2287 1376 2386 1407 Deus.
2411 1375 2453 1407 Et
2468 1376 2513 1407 sic

1444 1419 1598 1449 habemus
1615 1430 1682 1450 non
1705 1420 1812 1450 solum
1835 1420 1951 1450 realem
1971 1420 2167 1450 identitatem
2190 1419 2350 1450 relationis
2373 1430 2447 1450 cum
2463 1429 2511 1450 es-

1444 1463 1558 1499 sentia,
1583 1464 1638 1494 sed
1661 1464 1884 1494 omnimodam
1914 1464 2109 1495 identitatem
2133 1463 2312 1494 existentiae
2335 1464 2511 1505 utriusque.

1443 1507 1484 1538 Et
1507 1514 1674 1548 propterea
1690 1518 1753 1538 una
1776 1515 1823 1539 est
1841 1508 1970 1539 actualis
1994 1508 2155 1539 existentia
2171 1508 2319 1538 omnium
2333 1507 2512 1538 divinarum

1442 1551 1650 1582 relationum:
1674 1552 1820 1592 quamvis
1843 1552 1924 1583 inter
1953 1562 1986 1582 se
2018 1552 2252 1592 distinguantur
2281 1551 2404 1583 realiter
2424 1551 2512 1592 ipsae

1442 1595 1619 1627 relationes.

1496 1640 1534 1670 V.
1553 1639 1587 1669 ln
1604 1636 1810 1680 responsione
1826 1640 1865 1670 ad
1882 1640 2068 1676 secundum,
2087 1640 2166 1670 circa
2181 1639 2234 1669 illa
2257 1639 2360 1676 verba,
2378 1639 2412 1669 id
2425 1639 2512 1680 quod

1442 1684 1605 1714 invenitur
1628 1684 1659 1714 in
1684 1689 1836 1714 creatura
1857 1689 1995 1724 praeter
2017 1684 2051 1714 id
2072 1683 2157 1724 quod
2180 1684 2361 1714 continetur
2387 1683 2446 1714 sub
2468 1684 2510 1714 εἱ-

1439 1728 1650 1768 gnificatione
1672 1729 1811 1758 nominis
1833 1728 1976 1765 relativi,
2001 1733 2048 1758 est
2069 1728 2135 1758 alia
2159 1735 2230 1758 res:
2253 1729 2286 1758 in
2308 1728 2379 1758 Deo
2401 1732 2509 1758 autem

1441 1781 1504 1802 non
1529 1777 1576 1802 est
1598 1772 1664 1802 alia
1688 1781 1756 1808 res,
1779 1778 1852 1808 etc.‚
1880 1771 2016 1802 dubium
2038 1781 2192 1811 magnum
2215 1778 2262 1802 est
2282 1771 2322 1802 de
2344 1771 2511 1802 relationis

1440 1815 1641 1846 distinctione
1663 1825 1684 1845 a
1699 1815 1936 1856 fundamento,
1966 1822 1997 1846 et
2026 1815 2224 1855 simpliciter,
2252 1821 2283 1846 et
2304 1815 2338 1845 in
2368 1815 2510 1846 doctrina

1440 1869 1464 1889 s.
1482 1859 1639 1889 Thomae.
1658 1859 1800 1896 Quidam
1816 1859 1910 1895 enim,
1928 1858 2024 1889 etlam
2046 1858 2243 1895 Thomistae‚
2260 1865 2368 1889 tenent
2382 1859 2510 1890 relatio-

1440 1912 1515 1933 nem
1538 1913 1605 1933 esse
1629 1903 1763 1933 eandem
1794 1912 1861 1933 rem
1885 1912 1961 1933 cum
1984 1902 2202 1933 fundamento.
2231 1902 2372 1940 Quidam
2401 1909 2510 1934 autem

1440 1953 1548 1978 tenent
1570 1947 1659 1988 quod
1675 1946 1878 1986 distinguitur
1901 1946 2023 1977 realiter
2039 1957 2055 1977 a
2075 1946 2295 1977 fundamento.
2315 1946 2379 1977 Alii
2402 1953 2510 1977 autem

1440 1997 1547 2021 tenent
1563 1991 1717 2031 quasdam
1732 1991 1898 2022 relationes
1914 1989 2098 2021 identificari
2112 1990 2336 2026 fundamentis,
2354 1991 2510 2031 quasdam

1439 2045 1515 2066 vero
1540 2035 1689 2075 distingui
1714 2035 1835 2066 realiter
1858 2035 1896 2065 ab
1921 2034 1974 2065 eis.
1991 2052 2010 2057 —
2026 2034 2113 2072 Quid
2136 2042 2244 2066 autem
2264 2034 2382 2065 horum
2404 2034 2508 2066 verius

1440 2079 1488 2115 sit,
1506 2086 1561 2110 aut
1575 2079 1752 2110 secundum
1768 2086 1909 2110 mentem
1928 2089 1951 2110 s.
1963 2078 2120 2115 Thomae,
2137 2089 2174 2109 ex
2193 2078 2366 2110 rationibus
2389 2085 2420 2110 et
2437 2079 2511 2120 pross

1439 2123 1652 2163 positionibus
1676 2123 1741 2153 suis
1764 2122 1919 2153 discutere
1942 2129 2077 2163 oportet.

1494 2167 1547 2198 VI.
1570 2166 1690 2207 Opinio
1715 2177 1789 2207 ergo
1813 2166 1915 2207 prima
1939 2176 2080 2197 consona
2101 2166 2226 2197 videtur
2248 2176 2272 2197 S.
2288 2166 2445 2202 Thomae,
2470 2175 2508 2197 ex

1439 2218 1578 2251 quatuor
1601 2211 1873 2251 propositionibus
1897 2211 1975 2240 eius.
1999 2210 2104 2241 Prima
2128 2218 2174 2241 est
2197 2210 2378 2241 communis
2401 2210 2508 2241 omni-

1439 2256 1508 2290 bus,
1524 2255 1659 2285 scilicet:
1684 2255 1761 2284 Esse
1785 2254 1952 2294 proprium
1968 2254 2219 2295 uniuscuiusque
2243 2254 2364 2285 formae
2388 2254 2508 2295 simpli-

1441 2298 1483 2328 cis
1499 2298 1609 2337 incipit
1624 2304 1655 2328 et
1671 2298 1784 2328 desinit
1798 2308 1872 2328 cum
1895 2297 1949 2328 illa
1963 2298 1989 2328 *.
2006 2315 2026 2321 —
2043 2298 2187 2329 Secunda
2210 2298 2305 2329 etiam
2325 2298 2507 2330 communis

1440 2348 1495 2378 est,
1511 2351 1548 2372 ex
1562 2342 1591 2373 V
1609 2342 1737 2381 Phssic.
1753 2341 1787 2371 ’ζ
1812 2341 1935 2372 Relatio
1959 2349 2125 2381 generatur
2142 2342 2175 2372 in
2199 2341 2317 2382 aliquo,
2335 2343 2422 2373 nulla
2435 2352 2508 2373 mu-

1440 2385 1558 2416 tatione
1589 2385 1621 2415 in
1655 2395 1693 2415 eo
1719 2385 1808 2416 facta.
1833 2403 1853 2408 —
1876 2385 1984 2416 Tertia
2011 2385 2139 2426 propria
2166 2396 2190 2416 s.
2208 2385 2371 2416 Thomae:
2403 2386 2507 2416 Inesse

1440 2429 1594 2479 cuiusque
1618 2429 1739 2459 formae
1763 2429 1963 2459 accidentalis
1979 2429 2183 2470 distinguitur
2201 2429 2323 2460 realiter
2341 2430 2379 2460 ab
2404 2439 2507 2461 essen—

1439 2473 1482 2504 tia
1505 2473 1682 2509 accidentis,
1703 2480 1734 2503 et
1750 2474 1788 2503 ab
1813 2483 1879 2503 esse
1896 2473 2103 2504 subiecti*.-
2119 2473 2239 2511 Quarta
2262 2473 2358 2504 etiam
2380 2473 2508 2515 propria

1440 2527 1464 2548 s.
1480 2517 1644 2548 Thomae:
1670 2518 1774 2547 Inesse
1797 2517 1958 2547 relationis
1981 2527 2048 2547 non
2071 2524 2118 2548 est
2140 2518 2180 2548 ad
2203 2517 2289 2548 aliud
2304 2527 2338 2548 se
2353 2517 2505 2548 habere*.

1495 2561 1542 2591 Ex
1564 2561 1613 2591 his
1633 2561 1718 2592 enim
1741 2561 1884 2601 sequitur
1902 2562 2000 2601 quod,
2018 2561 2147 2592 Socrate
2169 2561 2240 2592 solo
2259 2561 2408 2592 existente
2423 2562 2507 2598 albo,

1440 2605 1614 2636 similitudo
1635 2605 1821 2635 coalborum
1845 2615 1911 2635 non
1931 2611 1995 2641 est;
2023 2605 2131 2645 genito
2146 2612 2254 2636 autem
2269 2605 2400 2636 Platone
2423 2605 2507 2642 albo,

1438 2649 1471 2679 in
1495 2649 1622 2680 Socrate
1646 2656 1692 2679 est
1716 2648 1909 2685 similitudo;
1934 2655 1965 2679 et
1988 2649 2114 2679 nullum
2145 2649 2329 2680 absolutum
2359 2649 2398 2680 de
2421 2658 2508 2680 novo

1439 2693 1604 2733 acquisivit
1626 2691 1790 2735 (alioquin
1820 2702 1892 2723 vere
1919 2699 2060 2724 mutatus
2093 2691 2203 2734 esset);
2229 2703 2302 2733 ergo
2326 2700 2381 2724 aut
2407 2693 2509 2733 inesse

1439 2736 1653 2767 similitudinis
1678 2743 1724 2767 est
1739 2737 1824 2767 idem
1847 2737 1936 2777 quod
1959 2737 2061 2767 inesse
2077 2737 2239 2773 albedinis,
2257 2744 2288 2768 et
2311 2746 2508 2778 consequeu-

1438 2788 1486 2812 ter
1508 2780 1683 2811 similitudo
1708 2787 1754 2811 est
1776 2781 1862 2811 idem
1885 2781 1975 2821 quod
2002 2781 2116 2812 albedo
2139 2782 2316 2812 secundum
2343 2790 2429 2817 rem;
2453 2788 2509 2813 aut

1438 2832 1578 2865 praeerat
1600 2824 1701 2855 inesse
1725 2824 1939 2855 similitudinis
1963 2825 2082 2866 absque
2105 2825 2328 2862 similitudine,
2352 2825 2442 2866 quod
2461 2832 2509 2856 est

1438 2875 1547 2900 contra
1570 2868 1706 2909 primam
1729 2868 1992 2908 propositionem.

1492 2912 1681 2953 Simpliciter
1704 2918 1811 2942 autem
1835 2919 1865 2943 et
1885 2913 1925 2943 ad
1940 2912 2116 2948 hominem,
2136 2912 2287 2944 fundatur
2302 2912 2378 2943 haec
2394 2912 2506 2953 opinio

1438 2966 1533 2996 super
1555 2963 1639 2987 tacto
1656 2955 1875 2992 fundamento,
1893 2956 2010 2987 scilicet
2030 2956 2238 2996 generationis
2262 2956 2381 2997 absque
2404 2963 2506 2987 muta-

1438 3000 1539 3031 tione:
1557 3016 1576 3024 -
1593 3010 1688 3040 super
1711 3001 1953 3040 compositione,
1978 3000 2054 3041 quia
2076 3000 2193 3042 scilicet
2215 3010 2281 3030 non
2305 3007 2352 3031 est
2374 3010 2507 3042 compo-

1439 3044 1528 3074 sitius
1544 3044 1654 3075 album
1670 3043 1771 3074 simile
1788 3054 1886 3084 quam
1905 3045 2030 3081 album;
2054 3051 2085 3075 et
2107 3054 2251 3084 expresse
2275 3044 2308 3074 in
2330 3054 2386 3085 qu.
2402 3054 2445 3075 vn
2466 3044 2508 3076 de

1438 3088 1584 3118 Potentia
1607 3088 1687 3125 Dei,
1718 3095 1773 3118 art.
1797 3088 1834 3124 8,
1861 3088 1974 3119 dicitur
1999 3088 2088 3129 quod
2111 3088 2220 3118 relatio
2244 3098 2310 3118 non
2339 3088 2507 3129 componit

1439 3141 1514 3162 cum
1538 3142 1576 3162 eo
1601 3131 1690 3162 cuius
1715 3138 1776 3162 est:
1797 3150 1816 3154 —
1832 3139 1861 3163 et
1878 3142 1972 3173 super
1987 3131 2120 3162 minima
2135 3142 2192 3162 sua
2209 3132 2335 3164 entitate
2358 3132 2439 3163 inter
2455 3142 2503 3164 ce-

1439 3182 1504 3206 tera
1527 3175 1796 3216 praedicamenta,
1821 3184 1856 3207 ut
1884 3176 1959 3206 dicit
1986 3178 2139 3206 Averroes
2163 3176 2195 3206 in
2219 3177 2275 3207 XII
2299 3177 2504 3217 Metaphys„

1440 3225 1611 3250 comment.
1626 3228 1695 3255 xtx;
1720 3230 1775 3259 per
1794 3220 1855 3250 hoc
1872 3220 1958 3250 enim
1981 3226 2107 3260 oportet
2130 3220 2218 3260 quod
2242 3220 2282 3251 sit
2305 3219 2437 3251 minoris
2453 3229 2505 3250 en-

1439 3263 1534 3294 titatis
1557 3273 1655 3303 quam
1678 3270 1814 3304 tempus,
1832 3264 1922 3304 quod
1944 3270 1991 3294 est
2013 3270 2187 3304 utcumque
2212 3273 2267 3294 ens
2290 3264 2358 3294 sine
2381 3263 2504 3300 anima,

1440 3314 1476 3337 ut
1499 3307 1612 3337 dicitur
1636 3307 1827 3348 1V.P}1ysic.
1845 3308 1862 3327 *

1493 3351 1561 3381 Vll.
1582 3351 1701 3391 Opinio
1716 3361 1792 3382 vero
1816 3351 2010 3391 distinguens
2029 3352 2183 3392 quasdam
2207 3351 2373 3382 relationes
2393 3362 2412 3382 a
2434 3351 2504 3382 fun-

1441 3394 1596 3425 damentis
1613 3401 1642 3425 et
1659 3396 1813 3435 quasdam
1828 3405 1894 3425 non
1903 3394 1931 3431 “,
1949 3401 1995 3426 est
2018 3395 2113 3431 Scoti,
2127 3395 2159 3425 in
2176 3396 2212 3432 11,
2231 3395 2300 3426 dist.
2317 3407 2338 3432 1,
2358 3405 2411 3436 qu.
2427 3405 2457 3431 v,
2475 3403 2505 3426 et

1441 3438 1473 3468 in
1489 3439 1540 3474 ΙΙΙ,
1559 3438 1627 3469 dist.
1645 3449 1708 3475 vm,
1725 3446 1755 3469 et
1770 3439 1803 3469 in
1823 3438 2029 3476 Quodlibetis‚
2047 3449 2101 3479 qu.
2118 3449 2152 3469 ιιι
2163 3438 2191 3475 *,
2207 3439 2340 3470 tenentis
2354 3439 2410 3470 hes
2426 3439 2504 3469 duas

1442 3481 1647 3512 universales:
1678 3483 1800 3513 Relatio
1830 3482 1920 3512 cuius
1944 3482 2188 3514 fundamentum
2211 3490 2316 3523 potest
2345 3492 2504 3514 remanere

1441 3525 1508 3555 sine
1523 3526 1670 3562 termino,
1687 3526 1889 3565 distinguitur
1912 3526 2032 3557 realiter
2048 3537 2065 3557 a
2082 3527 2301 3558 fundamento.
2319 3527 2424 3558 Altera
2441 3533 2503 3556 est:

1441 3569 1564 3599 Relatio
1589 3569 1678 3600 cuius
1698 3569 1942 3600 fundamentum
1966 3580 2031 3601 non
2051 3577 2155 3611 potest
2179 3580 2245 3601 esse
2268 3570 2334 3601 sine
2356 3569 2502 3605 termino,

1442 3619 1488 3643 est
1511 3613 1621 3643 eadem
1644 3613 1766 3644 realiter
1781 3613 1998 3645 fundamento.
2013 3615 2222 3656 -Probatque
2246 3621 2412 3655 utramque
2428 3623 2502 3654 pro-

2542 897 2552 908 ·
2568 897 2617 925 Qu.
2632 903 2663 925 tv,
2677 901 2719 920 art.
2734 903 2759 920 π.

2542 1339 2601 1362 'De
2621 1339 2695 1367 Tria„
2710 1340 2753 1362 lib.

2539 1356 2752 1392 vu,e·.1v:in

2538 1382 2624 1414 Pulm-
2656 1382 2752 1419 xvin,

2538 1417 2615 1441 Ser-m.
2625 1424 2641 1446 t,
2655 1425 2722 1441 num.
2731 1426 2752 1447 5.

2536 2306 2603 2334 ’.Ωιι
2610 2306 2748 2335 DeAntma,

2535 2336 2578 2354 ιη.
2589 2339 2621 2360 ι4.

2535 2385 2552 2407 8
2534 2359 2621 2408 ,63ῐὶ
2629 2365 2696 2408 ul'edi.
2709 2366 2748 2414 in:

2535 2476 2592 2499 ‘lv
2605 2475 2681 2503 Sent„
2693 2476 2748 2499 dist.

2534 2508 2579 2530 ¹¹·
2595 2509 2633 2530 ¹¹
2628 2509 2670 2550 ιι
2680 2506 2751 2551 aa.

2535 2534 2748 2610 ἓὲιὶιέἕεὲυιγιινι.

2535 2611 2580 2630 ιιι.
2589 2614 2612 2636 9,
2627 2608 2658 2630 ad
2673 2614 2694 2636 7.

2618 3325 2665 3346 xiv,
2674 3325 2716 3348 ΙΙ.3

2531 3318 2558 3366 S.
2553 3318 2611 3366 ΤΕ.
2619 3335 2669 3367 lect’.
2678 3351 2747 3370 xxm.

2536 3401 2594 3423 ’.α’
2608 3407 2673 3424 num.
2683 3408 2706 3424 v.

2533 3446 2644 3475 'Art-3.

2762 3267 2768 3328 i
