2768 4178
37 366 48 376 '¹
62 365 98 389 Cf.
113 370 177 387 num.
192 370 224 386 tv.

36 803 51 815 ⁴
63 802 135 825 Num.
149 808 183 825 vr.

947 280 1214 328 QUAESTIO
1244 280 1402 326 XXVII,
1432 275 1729 318 ARTICULUS
1757 281 1792 317 V

336 360 418 391 vlu.
443 360 495 390 Ad
519 360 656 391 radicem
682 366 788 390 autem
812 359 973 399 opinionis
990 359 1025 395 *,
1051 369 1199 390 concessa
1223 366 1344 389 antece-

279 405 371 435 dente
387 404 616 445 propositione,
630 404 772 444 neganda
789 410 834 434 est
849 403 985 443 sequela.
1003 404 1167 440 Quoniam
1180 410 1241 433 stat
1256 403 1344 443 quod

278 455 366 479 actus
390 448 677 480 communicativus
710 454 840 478 naturae
867 447 906 477 sit
930 457 966 477 ex
989 447 1180 478 fecunditate
1204 447 1289 482 eius,
1315 454 1346 478 et

279 500 386 524 tamen
409 503 476 522 non
499 492 679 532 praeveniat
697 501 905 532 quocumque
921 491 1032 521 ordine
1047 498 1154 522 actum
1169 491 1345 522 intellectus

279 543 334 567 aut
356 536 539 572 voluntatis,
557 546 595 567 eo
612 536 700 577 quod
717 542 846 566 naturae
869 534 915 564 illi
938 541 1094 575 repugnat
1115 534 1345 565 communicari

279 591 336 621 per
351 581 451 611 alium
467 587 574 611 actum
590 590 688 621 quam
705 579 883 610 intellectus
898 585 953 609 aut
967 579 1149 609 voluntatis.
1166 597 1187 601 -
1203 579 1254 609 Ad
1273 589 1346 618 pro-

279 625 442 656 bationem
464 634 540 655 vero
565 624 720 664 sequelae,
742 633 817 653 cum
841 622 954 653 dicitur
975 623 1081 663 qualis
1103 628 1150 653 est
1173 623 1252 653 ordo
1276 630 1344 659 etc„

280 679 429 700 concessa
452 669 582 704 maiore,
607 674 739 707 negatur
761 667 877 702 minor,
897 666 1006 707 quoad
1021 667 1053 696 id
1070 667 1159 707 quod
1182 667 1344 707 supponit,

280 713 397 743 scilicet
415 713 503 753 quod
526 718 656 742 naturae
680 711 833 741 fecundae
857 711 1008 742 debeatur
1030 717 1118 741 actus
1135 711 1184 740 sui
1201 721 1345 741 commu-

280 757 434 787 nicativus
458 755 586 786 seclusis
611 755 738 786 ceteris:
762 754 824 785 hoc
848 754 934 784 enim
958 761 1004 785 est
1026 754 1159 791 falsum,
1185 761 1221 785 ut
1244 755 1346 785 decla-

279 800 418 831 ravimus
433 800 459 831 *.

335 844 377 874 Et
399 843 424 874 si
448 843 602 879 instetur,
635 842 712 884 quia
740 842 917 873 intellectus
948 843 1178 883 praesupponit
1200 849 1346 874 naturam

280 888 466 924 fecundam,
492 897 566 927 ergo
591 893 679 917 actus
703 886 879 918 intellectus
908 887 1137 928 praesupponit
1160 894 1267 918 actum
1293 897 1346 917 na-

280 938 368 963 turae
392 931 563 962 fecundae:
589 931 732 971 neganda
755 937 801 961 est
824 931 957 962 causalis
979 938 1010 962 et
1033 932 1176 972 sequela,
1201 931 1347 972 quamvis

280 976 460 1018 praeiacens
483 975 568 1006 illius
593 974 726 1006 causalis
750 975 790 1006 sit
811 985 892 1006 vera.
923 975 964 1006 Et
987 975 1065 1006 ratio
1090 975 1266 1015 negationis
1291 982 1345 1012 est,

280 1020 436 1062 quoniam
454 1019 640 1050 huiusmodi
664 1020 954 1060 argumentationes
973 1029 1040 1050 non
1059 1026 1165 1050 tenent
1181 1019 1213 1049 in
1238 1020 1347 1050 subor-

281 1064 394 1095 dinatis
417 1074 558 1105 quorum
582 1064 693 1094 eadem
713 1070 759 1094 est
781 1064 935 1104 operatio,
952 1064 996 1094 ita
1011 1065 1100 1104 quod
1124 1064 1264 1104 primum
1281 1074 1346 1094 non

280 1108 341 1139 nisi
364 1118 420 1149 per
444 1108 620 1139 secundum
644 1108 767 1148 operari
790 1115 911 1148 potest,
937 1115 972 1138 ut
996 1108 1150 1148 contingit
1171 1108 1204 1137 in
1228 1118 1346 1148 propo-

281 1153 352 1184 sito.
372 1169 391 1176 -—
407 1153 448 1183 Et
471 1152 497 1182 si
521 1159 688 1193 quaeratur
712 1162 807 1182 causa
831 1162 928 1192 quare
952 1159 1064 1183 natura
1086 1162 1153 1182 non
1173 1159 1278 1191 potest
1301 1162 1346 1181 se-

281 1197 368 1228 clusa
391 1197 534 1237 potentia
557 1196 698 1237 operari:
729 1196 815 1226 nulla
839 1203 885 1227 est
908 1196 968 1226 alia
991 1196 1090 1232 ratio,
1120 1195 1179 1225 nisi
1203 1196 1278 1236 quia
1301 1201 1347 1226 est

280 1248 402 1272 natura.
427 1241 568 1272 Debetur
583 1241 670 1271 enim
689 1240 747 1271 sibi
771 1250 808 1270 ex
830 1240 892 1270 hoc
916 1250 982 1270 esse
995 1240 1147 1280 primum,
1163 1249 1229 1269 non
1243 1239 1347 1280 proxi-

2389 281 2464 328 3¹7

1398 369 1489 389 mum
1513 359 1616 399 operis
1644 359 1850 400 principium:
1876 367 2028 400 repugnat
2051 361 2137 391 enirn
2161 367 2290 391 naturae
2314 370 2465 391 commu-

1398 402 1494 433 nicari
1518 413 1574 442 per
1597 403 1693 434 talem
1716 403 1856 443 priorem
1879 411 1995 440 actum,
2020 411 2055 435 ut
2079 405 2224 435 diximus.

1454 447 1533 477 Falli
1557 454 1665 477 autem
1687 447 1810 477 videtur
1832 447 2015 486 imaginatio
2040 458 2076 478 ex
2099 449 2174 485 hoc,
2199 449 2288 489 quod
2312 447 2463 488 imagina-

1398 498 1450 521 tur
1472 491 1543 532 quis
1567 498 1713 522 naturam
1736 498 1767 522 et
1789 491 1984 522 intellectum
2008 502 2040 522 se
2056 492 2170 522 habere
2191 493 2280 533 quasi
2305 493 2383 523 duas
2406 502 2464 522 na-

1398 541 1498 565 turas:
1517 545 1591 565 cum
1606 542 1729 572 tamem·
1740 535 1778 565 ad
1795 535 2006 575 propositum,
2030 543 2174 576 oporteat
2196 536 2360 575 imaginari
2374 536 2463 577 quod

1399 578 1649 609 intellectualitas
1680 579 1719 610 sit
1751 579 1923 610 differentia
1956 580 2156 610 constitutiva
2186 587 2315 611 naturae
2345 580 2378 610 in
2409 579 2463 610 tali

1399 622 1509 652 ordine
1533 633 1588 653 seu
1612 633 1725 662 genere
1748 633 1863 659 rerum,
1888 624 1976 663 quod
2000 630 2054 654 aut
2077 623 2116 654 sit
2138 624 2316 660 infecunda,
2342 631 2397 654 aut
2419 623 2463 654 fe-

1400 666 1542 697 cunditas
1570 667 1637 697 eius
1661 667 1700 698 sit
1723 677 1779 707 per
1806 674 1893 698 actus
1921 667 2139 707 intelligibiles
2164 669 2204 699 Et
2228 668 2271 698 sic
2295 674 2341 698 est
2363 668 2396 698 in
2419 668 2463 698 rei

1399 717 1537 741 veritate.

1457 755 1498 785 Et
1517 765 1553 784 ex
1576 754 1638 785 hoc
1665 762 1751 795 patet
1774 754 1851 784 nihil
1875 754 1998 785 officere
2014 755 2180 795 proposito
2199 755 2360 787 veritatem
2378 755 2463 786 illius

1401 798 1622 829 conditionalis
1646 800 1684 829 de
1709 799 1821 834 calore,
1847 805 1877 829 et
1900 799 2064 829 similibus.
2091 799 2254 836 Quoniam
2276 809 2367 829 verae
2390 806 2464 830 sunt

1400 843 1438 872 de
1455 842 1566 872 formis
1582 843 1899 873 communicabilibus
1919 853 1974 884 per
1992 843 2150 874 actionem
2166 844 2206 873 ad
2222 850 2319 879 extra;
2340 850 2370 874 et
2385 853 2464 884 quas

1399 886 1549 926 fingimus
1573 887 1686 917 habere
1711 897 1743 917 se
1758 894 1795 918 ut
1818 886 1861 917 sic
1884 887 1923 916 ad
1946 887 2255 924 intellectualitatem,
2273 894 2308 918 ut
2324 887 2464 928 proprie-

1400 938 1514 967 tatem;
1539 938 1569 962 et
1592 941 1658 961 non
1682 938 1718 962 ut
1741 931 2012 961 determinativam
2036 931 2242 961 differentiam
2265 931 2305 961 ad
2328 931 2465 962 modum

1401 975 1699 1005 communicationis
1719 975 1777 1011 sui,
1798 982 1834 1005 ut
1851 975 1884 1005 in
1903 975 2070 1016 proposito
2090 975 2209 1006 accidit.

1457 1020 1549 1050 Unde
1565 1020 1782 1059 processiones
1799 1019 1930 1055 divinae,
1953 1020 2133 1059 putandum
2149 1026 2195 1050 est
2209 1020 2298 1060 quod
2317 1019 2466 1050 omniurn

1400 1063 1641 1103 processionum
1674 1063 1706 1094 in
1735 1074 1767 1094 se
1792 1063 2001 1104 perfectiones
2033 1064 2244 1103 praehabeant
2274 1063 2463 1094 eminenter:

1401 1114 1431 1137 et
1446 1107 1520 1148 quia
1544 1115 1617 1138 sunt
1640 1118 1677 1138 ex
1700 1107 1890 1138 fecunditate
1910 1114 2047 1144 naturae,
2065 1108 2137 1138 ideo
2158 1114 2231 1138 sunt
2253 1108 2352 1148 ipsius
2377 1117 2464 1138 com-

1401 1151 1625 1188 municativae;
1651 1159 1682 1182 et
1697 1152 1771 1192 quia
1787 1152 1908 1182 suntin
1928 1159 2039 1182 natura
2062 1162 2140 1191 pure
2164 1151 2374 1188 intellectuali,
2391 1152 2465 1182 ideo

1401 1202 1475 1226 sunt
1499 1203 1586 1226 actus
1609 1196 1785 1227 intellectus
1802 1203 1832 1227 et
1847 1195 2038 1232 voluntatis;
2063 1203 2093 1226 et
2116 1196 2191 1236 quia
2214 1202 2288 1226 sunt
2310 1195 2465 1236 perfectae

1402 1239 1594 1279 simpliciter,
1614 1239 1686 1270 ideo
1707 1247 1817 1270 neutra
1836 1240 2075 1280 multiplicatur,
2096 1246 2153 1270 etc.
