2768 4178
68 2335 83 2348 ⁸
97 2335 134 2359 Cf.
148 2341 214 2359 1111111.
229 2341 255 2358 11.

1004 222 1272 268 QUAESTIO
1302 223 1407 269 XIII,

369 301 408 332 ΙΙ.
433 300 469 330 111
493 310 626 341 corpore
659 310 723 331 una
753 307 800 332 est
823 300 1000 336 conclusio,
1026 300 1209 340 responsiva
1240 300 1385 341 quaesito

316 344 510 376 affirmative.
526 345 587 375 Sed
612 345 737 375 adverte
761 345 850 386 quod
872 344 949 374 haec
974 344 1137 374 conclusio
1154 351 1259 384 potest
1283 344 1386 384 dupli-

316 389 391 420 citer
414 389 554 420 formari.
571 389 679 419 Primo
704 389 760 419 sic:
785 389 858 419 Hoc
882 397 1002 418 nomen
1029 388 1094 425 Qui
1116 394 1163 419 est
1181 395 1227 419 est
1250 389 1386 419 maxime

314 433 484 474 proprium
507 443 627 464 nomen
650 433 719 469 Dei,
743 432 858 472 triplici
880 432 1012 463 ratione.
1038 432 1083 462 lta
1105 433 1195 473 quod
1217 433 1250 474 ly
1269 433 1388 473 triplici

315 479 442 508 ratione
456 477 496 508 sit
511 487 583 518 pars
604 476 828 512 conclusionis,
845 482 876 507 et
894 476 934 506 sit
953 476 1171 507 determinatio
1187 477 1220 517 ly
1245 478 1387 507 maxime

309 523 493 563 proprium.
514 522 555 552 Et
571 521 614 552 sic
630 531 740 552 sensus
760 527 816 557 est,
841 521 984 550 maxime
999 522 1171 560 proprium
1186 521 1293 561 quoad
1307 523 1382 558 tria,

315 566 433 597 scilicet
456 565 728 606 significationem,
753 565 889 595 modum
913 563 1126 604 significandi,
1153 571 1184 595 et
1206 565 1385 605 consignifi-

316 610 417 647 candi,
434 616 470 641 111
483 610 517 640 111
532 609 740 650 responsione
753 609 792 639 ad
804 608 946 648 primum
961 608 1154 648 exprimitur.
1165 609 1269 640 -Alio
1285 610 1384 640 modo

315 661 422 694 potest
440 653 570 684 formari
588 653 656 683 sine
669 653 724 683 tali
739 652 938 689 limitatione,
955 652 1012 683 sic:
1030 653 1103 683 Hoc
1118 663 1239 684 nomen
1259 654 1323 691 Qui
1339 659 1386 685 est

315 706 363 730 est
385 697 522 728 maxime
545 697 714 738 proprium
733 706 853 727 nomen
869 697 937 727 Dei.
956 697 998 727 Et
1013 697 1057 728 sic
1072 697 1106 738 ly
1122 699 1242 738 triplici
1260 700 1385 729 ratione

315 752 380 773 non
399 748 445 773 est
463 751 535 782 pars
551 741 775 777 conclusionis,
791 741 847 771 sed
863 741 1061 772 continuatio
1079 742 1292 773 conclusionis
1310 753 1384 774 cum

314 786 566 827 probationibus,
590 785 681 826 quasi
705 785 836 816 diceret:
857 791 888 816 et
904 786 1065 826 probatur
1088 787 1266 827 tripliciter.

366 830 476 861 Primo
500 830 607 860 sensui
624 830 696 860 duo·
714 829 835 860 favent:
860 829 978 861 scilicet
993 830 1192 870 interpositio
1209 831 1242 872 ly
1266 832 1385 872 triplici

313 875 441 906 ratione
461 874 544 905 inter
567 874 745 905 subiectum
769 880 800 905 et
815 874 1032 914 praedicatum
1056 875 1270 906 conclusionis
1285 876 1319 906 in
1334 876 1384 907 lit-

313 917 388 956 1818,
408 926 439 950 81
455 918 620 958 explicatio
637 918 674 949 in·
686 918 893 959 responsione
912 919 952 949 ad
967 919 1110 959 primum
1125 919 1215 951 facta.
1236 920 1383 951 Secundo

312 973 445 1004 quoque
464 962 571 993 sensui
587 962 693 993 favent
711 963 791 993 duo:
812 963 928 1003 primo,
949 963 1024 1004 quia
1039 963 1072 994 in
1085 963 1188 995 littera
1206 966 1384 996 secundum

313 1007 452 1048 singulas
475 1006 614 1038 rationes
637 1007 820 1047 singillatim
843 1007 976 1038 infertur
999 1008 1163 1039 conclusio
1183 1009 1250 1039 sine
1268 1009 1383 1040 limita-

311 1052 413 1088 tione;
439 1051 594 1087 secundo,
615 1051 691 1092 quia
714 1051 780 1082 sine
804 1051 993 1082 limitatione
1017 1052 1181 1083 conclusio
1201 1060 1247 1083 est
1263 1053 1382 1094 simpli-

313 1096 388 1127 citer
403 1106 485 1126 vera.
503 1096 545 1127 Et
561 1095 715 1138 quoniam
731 1096 820 1136 parvi
836 1096 930 1134 refert
941 1106 1007 1137 quo
1025 1097 1096 1137 quis
1113 1097 1213 1127 modo
1233 1107 1303 1127 eam
1320 1097 1383 1128 for-

311 1147 387 1176 met,
412 1150 470 1180 age
493 1147 529 1171 ut
551 1140 649 1171 lubet.

366 1185 418 1215 111.
435 1185 592 1217 Probatur
615 1194 689 1224 ergo
713 1184 746 1214 in
774 1184 876 1215 littera
900 1185 1074 1221 conclusio,
1099 1185 1206 1225 quoad
1230 1185 1382 1225 primum,

310 1229 363 1269 vel
378 1229 493 1269 primo,
512 1229 565 1259 sic.
587 1229 652 1266 Qui
675 1233 722 1259 est
737 1227 891 1268 significat
913 1238 979 1258 non
996 1228 1135 1259 formam
1158 1229 1308 1270 aliquam,
1329 1230 1381 1260 sed

310 1273 419 1314 ipsum
443 1282 527 1304 esse:
553 1283 628 1313 ergo
652 1271 807 1312 significat
829 1272 998 1303 essentiam
1021 1273 1121 1303 solius
1144 1273 1218 1303 Dei:
1243 1283 1317 1314 ergo
1338 1281 1384 1305 est

311 1317 449 1349 maxime
465 1317 633 1358 proprium
647 1317 718 1347 Dei.
728 1335 748 1339 -
758 1316 864 1347 Prima
879 1317 1106 1358 consequentia
1120 1318 1286 1357 probatur:
1308 1318 1383 1359 quia

311 1361 411 1393 solius
434 1361 494 1392 Dei
518 1361 651 1392 essentia
679 1367 725 1391 est
748 1370 825 1392 esse.
846 1360 992 1391 Secunda
1018 1368 1139 1392 autem:
1165 1361 1241 1404 quia
1264 1372 1382 1393 unum-

310 1406 464 1448 quodque
489 1405 713 1436 denominatur
735 1415 753 1435 a
776 1415 834 1435 sua
857 1404 970 1435 forma.

367 1450 420 1482 lv.
440 1449 532 1481 Circa
550 1449 632 1480 hanc
655 1449 812 1480 rationem
834 1449 1005 1486 dubitatur,
1030 1450 1104 1490 quia
1129 1460 1194 1480 non
1219 1451 1382 1482 concludit

309 1494 479 1526 intentum.
495 1493 641 1525 Secunda
657 1493 744 1524 enim
763 1493 990 1534 consequentia
1011 1503 1078 1524 non
1096 1494 1191 1526 infert
1211 1495 1301 1535 quod
1319 1495 1382 1526 hoc

309 1548 430 1569 nomen
454 1537 495 1568 sit
517 1537 618 1578 magis
642 1537 810 1578 proprium
834 1548 933 1578 quam
956 1538 1016 1568 alia
1040 1538 1188 1575 nomina;
1214 1539 1268 1569 sed
1292 1540 1382 1580 quod

309 1582 372 1614 hoc
395 1592 516 1613 nomen
540 1582 708 1613 conveniat
730 1581 830 1622 magis
852 1582 922 1612 Deo
954 1592 1053 1623 quam
1076 1582 1144 1614 aliis
1172 1583 1281 1619 rebus,
1307 1583 1382 1625 quia

308 1626 496 1668 significatio
521 1626 588 1657 eius
611 1626 645 1656 in
668 1627 738 1657 Deo
763 1626 900 1657 salvatur
923 1627 1134 1664 essentialiter,
1157 1627 1190 1658 in
1214 1627 1282 1658 aliis
1305 1638 1380 1659 vero

310 1678 358 1703 est
380 1677 464 1702 extra
480 1670 659 1702 essentiam.
675 1671 716 1701 Et
731 1677 839 1701 tamen
858 1671 1117 1702 concludendum
1141 1679 1215 1708 erat,
1231 1679 1267 1702 ut
1285 1672 1380 1703 etiam

309 1715 344 1746 in
366 1715 468 1746 littera
490 1714 640 1752 infertur,
662 1715 752 1756 quod
780 1715 842 1746 hoc
866 1725 985 1746 nomen
1010 1722 1056 1746 est
1083 1716 1184 1757 magis
1212 1716 1380 1757 proprium

309 1769 408 1802 quam
432 1759 492 1790 alia
515 1759 658 1790 nomina.

362 1804 414 1835 Ad
437 1804 499 1835 hoc
522 1803 656 1835 breviter
679 1803 851 1834 dicendum
875 1810 931 1840 est,
949 1804 1039 1845 quod
1057 1804 1136 1835 ratio
1159 1804 1279 1835 litterae
1304 1815 1378 1835 con-

309 1848 408 1880 cludit
430 1854 614 1899 utrumque.
640 1847 805 1885 Quoniam
827 1857 865 1878 ex
887 1848 949 1878 hoc
968 1849 1058 1899 quod
1079 1848 1291 1899 significatum
1315 1849 1379 1880 for-

308 1892 392 1923 male
415 1892 459 1934 ly
471 1893 526 1933 qui
549 1897 596 1923 est
618 1899 665 1923 est
684 1891 792 1932 ipsum
815 1902 896 1928 esse,
924 1892 1046 1932 optime
1070 1893 1214 1933 sequitur
1238 1900 1268 1924 et
1289 1893 1379 1934 quod

308 1937 410 1977 magis
443 1936 611 1967 conveniat
637 1936 707 1967 Deo
736 1946 835 1977 quam
864 1936 952 1972 aliis,
978 1936 1052 1978 quia
1081 1937 1126 1967 illi
1156 1937 1376 1974 essentialiter,

309 1981 377 2012 81115
401 1989 483 2017 11011;
509 1987 539 2012 81
561 1980 651 2022 quod
683 1980 784 2020 magis
816 1980 982 2011 conveniat
1012 1981 1081 2011 Deo
1105 1991 1204 2022 quam
1237 1981 1297 2012 alia
1320 1992 1378 2012 no-

308 2025 413 2061 mina,
437 2025 513 2066 quia
540 2031 587 2056 est
609 2024 772 2055 essentiale
795 2025 883 2065 prius
908 2025 1026 2061 ceteris,
1052 2035 1127 2056 cum
1151 2032 1251 2056 cetera
1274 2033 1379 2066 poste-

308 2069 374 2100 rius
402 2069 479 2110 quid
504 2068 688 2109 significent.
713 2069 787 2100 Hoc
811 2076 918 2100 autern
941 2069 1093 2109 implicite
1116 2070 1149 2100 in
1179 2070 1281 2100 littera
1303 2070 1378 2100 insi-

309 2120 446 2144 nuatum
469 2120 516 2144 est
541 2113 574 2143 in
598 2113 632 2154 ly
655 2122 739 2151 esse,
766 2114 817 2143 vel
839 2113 872 2143 in
896 2114 929 2154 ly
953 2123 1016 2144 non
1034 2113 1186 2154 formam
1211 2115 1354 2155 aliquam
1363 2125 1378 2153 ;

309 2157 401 2199 quasi
434 2157 564 2188 diceret:
589 2167 653 2188 non
676 2158 841 2199 significat
854 2157 1004 2198 sormam
1027 2158 1188 2198 aliquam,
1213 2163 1249 2189 ut
1272 2164 1378 2189 cetera

309 2203 461 2239 nomina,
485 2206 569 2242 puta
597 2202 743 2242 sapiens,
774 2203 899 2239 vivens,
925 2201 1055 2232 etc..De
1086 2202 1379 2233 transcendentibus

308 2252 427 2282 autem,
452 2246 615 2276 constabat
631 2255 667 2276 ea
686 2245 862 2286 posteriora
881 2255 947 2276 esse
962 2246 1033 2286 ipso
1053 2255 1128 2276 esse.
1153 2247 1194 2277 Et
1209 2253 1377 2287 propterea

308 2300 376 2321 non
399 2290 543 2330 oportuit
565 2289 726 2321 sollicitari
739 2292 924 2321 'Auctorem
948 2290 1028 2321 circa
1051 2290 1138 2321 haec.

366 2334 405 2366 V.
424 2334 542 2371 Quoad
563 2334 750 2371 secundum,
767 2334 818 2365 vel
838 2335 978 2365 secundo
993 2333 1019 2370 *‚
1043 2335 1196 2375 probatur
1215 2334 1379 2365 conclusio

308 2378 364 2410 sic.
380 2378 525 2410 Essentia
539 2378 600 2409 Dei
616 2388 682 2409 non
697 2385 802 2419 potest
817 2389 836 2409 a
851 2379 954 2412 nobis.
971 2389 1031 2418 pro
1051 2385 1133 2409 statu
1153 2378 1231 2415 viae,
1247 2379 1379 2419 intelligi

308 2423 410 2455 modo
433 2433 500 2463 quo
525 2423 558 2453 in
581 2433 614 2453 se
638 2429 701 2453 est:
727 2433 802 2463 ergo
826 2433 924 2454 omne
946 2423 1144 2454 intellectum
1168 2433 1378 2464 quocumque

308 2467 409 2498 modo
433 2466 692 2503 determinatum,
718 2466 823 2498 deficit
845 2478 863 2498 a
886 2467 986 2498 modo
1011 2477 1077 2508 quo
1101 2468 1188 2498 Deus
1211 2467 1244 2497 in
1261 2478 1293 2497 se
1313 2474 1377 2498 est:

309 2521 394 2552 ergo,
415 2517 536 2551 quanto
556 2511 663 2552 aliqua
686 2511 818 2542 nomina
834 2519 909 2542 sunt
927 2511 1034 2542 minus
1053 2511 1268 2547 determinata,
1290 2518 1378 2542 tanto

308 2555 409 2595 magis
432 2554 558 2595 proprie
583 2554 732 2586 dicuntur
754 2556 793 2586 de
816 2556 886 2586 Deo
905 2566 924 2586 a
942 2555 1050 2586 nobis:
1075 2565 1150 2596 ergo
1173 2556 1238 2593 Qui
1261 2561 1308 2586 est
1332 2562 1379 2586 est

307 2599 446 2630 maxime
469 2599 636 2639 proprium
664 2609 783 2630 nornen
806 2600 876 2630 Dei.

363 2643 485 2674 Ultima
503 2643 729 2684 consequentia
745 2644 897 2684 probatur
919 2643 953 2674 in
967 2643 1084 2675 littera:
1105 2644 1181 2685 quia
1202 2651 1302 2675 cetera
1319 2655 1377 2675 110-

308 2687 397 2718 1111118
419 2693 475 2717 8111
493 2694 568 2718 511111
591 2687 698 2718 minus
723 2687 922 2724 communiam
938 2695 1002 2724 aut,
1023 2688 1048 2718 si
1066 2695 1303 2725 convertuntur,
1321 2689 1376 2719 ad-

309 2732 390 2762 dunt
413 2730 533 2772 aliquid
559 2731 690 2762 rationis
714 2732 826 2762 saltem
849 2742 944 2772 supra
966 2732 1083 2772 ipsum.
1108 2733 1149 2763 Et
1173 2732 1378 2764 confirmatur

308 2775 493 2806 auctoritate
510 2775 709 2806 Damasceni.
721 2793 741 2798 —
754 2776 878 2806 Priores
894 2783 1001 2807 autem
1018 2777 1261 2817 consequentiae
1277 2777 1310 2807 in
1327 2777 1377 2807 lit-

307 2827 373 2851 tera
396 2829 463 2850 non
487 2820 672 2860 probantur.
696 2820 737 2850 Et
760 2820 862 2860 prima
885 2820 1016 2861 quidem
1038 2821 1160 2851 ratione
1175 2831 1240 2851 non
1257 2821 1375 2860 egebat,

308 2863 464 2905 quoniam
488 2874 525 2894 ex
548 2874 591 2894 se*
605 2864 678 2894 satis
701 2864 814 2905 liquet;
839 2864 865 2894 si
889 2865 975 2895 enim
998 2865 1115 2895 modus
1139 2865 1198 2895 Dei
1223 2871 1269 2895 est
1288 2865 1375 2895 inco-

307 2909 424 2948 gnitus,
438 2908 581 2948 sequitur
592 2908 682 2948 quod
698 2908 804 2938 omnis
819 2908 937 2939 modus
953 2909 1098 2949 cognitus
1114 2908 1236 2939 deficiat
1248 2919 1266 2939 a
1276 2909 1375 2939 modo

308 2952 378 2983 Dei.
393 2970 413 2974 -
429 2952 574 2983 Secunda
597 2962 729 2994 quoque
753 2952 845 2992 plane
860 2952 934 2983 inde
958 2953 1137 2984 deducitur:
1162 2953 1325 2994 quoniam,
1351 2953 1376 2983 si

309 2996 414 3026 omnis
437 2996 554 3027 modus
579 2996 724 3037 cognitus
748 2996 853 3027 deficit
875 3007 893 3027 a
915 2998 1015 3028 modo
1039 2997 1113 3033 Dei,
1138 3007 1229 3037 ergo,
1255 3004 1376 3038 quanto

309 3039 546 3071 determinatior
562 3041 689 3077 modus,
706 3047 795 3071 tanto
808 3041 908 3081 magis
925 3041 1038 3072 deficit.
1054 3041 1218 3078 Quoniam
1235 3041 1375 3072 defectus

307 3084 366 3114 iste
378 3093 415 3114 ex
427 3083 675 3115 eminentissima
686 3085 897 3125 amplitudine
908 3085 998 3115 modi
1011 3085 1133 3116 essendi
1146 3085 1205 3115 Dei
1217 3085 1374 3126 procedit:

309 3135 347 3158 ac
363 3137 420 3168 per
438 3128 509 3165 hoc,
529 3135 650 3169 quanto
667 3129 746 3159 ratio
766 3128 938 3169 significata
955 3139 1012 3170 per
1030 3139 1149 3160 nomen
1170 3136 1216 3160 est
1238 3130 1375 3170 amplior

309 3178 364 3202 aut
387 3172 572 3210 absolutior,
592 3180 680 3204 tanto
701 3173 807 3203 minus
831 3173 947 3204 recedit
969 3174 1008 3204 ab
1023 3173 1079 3204 illo
1102 3173 1305 3204 interminato
1322 3184 1375 3214 pe-

307 3216 381 3256 lago
399 3215 523 3247 divinae
538 3217 739 3249 substantiae.
756 3218 797 3248 Et
812 3217 874 3248 hoc
890 3224 937 3248 est
951 3218 1051 3258 magis
1066 3217 1194 3258 proprie
1212 3218 1283 3248 dici.
1299 3219 1375 3248 Non

309 3260 395 3290 enim
411 3259 542 3300 aliquod
557 3271 677 3292 nomen
693 3262 848 3302 adaequat
864 3262 1001 3292 modum
1017 3262 1090 3298 Dei;
1108 3262 1162 3292 sed
1178 3261 1253 3302 quia
1268 3262 1375 3292 minus

309 3304 422 3340 deficit,
439 3304 539 3344 magis
554 3305 721 3346 proprium
744 3306 871 3342 dicitur;
895 3305 938 3336 ita
954 3306 1043 3346 quod
1066 3305 1198 3336 minime
1219 3306 1299 3336 inter
1316 3306 1376 3336 alia

308 3349 462 3384 recedere,
488 3355 534 3379 est
555 3349 693 3380 maxime
715 3350 843 3390 proprie
858 3350 929 3380 dici.
955 3349 1095 3380 Deficere
1111 3356 1229 3386 autem,
1249 3350 1282 3380 in
1301 3360 1374 3390 pro-

308 3393 429 3434 posito,
455 3393 667 3423 communiter
689 3394 835 3425 sumitur.
860 3394 1027 3431 Quaedam
1056 3393 1141 3424 enirn
1169 3394 1315 3430 nomina,
1341 3401 1376 3425 ut

307 3436 559 3468 transcendentia
581 3436 687 3467 minus
711 3438 926 3474 determinata,
951 3437 1102 3469 deficiunt
1124 3438 1277 3478 negative,
1302 3438 1375 3478 plus

308 3488 415 3512 tamen
442 3482 476 3511 'et
503 3480 624 3516 minus,
653 3487 689 3512 ut
712 3481 833 3512 dictum
856 3489 918 3518 est;
950 3483 1030 3513 adeo
1054 3489 1090 3513 ut
1114 3483 1271 3523 quaedam
1300 3482 1373 3519 alia,

308 3525 426 3556 scilicet
442 3525 655 3561 determinata,
672 3524 818 3556 deficiant
828 3527 990 3563 contrarie,
1003 3533 1039 3557 ut
1054 3536 1180 3567 corpus,
1191 3533 1248 3558 etc.
1261 3526 1375 3558 Omnis

309 3579 382 3610 ergo
408 3569 626 3601 determinatio
651 3568 764 3606 deficit,
788 3570 933 3610 quanivis
958 3570 1159 3602 dissimiliter.

1437 222 1735 260 ARTICULUS
1765 224 1817 259 XI
2436 228 2505 264 163

1502 300 1555 331 VI.
1579 301 1717 332 Adverte
1739 301 1809 338 hic,
1841 304 1931 343 quod
1954 303 1986 344 ly
2010 309 2056 334 est
2087 304 2253 344 dupliciter
2280 312 2384 346 potest
2408 307 2507 338 deter-

1443 344 1573 375 minari:
1598 345 1716 376 scilicet
1744 356 1781 376 ex
1804 354 1891 386 parte
1908 348 2110 387 praedicati,
2136 356 2167 379 et
2190 359 2227 379 ex
2249 357 2336 390 parte
2365 351 2506 382 subiecti.

1443 389 1614 420 Praedicati
1631 390 1771 430 quidem,
1794 400 1868 420 811111
1885 391 2006 427 dicitur,
2025 398 2070 422 est
2087 394 2227 433 sapiens,
2244 394 2294 424 vel
2308 395 2420 432 bonus,
2437 401 2506 426 etc.:

1444 433 1575 464 subiecti
1603 441 1726 470 autem,
1757 445 1831 465 811111
1860 435 1972 466 dicitur
1994 436 2087 466 homo
2110 437 2160 467 vel
2187 437 2242 468 bos
2265 443 2326 473 est,
2352 445 2409 470 etc.
2434 440 2507 470 Hoc

1443 484 1550 507 autem
1567 488 1686 509 nornen
1714 478 1778 515 Qui
1793 484 1838 509 est
1854 479 1967 509 merito
1991 479 2358 512 indeterminatissimum
2377 482 2505 513 dicitur:

1443 521 1518 561 quia
1547 522 1695 563 utrinque
1718 523 1751 564 ly
1778 523 1843 560 Qui
1865 528 1912 554 est
1934 523 2213 556 indeterminatum
2237 525 2399 565 significat.
2430 528 2506 557 Non

1443 565 1528 596 8111111
1545 566 1714 606 significat,
1738 569 1794 608 qui
1817 572 1863 598 est
1885 567 1997 604 bonus,
2016 575 2070 598 aut
2084 570 2223 608 sapiens,
2241 577 2295 600 aut
2309 571 2507 602 substantia:
2524 601 2530 606 ,

1442 610 1497 640 sed
1521 611 1753 641 absolutissime
1780 611 1845 648 Qui
1867 617 1929 648 est,
1955 612 2073 652 absque
2097 623 2299 654 quacumque
2320 615 2506 646 determina-

1442 654 1539 685 tione.
1564 655 1611 685 Ex
1634 662 1721 695 parte
1746 655 1840 686 etiam
1863 655 1896 696 ly
1923 655 1999 693 Qui,
2031 666 2104 686 curn
2128 657 2215 687 nulla
2238 657 2429 697 significetur
2451 669 2506 690 118-

1441 705 1532 735 11118,
1563 699 1618 729 sed
1646 709 1720 730 cum
1743 699 1783 730 sit
1805 699 1972 730 relativum
2003 700 2193 731 substantiae
2208 724 2215 737 ‚
2245 703 2506 734 communissime

1441 743 1593 783 importat
1616 739 1844 781 substantiam:
1879 754 1946 774 non
1970 750 2005 774 ut
2028 751 2074 774 est
2098 751 2219 775 certum
2241 755 2359 785 genus,
2393 748 2447 777 sed
2470 755 2507 779 ut

1442 787 1547 818 omnis
1564 788 1698 818 essentia
1713 788 1887 819 substantia
1904 787 2025 818 dicitur.
2050 788 2092 818 Et
2108 795 2273 828 propterea
2290 790 2505 822 Damascenus

1435 832 1578 873 pelagus
1601 832 1761 873 infinitum
1785 833 1982 863 substantiae
2005 831 2178 871 significare
2197 833 2285 869 dixit;
2310 835 2507 866 substantiae

1441 875 1572 917 quidem
1595 876 1715 907 ratione
1731 876 1764 917 ly
1784 876 1858 914 Qui,
1878 877 2020 917 pelagus
2040 883 2147 907 autem
2163 877 2321 918 infinitum
2339 879 2458 910 ratione
2473 880 2506 920 ly

1441 926 1498 957 est,
1519 921 1638 961 absque
1662 921 1751 951 omni
1775 920 2052 951 determinatione:
2077 928 2182 960 potest
2201 921 2286 952 enim
2308 922 2506 954 determinari
2552 930 2562 935 “

1440 963 1570 995 infinitis
1590 964 1915 996 determinationibus.
1942 965 2014 995 Hoc
2038 971 2145 995 autem
2169 965 2305 996 maxime
2328 967 2507 999 manifestat

1441 1009 1530 1049 quod
1545 1009 1625 1039 adeo
1643 1009 1784 1039 eminens
1802 1016 1856 1045 est,
1875 1016 1910 1039 ut
1924 1008 2072 1039 infinities
2086 1008 2226 1040 infinitos
2242 1011 2363 1041 essendi
2379 1012 2504 1048 modos,

1441 1052 1536 1083 etiarn
1560 1053 1751 1092 cogitabiles,
1776 1053 2024 1084 eminentissime
2048 1054 2304 1093 comprehendat.

1498 1097 1566 1127 V11.
1583 1097 1700 1134 Quoad
1717 1097 1845 1128 tertium
1859 1107 1944 1134 vero,
1958 1097 2007 1128 vel
2027 1097 2118 1128 tertio
2129 1097 2156 1134 κ’,
2174 1099 2326 1138 probatur
2342 1099 2504 1130 conclusio

1440 1151 1477 1171 ex
1501 1141 1802 1181 consignificatione.
1830 1141 1895 1178 Qui
1923 1147 1969 1172 est
1993 1141 2146 1181 significat
2169 1152 2235 1173 esse
2265 1143 2298 1173 in
2329 1144 2503 1183 praesenti:

1440 1195 1515 1224 ergo
1539 1185 1676 1215 maxime
1700 1186 1828 1226 proprie
1843 1185 1990 1216 convenit
2005 1186 2085 1216 Deo.
2099 1203 2117 1208 -
2135 1187 2238 1217 Tenet
2253 1188 2393 1228 sequela:
2414 1198 2503 1228 prae-

1440 1229 1610 1259 sentialitas
1641 1229 1727 1259 enim
1760 1237 1806 1260 est
1838 1230 1974 1260 maxime
2003 1230 2130 1270 propria
2154 1231 2242 1267 Deo,
2276 1238 2311 1262 ut
2341 1239 2427 1272 patet
2449 1242 2505 1273 per

1439 1273 1668 1312 Augustinum.

1497 1317 1580 1348 VIII.
1605 1317 1742 1348 Adverte
1773 1317 1841 1353 hic,
1871 1317 1960 1358 quod
1983 1317 2016 1358 ly
2047 1318 2112 1355 Qui
2142 1324 2189 1349 est
2216 1319 2378 1359 tripliciter
2401 1327 2505 1360 potest

1439 1361 1639 1392 considerari.
1667 1361 1738 1392 Uno
1766 1361 1859 1392 modo
1883 1361 2026 1392 absolute
2050 1368 2080 1392 et
2103 1362 2291 1393 formaliter:
2318 1370 2348 1393 et
2367 1364 2410 1394 sic
2429 1374 2504 1395 con-

1439 1405 1643 1436 siderandum
1667 1412 1713 1436 est
1735 1405 1796 1436 hic.
1820 1406 1886 1436 Nec
1910 1405 2011 1436 differt
2030 1405 2063 1447 ly
2083 1406 2147 1443 Qui
2163 1412 2209 1437 est
2232 1408 2270 1437 ab
2294 1413 2365 1438 ente
2387 1408 2504 1439 forma-

1437 1449 1516 1486 liter,
1542 1450 1596 1480 sed
1615 1450 1723 1491 quoad
1747 1456 1809 1480 tres
1833 1450 2039 1481 conditiones.
2063 1450 2169 1480 Prima
2193 1458 2247 1487 est,
2272 1451 2348 1492 quia
2367 1462 2423 1483 ens
2438 1463 2504 1483 non

1438 1493 1480 1524 ita
1497 1493 1641 1534 explicite
1665 1494 1810 1534 explanat
1833 1500 1940 1524 actum
1964 1494 2103 1524 essendi:
2128 1496 2266 1525 secunda
2286 1502 2341 1532 est,
2358 1496 2433 1537 quia
2449 1507 2505 1528 ens

1438 1548 1504 1568 non
1529 1537 1745 1578 consignificat
1775 1545 1902 1578 tempus
1926 1538 2074 1579 aliquod:
2099 1539 2188 1570 tertia
2212 1546 2271 1576 est,
2296 1541 2386 1581 quod
2403 1541 2504 1572 relati-

1437 1592 1515 1612 vum
1533 1583 1677 1613 clausum
1697 1582 1730 1612 in
1748 1582 1781 1624 ly
1805 1592 1872 1620 ens,
1897 1589 1944 1613 est
1967 1583 2069 1613 neutri
2092 1583 2230 1623 generis,
2255 1590 2291 1615 ut
2307 1591 2392 1624 patet
2408 1595 2503 1626 expo-

1437 1627 1544 1657 nendo
1569 1637 1643 1664 ens,
1669 1626 1750 1658 idest
1772 1626 1858 1668 quod
1880 1632 1946 1665 est,
1971 1633 2007 1658 ut
2030 1637 2173 1667 expresse
2197 1628 2236 1658 ab
2259 1628 2429 1660 Aristotele
2453 1639 2504 1660 ex-

1436 1671 1568 1712 ponitur
1590 1671 1718 1711 pluries.
1739 1672 1897 1702 Neutrum
1921 1678 2027 1702 autem
2051 1681 2165 1711 genus,
2191 1682 2264 1703 cum
2287 1672 2425 1704 informe
2448 1673 2501 1711 sit,

1436 1715 1536 1755 magis
1556 1726 1593 1746 ex
1612 1722 1699 1756 parte
1716 1715 1863 1746 materiae
1880 1725 1912 1745 se
1930 1722 2033 1746 tenet:
2058 1716 2270 1747 masculinum
2291 1723 2407 1755 autem,
2428 1728 2503 1749 cum

1435 1760 1610 1791 formatum
1634 1760 1689 1796 sit,
1714 1759 1925 1790 actualitatem
1956 1759 2104 1790 insinuat.
2135 1761 2243 1797 Unde,
2273 1761 2406 1792 dicendo
2439 1762 2504 1799 Qui

1435 1810 1499 1842 est,
1533 1804 1694 1835 actualitas
1718 1804 1817 1844 magis
1841 1803 2018 1834 insinuatur
2041 1804 2212 1841 existentis,
2241 1815 2339 1846 quam
2367 1806 2501 1837 dicendo

1433 1849 1517 1890 quod
1540 1854 1595 1879 est.

1490 1894 1622 1933 Propter
1645 1902 1724 1933 quas
1748 1892 1956 1928 conditiones,
1981 1892 2144 1923 adiunctas
2167 1893 2215 1923 his
2239 1903 2320 1934 quae
2344 1894 2376 1924 111
2399 1894 2501 1925 1111818

1434 1938 1533 1968 dictae
1553 1944 1642 1974 sunt,
1662 1937 1695 1978 ly
1715 1947 1769 1967 8111
1792 1947 1846 1966 ast
1869 1937 2009 1967 secundo
2032 1937 2124 1967 modo
2144 1937 2360 1969 consideratur
2378 1945 2414 1969 ut
2434 1948 2500 1969 rne-

1434 1981 1494 2012 1110
1519 1981 1759 2022 appropriatum
1782 1981 1862 2011 Deo.
1887 1981 1929 2011 Et
1956 1980 2008 2017 sic,
2034 1990 2108 2011 cum
2131 1981 2210 2011 ratio
2235 1982 2499 2022 appropriationis

1434 2026 1489 2062 511,
1510 2026 1585 2067 quia
1608 2025 1675 2065 ipse
1699 2025 1786 2055 solus
1809 2025 1842 2055 in
1866 2025 1909 2055 rei
1932 2025 2061 2055 veritate
2086 2031 2147 2061 est,
2174 2032 2273 2056 cetera
2299 2033 2407 2057 autem
2426 2034 2500 2057 sunt

1434 2076 1465 2101 et
1488 2080 1554 2100 non
1578 2076 1670 2105 sunt,
1699 2079 1758 2109 pro
1787 2076 1908 2110 quanto
1932 2070 2039 2099 deesse
2063 2076 2217 2109 possunt,
2248 2077 2278 2101 et
2301 2071 2380 2101 dum
2403 2078 2497 2108 sunt,

1434 2124 1500 2144 non
1520 2120 1594 2144 sunt
1613 2113 1672 2143 nisi
1696 2113 1750 2149 sic,
1774 2113 1855 2144 idest
1877 2120 1980 2144 tantae
2004 2119 2035 2144 81
2057 2113 2126 2144 18115
2150 2114 2360 2165 perfectionis,
2386 2121 2416 2146 et
2432 2125 2498 2145 non

1435 2158 1578 2188 absolute
1588 2158 1618 2177 *·
1612 2164 1766 2197 ,oportet
1780 2164 1815 2188 ut
1831 2158 1892 2188 hoc
1907 2167 2026 2188 nornen
2039 2157 2082 2188 sic
2101 2165 2277 2197 sumptum,
2296 2159 2499 2190 eminentiam

1435 2212 1596 2233 summam
1619 2201 1652 2231 in
1676 2202 1809 2232 essendo
1833 2201 1989 2238 insinuet,
2023 2211 2089 2232 non
2113 2211 2150 2232 ex
2173 2202 2418 2242 significatione,
2444 2204 2498 2234 sed

1436 2256 1472 2277 ex
1496 2245 1763 2286 appropriatione.
1789 2245 1876 2276 Sicut
1906 2245 1932 2276 si
1955 2245 2017 2276 hoc
2048 2255 2166 2276 nomen
2197 2256 2393 2288 cognoscens
2420 2247 2500 2278 inter

1435 2290 1582 2321 homines
1598 2289 1690 2320 alicui
1707 2290 1958 2321 excellentissimi
1973 2290 2149 2320 intellectus
2165 2291 2394 2331 approprietur,
2408 2292 2499 2332 quasi

1436 2335 1528 2366 ceteri
1551 2334 1583 2364 in
1609 2334 1846 2374 comparatione
1870 2335 1909 2364 ad
1932 2334 2039 2374 ipsum
2062 2344 2127 2364 non
2158 2342 2398 2375 cognoscerent,
2424 2343 2498 2367 etc.:

1435 2386 1511 2410 tunc
1535 2379 1635 2415 enim,
1659 2378 1732 2409 licet
1755 2388 1820 2409 non
1849 2378 2019 2409 variaretur
2042 2379 2180 2408 nominis
2204 2378 2406 2419 significatio,
2427 2380 2499 2420 plus

1435 2430 1541 2454 tamen
1575 2423 1748 2453 insinuaret
1780 2433 1878 2463 quam
1907 2422 2094 2463 significaret
2128 2422 2322 2459 formaliter,
2358 2434 2432 2454 cum
2463 2434 2500 2454 ex

1434 2467 1620 2498 huiusmodi
1654 2466 1910 2507 appropriatione
1943 2467 2159 2497 ostenderetur
2192 2467 2372 2498 excellentia
2401 2468 2495 2499 illius.

1435 2512 1537 2548 Unde,
1562 2511 1595 2541 in
1619 2511 1795 2551 proposito,
1820 2511 1892 2541 licet
1914 2512 1969 2551 qui
1992 2516 2038 2541 est
2060 2510 2233 2541 formaliter
2256 2518 2434 2551 sumptum,
2460 2513 2498 2543 de

1435 2556 1524 2586 omni
1541 2555 1689 2586 existente
1703 2554 1888 2590 verificetur,
1909 2565 1966 2585 nec
1982 2554 2110 2595 pelagus
2130 2555 2320 2585 substantiae
2337 2555 2497 2586 infinitum

1435 2600 1578 2635 denotet,
1608 2599 1666 2629 nisi
1691 2609 1729 2629 eo
1753 2599 1852 2629 modo
1877 2609 1943 2639 quo
1967 2606 2043 2636 ens;
2066 2605 2102 2629 ut
2129 2599 2368 2639 appropriatum
2391 2606 2498 2631 tamen

1434 2644 1659 2679 consideratur,
1676 2653 1752 2679 esse,
1769 2643 1858 2683 quod
1875 2650 1921 2673 est
1934 2642 2003 2683 ipsa
2017 2643 2076 2673 Dei
2092 2643 2234 2679 essentia,
2251 2643 2497 2675 eminentissime

1432 2688 1465 2718 in
1489 2688 1558 2718 Deo
1582 2687 1692 2727 ponit,
1726 2687 1920 2728 pelagusque
1943 2687 2024 2717 illud
2046 2686 2207 2718 infinitum
2237 2687 2270 2717 in
2299 2688 2407 2718 divino
2431 2699 2497 2719 esse

1433 2731 1533 2772 ponit.
1550 2733 1596 2762 Ac
1612 2741 1668 2771 per
1683 2731 1754 2767 hoc,
1767 2730 1955 2761 infinitatem
1971 2741 2027 2771 per
2042 2731 2381 2768 indeterminationem,
2399 2742 2497 2773 quarn

1432 2777 1465 2806 in
1482 2775 1647 2806 communi
1666 2775 1826 2815 importat,
1842 2775 1882 2805 ad
1897 2774 2086 2807 infinitatem
2102 2786 2159 2816 per
2174 2776 2378 2806 eminentiam
2394 2777 2495 2813 trahit,

1433 2827 1596 2851 aeternum
1613 2829 1679 2850 esse
1695 2819 1775 2849 illud
1790 2819 1965 2850 innuendo.
1981 2820 2114 2860 Propter
2129 2820 2217 2860 quod
2235 2820 2361 2850 nullum
2377 2830 2496 2851 nomen

1432 2864 1564 2904 simplex
1588 2864 1696 2904 quoad
1721 2871 1911 2903 conceptum
1935 2864 2103 2900 habemus,
2129 2865 2215 2904 quod
2240 2864 2340 2904 magis
2365 2865 2497 2905 explicet

1432 2908 1572 2938 divinam
1595 2914 1741 2938 naturam
1764 2907 1985 2948 quidditative,
2010 2918 2109 2948 quam
2131 2909 2164 2949 ly
2191 2908 2255 2945 Qui
2273 2913 2327 2939 est.

1494 2953 1600 2982 Tertio
1617 2952 1709 2982 modo
1731 2951 1946 2982 consideratur
1965 2952 2028 2989 Qui
2047 2958 2103 2989 est,
2125 2959 2160 2982 ut
2177 2958 2223 2982 est
2237 2952 2379 2993 primum
2394 2962 2495 2982 mem—

1431 2997 1526 3027 brum
1549 2996 1644 3026 huius
1668 2995 1803 3036 analogi‚
1821 2996 1938 3026 scilicet
1954 2997 2009 3036 qui
2028 3002 2082 3027 est.
2099 2997 2140 3026 Et
2158 2996 2201 3026 518
2223 2996 2255 3036 ly
2274 2996 2338 3033 Qui
2354 3002 2410 3033 est,
2428 3006 2494 3026 non

1432 3051 1468 3071 ex
1493 3039 1758 3080 appropriatione,
1783 3040 1838 3070 sed
1862 3050 1898 3070 ex
1917 3040 2045 3080 propria
2068 3040 2189 3070 ratione
2213 3046 2259 3070 est
2282 3050 2400 3070 nomen
2419 3050 2494 3080 pro-

1431 3085 1538 3125 prium
1561 3084 1636 3120 Dei,
1666 3090 1696 3114 et
1723 3083 1923 3114 verificantur
1946 3084 1984 3114 de
2008 3094 2046 3114 eo
2071 3081 2179 3114 omnia
2207 3083 2403 3123 supradicta:
2435 3084 2495 3114 alia

1431 3136 1537 3160 tamen
1553 3128 1690 3164 ratione,
1714 3128 1790 3168 quia
1805 3138 1871 3158 non
1892 3138 1928 3158 ex
1951 3128 2216 3168 appropriatione,
2242 3128 2296 3157 sed
2313 3137 2350 3158 ex
2365 3128 2493 3168 propria

1431 3172 1668 3213 significatione,
1689 3179 1724 3202 ut
1740 3172 1861 3203 dictum
1876 3179 1923 3203 est
1934 3172 1960 3203 *.
1982 3173 2023 3203 Et
2046 3172 2198 3213 quoniam
2222 3172 2394 3212 analogum
2417 3172 2493 3202 sim-

1431 3217 1551 3259 pliciter
1573 3217 1735 3257 prolatum
1749 3223 1809 3246 stat
1824 3226 1883 3256 pro
1899 3216 2018 3256 primo,
2039 3216 2155 3247 idcirco
2171 3215 2204 3256 ly
2218 3217 2274 3256 qui
2289 3221 2335 3246 est
2350 3216 2493 3247 absolute

1431 3271 1489 3302 pro
1513 3261 1617 3301 primo
1642 3260 1792 3296 sumitur;
1809 3267 1839 3291 et
1856 3267 1902 3291 est
1924 3260 2179 3301 propriissimum
2195 3260 2275 3296 Deo,
2292 3266 2422 3300 propter
2437 3270 2491 3291 su-

1431 3305 1578 3346 pradicta.
1607 3305 1647 3335 Et
1670 3304 1747 3335 haec
1770 3313 1921 3345 sequere:
1947 3304 2101 3345 quoniam
2125 3310 2155 3334 81
2182 3313 2274 3339 ν818,
2300 3310 2330 3334 81
2357 3305 2490 3335 Auctori

1431 3359 1572 3380 consona
1595 3355 1678 3384 sunt,
1703 3349 1847 3379 absolute
1871 3359 1906 3379 ac
1930 3348 2102 3378 formaliter
2124 3347 2278 3388 loquenti.

1490 3394 1541 3423 IX.
1567 3393 1602 3422 In
1625 3392 1832 3432 responsione
1856 3393 1895 3422 ad
1918 3392 2068 3432 primum,
2095 3392 2228 3422 dubium
2244 3392 2393 3423 occurrit:
2416 3392 2491 3432 quia

1431 3437 1588 3468 distinctio
1613 3437 1694 3467 facta
1723 3436 1860 3473 ibidem,
1894 3446 1960 3466 non
1983 3437 2077 3466 habet
2108 3436 2218 3466 locum
2250 3435 2283 3465 in
2312 3436 2489 3476 propositO.

1432 3481 1595 3519 Quoniam
1618 3481 1651 3510 in
1673 3481 1706 3521 ly
1734 3481 1798 3517 Qui
1813 3486 1858 3511 est
1881 3480 1966 3510 idem
1984 3487 2030 3510 est
2048 3490 2066 3509 a
2084 3490 2150 3520 quo
2167 3489 2286 3510 nomen
2302 3479 2488 3520 imponitur,

1431 3533 1462 3556 et
1477 3526 1516 3556 ad
1533 3525 1621 3567 quod
1645 3534 1763 3555 nomen
1787 3524 1973 3565 imponitur.
1985 3524 2081 3563 Ergo,
2098 3523 2123 3554 si
2138 3530 2184 3554 est
2203 3524 2302 3564 magis
2321 3524 2488 3564 proprium

1431 3579 1549 3600 nomen
1573 3569 1682 3610 quoad
1704 3579 1823 3604 unum,
1849 3569 1905 3599 erit
1927 3568 2035 3609 quoad
2058 3575 2239 3609 utrumque.
2264 3569 2305 3599 Et
2328 3575 2434 3599 tamen
2457 3568 2490 3598 in

2532 1106 2541 1115 ”
2557 1104 2594 1127 Cf.
2608 1111 2672 1127 num.
2684 1112 2709 1127 11.

2525 2164 2568 2184 *et
2578 2164 2613 2185 sic
2623 2163 2677 2185 add.
2688 2164 2741 2186 edd.

2526 2190 2586 2218 1508,
2603 2196 2657 2217 ¹5¹4·

2519 3175 2531 3186 ⁸
2544 3174 2616 3197 Num.
2631 3181 2657 3197 111
2677 3182 2687 3197 5
2697 3182 2737 3204 qq.
