2768 4178
956 240 1225 288 QUAESTIO
1253 240 1326 286 xl,
1353 239 1651 276 ARTICULUS
1681 239 1732 276 IV
2363 241 2433 279 113

927 369 1262 402 Commentario·
1285 368 1537 401 cardinalis
1558 368 1759 401 Caietam

307 478 416 500 nunus
446 468 549 499 clarus
577 477 614 498 ex
643 466 744 498 dietis.
768 483 787 489 -
811 465 847 495 ln
869 463 1018 505 'corpore
1038 473 1104 496 una
1132 464 1314 503 conclusio,
1363 465 1509 505 privatio
1531 465 1664 507 suscipit
1686 466 1793 507 magis
1819 471 1849 496 et
1872 468 1979 498 minus
1994 473 2131 508 propter
2152 469 2347 501 divisionem.
2368 470 2438 510 Ipsa

250 481 493 553 Tresponsiva
515 510 719 549 affirmative:
743 510 831 540 Deus
855 514 902 540 est
923 508 1061 539 maxime
1084 517 1180 539 unus.
1370 508 1457 539 enim
1481 508 1594 540 divisio
1618 508 1744 550 negatio
1768 515 1824 546 est,
1847 510 1885 540 de
1906 520 1969 551 qua
1985 519 2031 543 est
2047 512 2157 543 eadem
2180 513 2334 553 quaestio,
2359 523 2439 555 quo-

290 557 456 588 Probatur.
469 556 558 587 Deus
569 561 617 586 est
627 553 836 588 maximessens
848 559 880 584 et
893 552 1032 584 maxime
1043 552 1212 583 indivisus:
1226 561 1313 592 erge.
1371 553 1471 583 modo
1495 552 1627 594 suscipit
1649 553 1751 594 magis
1774 560 1805 584 et
1827 554 1944 585 minus.

244 601 470 632 -Antecedens
481 599 634 641 probatur
641 597 753 640 quoad
761 596 899 638 palmam
910 602 1048 637 partem:
1058 595 1135 637 quia
1146 602 1194 627 est
1206 596 1315 636 ipsum
1425 596 1477 627 Ad
1499 596 1562 627 hoc
1585 597 1797 638 respondetur
1818 598 1961 634 breviter,
1977 594 2066 639 quod
2089 599 2201 630 divisio
2217 600 2347 641 suscipit
2369 611 2437 632 ma-

245 655 324 676 esse.
341 643 461 683 Quoad
475 642 663 675 secundam:
680 641 757 683 quia
772 640 907 672 omnino
919 640 1055 681 simplex
1070 639 1160 671 omni
1176 639 1314 671 divisibi-
1371 640 1419 680 gis
1436 647 1467 671 et
1485 640 1593 672 minus
1612 642 1738 672 ratione
1752 641 1974 682 fundamenti.
1998 643 2099 683 Magis
2122 644 2208 674 enim
2226 645 2377 676 rationale
2392 645 2437 676 di-

244 689 331 720 litate
343 685 712 727 caret-Consequentia
725 691 834 716 autem
848 685 1002 726 probatur
1013 694 1052 715 ex
1065 683 1189 715 ratione
1205 685 1313 722 unius,
1372 690 1433 715 stat
1449 694 1467 715 a
1489 684 1595 725 lapide
1618 695 1718 726 quam
1737 695 1756 716 a
1778 685 1874 716 bove:
1897 693 1928 716 et
1950 693 2117 727 propterea
2130 688 2232 718 maior
2255 695 2302 719 est
2324 689 2437 720 divisio

244 731 434 764 includentis
450 741 506 762 ens
524 737 556 762 et
573 729 807 760 indivisionem.
829 728 949 760 Omnia
963 729 1045 760 clara
1063 734 1138 759 sunt
1152 728 1187 759 in
1202 728 1314 759 littera.
1373 728 1454 759 inter
1476 728 1644 760 hominem
1668 736 1698 760 et
1720 729 1870 770 lapidem.
1895 730 1936 760 Et
1959 737 2127 771 propterea
2144 726 2250 762 minor
2273 739 2318 764 est
2334 733 2438 764 unitas

290 776 329 808 11.
356 776 392 808 In
419 774 628 820 responsiope
658 774 698 804 ad
721 773 881 815 primum,
911 772 1047 804 dubium
1079 779 1127 803 est
1158 772 1315 814 quomodo
1371 772 1495 814 generis
1519 773 1552 803 in
1576 783 1643 815 quo
1668 773 1862 805 conveniunt
1883 773 1985 805 homo
2009 782 2039 806 et
2061 774 2152 815 lapis,
2172 783 2207 806 ut
2229 783 2324 816 patet.

231 1247 394 1291 qssffl
415 1267 434 1273 ν

105 1351 121 1376 Υ

252 1455 296 1477 ΓΠ·

141 1578 147 1582 .
250 1555 311 1583 -ιῐιῆ

90 1598 126 1633 ¹8
251 1612 309 1640 εἶ’)

295 2128 319 2145 ,ι

329 2175 363 2199 11÷

297 2229 326 2251 ,Ἥ
350 2247 355 2250 ,

134 2339 199 2360 ,na'l

399 3654 510 3678 Summa
530 3652 630 3676 Tarm.
650 3651 681 3674 D.
696 3650 809 3675 Tuomst:
828 3650 860 3675 Τ.
880 3651 888 3674 Ι
2265 3646 2292 3669 ¹5
2322 3654 2324 3656 .
