2768 4178
975 234 1242 297 QUAEsT1o
1272 253 1446 300 XLVIII,
1475 255 1770 293 ARTICULUS
1800 258 1814 293 1

306 341 386 367 non
427 328 671 378 simpliciter,
706 328 774 365 sed
817 329 1118 366 contrariorum:
1149 330 1238 378 quia
1278 331 1372 367 sicut

305 383 431 419 omnis
451 383 575 420 forma
594 382 709 419 habet
737 381 924 418 rationem
950 382 1053 429 boni,
1074 383 1124 419 ita
1153 382 1277 419 omnis
1296 383 1370 431 pri-

303 436 420 483 vatio,
437 435 663 485 inquantum
682 434 915 481 huiusmodi,
931 435 1047 471 habet
1065 435 1250 472 rationem
1270 436 1369 473 mali.

359 490 418 525 An
447 500 638 527 SECUNDUM
657 499 841 532 monimum
870 488 976 535 quod
1001 488 1148 524 bonum
1171 496 1208 524 et
1225 489 1370 526 malum

304 554 384 582 non
412 549 500 579 sunt
528 540 761 578 differentiae
790 540 1052 577 constitutivae
1081 540 1151 577 nisi
1178 541 1217 577 in
1246 553 1371 578 mora-

304 594 420 641 libus,
451 606 550 643 quae
580 593 765 642 recipiunt
792 593 960 642 speciem
980 589 994 616 ε
1022 605 1067 629 ex
1094 593 1192 640 fine,
1223 594 1288 641 qui
1317 602 1372 631 est

305 648 498 684 obiectum
517 647 735 694 voluntatis,
756 658 778 683 a
797 658 874 695 qua
892 646 1053 682 moralia
1073 646 1302 694 dependent.
1324 648 1373 683 Et

305 700 395 750 quia
414 701 561 738 bonurn
589 700 706 737 habet
733 699 921 736 rationem
941 698 1040 746 finis,
1061 698 1148 736 ideo
1169 699 1315 736 bonum
1337 707 1372 736 et

304 754 450 791 malum
479 760 568 790 sunt
592 752 825 790 differentiae
845 752 1045 801 specificae
1073 752 1112 789 in
1141 752 1371 799 moralibus3

304 807 452 843 bonum
479 818 550 855 per
577 818 630 852 se,
652 805 721 843 sed
749 806 896 857 malum
915 805 1143 853 inquantum
1173 812 1228 842 est
1247 817 1372 842 remo-

302 859 355 896 tio
385 858 501 896 debiti
519 858 606 896 finis
625 864 648 895 ⁰.
679 859 764 896 Nec
792 866 921 895 tamen
951 858 1114 895 remotio
1144 858 1259 895 debiti
1286 858 1373 895 finis

304 912 495 949 constituit
527 911 695 961 speciem
730 912 769 949 in
797 911 1026 959 moralibus,
1055 911 1127 948 nisi
1161 911 1373 949 secundum

303 965 410 1013 quod
430 965 645 1013 adiungitur
672 965 740 1002 fini
768 964 960 1002 indebito:
990 964 1085 1001 sicut
1103 976 1230 1012 neque
1250 964 1288 1001 in
1307 977 1373 1001 na-

302 1018 486 1056 turalibus
505 1023 523 1040 ⁷⁸
543 1018 735 1056 invenitur
757 1017 920 1067 privatio
941 1017 1087 1054 formae
1106 1017 1371 1064 substantialis,

303 1071 374 1109 nisi
392 1071 570 1108 adiuncta
584 1071 690 1108 alteri
708 1072 868 1108 formae.
891 1070 954 1107 Sic
971 1070 1082 1118 igitur
1100 1071 1246 1107 malum
1266 1071 1373 1118 quod

305 1131 361 1162 est
380 1124 594 1162 differentia
613 1124 855 1162 constitutiva
874 1123 914 1160 in
933 1123 1154 1170 moralibus,
1176 1131 1232 1160 est
1251 1124 1372 1172 quod-

304 1177 395 1215 dam
424 1178 571 1215 bonum
599 1178 821 1215 adiunctum
847 1176 1051 1226 privationi
1080 1176 1232 1213 alterius
1260 1176 1370 1213 boni:

303 1230 399 1269 sicut
426 1231 512 1268 finis
548 1230 790 1280 intemperati
818 1237 894 1277 est,
932 1242 1012 1267 non
1046 1229 1203 1278 quidem
1243 1242 1371 1266 carere

301 1283 409 1321 bono
438 1284 606 1332 rationis,
628 1285 696 1321 sed
709 1290 725 1315 Ρ
745 1282 964 1321 delectabile
994 1295 1128 1319 sensus
1147 1283 1292 1331 absque
1312 1295 1372 1319 or-

304 1336 392 1374 dine
421 1337 587 1375 rationis.
617 1337 730 1375 Unde
758 1337 922 1383 malum,
951 1335 1178 1384 inquantum
1212 1336 1371 1383 malum,

302 1402 383 1427 non
411 1398 467 1427 est
496 1390 708 1428 differentia
736 1388 998 1435 constitutiva3
1028 1388 1097 1426 sed
1116 1388 1261 1425 ratione
1280 1388 1372 1426 boni

302 1442 469 1481 adiuncti
487 1443 518 1480 *.

356 1497 406 1534 Et
423 1509 494 1546 per
511 1497 587 1533 hoc
609 1496 722 1533 etiam
743 1502 756 1516 ⁹
784 1502 889 1544 patet
907 1494 1106 1544 responsio
1130 1506 1178 1531 AD
1197 1506 1370 1531 TERTIUM.

302 1549 408 1587 Nam
435 1549 486 1586 ibi
516 1549 774 1598 Philosophus
793 1548 961 1598 loquitur
988 1547 1036 1585 de
1065 1548 1169 1592 bono
1200 1555 1236 1584 et
1255 1548 1370 1595 malo,

301 1602 516 1640 secundum
553 1602 659 1651 quod
693 1602 940 1639 inveniuntur
974 1601 1013 1638 in
1050 1601 1271 1638 moralibus.
1311 1601 1372 1637 Sic

303 1655 406 1693 enim
434 1655 531 1692 inter
558 1656 706 1692 bonum
735 1662 772 1692 et
798 1656 944 1692 malum
969 1654 1161 1692 invenitur
1179 1654 1369 1691 medium:

300 1716 416 1758 prout
433 1709 582 1746 bonum
603 1708 739 1746 dicitur
757 1708 863 1756 quod
883 1715 939 1745 est
958 1707 1195 1754 ordinatum3
1224 1707 1371 1744 malum

301 1769 451 1810 autem,
481 1761 587 1810 quod
625 1774 705 1799 non
733 1762 859 1799 solum
895 1769 951 1798 est
979 1760 1269 1807 deordinatum,
1303 1761 1371 1798 sed

301 1814 417 1852 etiam
445 1815 630 1853 nocivum
657 1814 774 1852 alteri.
795 1814 907 1852 Unde
932 1814 1020 1852 dicit
1047 1814 1305 1863 Philosophus
1333 1813 1372 1851 in

169 1887 176 1900 ‚
207 1887 215 1894 ·
247 1883 274 1894 ··
301 1868 354 1906 lv
371 1868 492 1905 Ethic.
512 1868 544 1916 ²¹²,
565 1868 672 1916 quod
690 1867 874 1917 prodigus
892 1880 1016 1905 vanus
1036 1867 1194 1916 quidem
1215 1874 1282 1914 est,
1303 1867 1371 1904 sed

0 2343 4 2404 -.....-v
0 2170 11 2327 ..¹5ss7w-„v-
0 1985 6 2147 -w-v-w-

243 1915 265 1931 '⁴
301 1933 382 1958 non
401 1921 536 1958 malus.
557 1942 582 1950 -
601 1922 662 1958 Ab
682 1922 758 1958 hoc
778 1921 892 1958 etiam
912 1921 1015 1958 malo
1035 1920 1143 1969 quod
1163 1928 1219 1957 est
1237 1932 1371 1957 secun-

355 2051 378 2085 Ε)
397 2052 521 2085 spec1’2m.
538 2066 558 2071 -
574 2052 674 2084 species
692 2052 754 2077 Pab.
772 2065 792 2071 -
809 2052 860 2077 Pro
878 2059 896 2077 a
914 2059 975 2085 qua,
995 2059 1013 2077 a
1030 2060 1083 2085 quo
1101 2053 1129 2077 Ρ.

354 2088 380 2120 ο)
399 2088 496 2114 bonum
511 2094 564 2120 per·
580 2087 727 2120 semfinis.
745 2101 763 2108 -
781 2088 843 2113 Om.
863 2087 986 2114 CDEFG.
1002 2101 1022 2108 -
1039 2089 1096 2114 Nec
1112 2096 1167 2113 om.
1186 2088 1227 2113 ed.
1245 2095 1271 2113 a.

353 2123 384 2156 π)
403 2123 581 2148 naturalibus.
599 2136 618 2142 —-
636 2123 820 2148 materialibus
837 2123 867 2148 P.

354 2160 379 2193 ρ)
398 2159 454 2184 sed.
472 2173 491 2177 -
507 2158 554 2184 sed
572 2158 669 2183 habere
686 2159 716 2184 B.

354 2194 380 2228 σ)
399 2194 489 2220 etiam.
507 2207 527 2213 -
544 2193 606 2219 Om.
625 2194 773 2219 ABCDEG.

2402 272 2475 308 491

1426 331 1518 369 dum
1547 345 1708 381 morem,
1739 335 1917 383 contingit
1943 336 2025 373 fieri
2054 337 2215 375 reditum
2236 338 2286 375 ad
2313 339 2480 385 bonum;

1425 396 1503 421 non
1536 394 1664 423 autem
1693 399 1738 423 ex
1766 400 2010 438 quocumque
2039 391 2153 427 malo.
2189 391 2280 427 Non
2310 391 2408 428 enlm
2437 404 2481 428 ex

1426 438 1601 475 caecitate
1621 439 1664 476 fit
1684 440 1823 477 reditus
1848 442 1895 478 ad
1923 442 2123 490 visionem,
2146 455 2233 480 cum
2253 451 2379 481 tamen
2399 457 2481 481 cae-

1425 489 1513 526 citas
1542 491 1587 527 sit
1614 493 1757 529 malum
1786 494 1994 542 quoddam.

1447 594 1454 600 .
1477 545 1535 579 AD
1565 555 1737 586 QUARTUM
1766 558 1949 583 DICENDUM
1978 548 2081 596 quod
2114 548 2256 596 aliquid
2289 561 2399 597 agere
2428 549 2481 586 di-

1425 602 1519 631 citur
1546 597 1746 644 tripliciter.
1773 599 1859 635 Uno
1889 600 2019 647 modo,
2049 601 2265 648 formaliter,
2287 614 2332 638 eo
2362 602 2479 639 modo

1425 648 1606 695 loquendi
1634 662 1710 698 quo
1733 651 1866 688 dicitur
1895 653 2031 690 albedo
2052 653 2174 690 facere
2199 655 2339 691 album.
2361 656 2409 691 Et
2428 655 2481 692 sic

1426 701 1583 748 malum,
1614 703 1726 739 etiam
1755 704 1897 741 ratione
1930 705 2046 753 ipsius
2082 706 2317 754 privationis,
2348 707 2482 745 dicitur

1427 765 1671 811 corrumpere
1701 756 1867 793 bonurn:
1897 757 1985 805 quia
1998 764 2013 778 ³
2033 766 2088 795 est
2110 759 2191 807 ipsa
2211 761 2399 809 corruptio
2418 762 2480 797 vel

1426 806 1587 853 privatio
1617 808 1719 844 boni.
1749 809 1834 845 Alio
1871 810 1988 847 modo
2024 811 2157 848 dicitur
2193 813 2332 861 aliquid
2369 825 2479 861 agere

1428 858 1619 896 effective:
1648 860 1743 897 sicut
1761 862 1882 909 pictor
1901 862 2034 899 dicitur
2061 864 2182 901 facere
2206 866 2334 902 album
2361 866 2480 914 parie-

1426 918 1516 969 tem.
1546 913 1676 949 Tertio
1712 914 1850 961 modo,
1885 927 1952 963 per
1980 917 2141 953 modum
2175 930 2308 954 causae
2338 919 2479 956 finalis:

1427 972 1523 1001 Sicut
1549 965 1637 1002 finis
1666 966 1798 1002 dicitur
1822 967 1984 1014 efficere,
1999 970 2193 1007 movendo
2209 976 2222 990 ⁹
2242 971 2478 1008 efficientem.

1427 1017 1497 1053 His
1531 1025 1659 1054 autem
1689 1019 1840 1056 duobus
1875 1021 1999 1058 modis
2027 1023 2172 1059 malum
2210 1036 2288 1060 non
2316 1024 2390 1072 agit
2417 1024 2481 1060 ali·
2512 1058 2519 1062 s

1427 1069 1518 1117 quid
1545 1083 1614 1119 per
1642 1083 1699 1118 se,
1729 1072 1824 1109 idest
1860 1074 2070 1111 secundum
2107 1076 2210 1124 quod
2240 1084 2295 1113 est
2321 1077 2480 1125 privatio

1426 1123 1628 1172 quaedam,
1658 1124 1726 1161 sed
1745 1126 1956 1163 secundum
1983 1128 2086 1176 quod
2106 1128 2139 1164 ei
2158 1129 2302 1166 bonum
2317 1135 2333 1159 P
2352 1130 2482 1167 adiun-

1425 1176 1521 1223 gitur
1538 1176 1576 1213 *ε
1606 1189 1696 1214 narn
1726 1178 1850 1214 omnis
1879 1179 1976 1216 actio
2005 1188 2060 1217 est
2081 1181 2128 1217 ab
2149 1181 2271 1230 aliqua
2290 1183 2424 1230 forma,
2447 1191 2483 1220 et

1427 1241 1541 1266 omne
1569 1230 1675 1278 quod
1705 1230 1936 1268 desideratur
1962 1233 2127 1279 ut-finis,
2149 1242 2203 1271 est
2220 1235 2398 1283 perfectio
2419 1236 2481 1272 ali-

1427 1294 1513 1330 qua.
1540 1283 1589 1319 Et
1616 1282 1714 1329 ideo,
1738 1291 1780 1320 ut
1807 1284 2012 1332 Dionysius
2041 1286 2137 1334 dicit,
2158 1299 2193 1323 1v
2221 1300 2301 1336 cap.
2322 1289 2367 1324 de
2393 1289 2479 1326 Diu.

1425 1335 1543 1372 Nom.
1563 1335 1595 1382 ³¹²,
1625 1337 1770 1373 malum
1796 1349 1875 1374 non
1902 1338 1976 1385 agit
2003 1351 2126 1387 neque
2157 1339 2388 1377 desideratur
2411 1342 2481 1378 nisi

1425 1388 1563 1425 virtute
1584 1388 1675 1425 boni
1694 1389 1876 1435 adiuncti;
1906 1403 1974 1439 per
2002 1404 2041 1428 se
2068 1400 2193 1429 autem
2214 1400 2268 1429 est
2286 1394 2480 1441 infinitum,

1426 1448 1462 1478 et
1482 1447 1639 1489 praeter
1664 1442 1890 1479 voluntatem
1919 1449 1954 1480 et
1979 1444 2226 1482 intentionem,

1478 1496 1538 1531 AD
1568 1506 1729 1537 Q1J1NTUM
1758 1508 1940 1533 DICENDUM
1970 1498 2094 1546 quod,
2125 1498 2218 1535 sicut
2245 1511 2358 1547 supra
2381 1499 2402 1522 ’¹‘
2429 1500 2481 1537 di-

1427 1555 1530 1584 ctum
1560 1555 1626 1594 est,
1646 1555 1771 1597 partes
1798 1549 1964 1586 universi
1991 1551 2132 1588 habent
2160 1551 2332 1589 ordinem
2361 1553 2408 1590 ad
2427 1553 2480 1590 in—

1424 1600 1568 1647 vicem,
1599 1601 1810 1638 secundum
1839 1603 1942 1650 quod
1970 1616 2047 1640 una
2075 1604 2149 1651 agit
2175 1604 2213 1642 in
2242 1606 2417 1653 alteram,
2447 1615 2482 1643 et

1427 1661 1482 1690 est
1500 1654 1587 1691 finis
1617 1654 1765 1691 alterius
1795 1663 1831 1691 et
1860 1657 2062 1705 exemplar.
2084 1658 2190 1694 Haec
2209 1666 2348 1705 autem,
2369 1666 2410 1696 ut
2428 1660 2481 1696 di-

1427 1715 1529 1744 ctum
1561 1714 1615 1744 est
1633 1705 1670 1754 *,
1700 1720 1779 1744 non
1807 1717 1965 1756 possunt
1983 1714 2001 1736 χ
2029 1710 2232 1747 convenire
2260 1712 2382 1758 malo,
2412 1713 2481 1750 nisi

1426 1760 1571 1798 ratione
1587 1761 1678 1798 boni
1697 1761 1874 1799 adiuncti.
1895 1762 2006 1799 Unde
2026 1764 2170 1800 malum
2190 1776 2314 1812 neque
2333 1766 2381 1802 ad
2399 1777 2482 1814 per-

1427 1813 1630 1851 fectionem
1662 1814 1830 1851 universi
1856 1816 2018 1864 pertinet
2035 1815 2066 1862 ²¹⁸,
2095 1828 2218 1865 neque
2252 1818 2321 1854 sub
2350 1818 2481 1856 ordine

1425 1867 1593 1904 universi
1622 1867 1867 1915 concluditur,
1889 1868 1958 1905 nisi
1977 1882 2046 1918 per
2074 1869 2246 1907 accidens
2261 1870 2292 1918 ³¹²,
2312 1870 2408 1908 idest
2426 1884 2482 1909 ra-

1425 1920 1528 1957 tione
1557 1920 1648 1957 boni
1677 1920 1851 1957 adiuncti.

1480 2053 1504 2085 τ)
1523 2053 1596 2085 quia.
1613 2066 1632 2071 —
1649 2053 1722 2085 quod
1740 2052 1819 2077 ΑΕΘ.

1479 2088 1504 2120 υ)
1524 2089 1635 2121 efficere,
1656 2088 1793 2113 movendo.
1810 2101 1830 2106 -
1847 2094 1952 2112 movere
1969 2087 2091 2113 ABCDE.

1479 2124 1507 2157 φ)
1527 2124 1669 2148 secundum
1688 2123 1760 2155 quod
1778 2123 1802 2148 ei
1820 2123 1926 2148 bonum.
1943 2137 1962 2143 -
1979 2123 2122 2148 secundum
2134 2123 2206 2155 quod
2218 2123 2312 2148 bonum
2332 2124 2356 2149 ei
2373 2124 2426 2154 FG.
2445 2131 2483 2149 se—

1423 2159 1539 2184 cundum
1558 2159 1653 2183 bonum
1672 2159 1743 2191 quod
1761 2158 1785 2183 ei
1802 2159 1923 2183 ABCDE.

1478 2195 1506 2229 χ)
1527 2195 1601 2220 Haec
1611 2211 1637 2220 ...
1645 2197 1770 2226 possunt.
1786 2207 1805 2212 -
1823 2194 1882 2219 Hoc
1927 2197 2017 2226 potest
2035 2193 2067 2218 G.
2083 2207 2103 2213 -
2120 2194 2170 2218 Pro
2189 2194 2247 2224 nisi,
2266 2194 2323 2219 sine
2340 2195 2370 2219 B.

986 2291 1320 2325 Commentario,
1342 2291 1592 2325 cardinalis
1615 2291 1814 2324 Caietam

359 2400 468 2420 rrimus
492 2389 604 2420 clarus.
618 2407 637 2412 -
654 2389 690 2420 In
709 2399 843 2430 corpore
865 2389 923 2420 tria
946 2389 1034 2420 facit:
1059 2389 1175 2430 primo,
1195 2389 1287 2429 ponit
1301 2399 1370 2419 mo-

301 2401 441 2464 Tdum
470 2433 589 2465 sciendi
619 2433 800 2474 quaesitum
808 2442 815 2470 ;
848 2433 1006 2470 secundo,
1042 2434 1227 2475 exequendo
1260 2433 1370 2470 illum,

299 2478 471 2519 respondet
493 2477 652 2519 quaesito;
676 2477 779 2514 tertio,
803 2477 905 2508 reddit
927 2477 1084 2509 rationem
1108 2478 1274 2509 cuiusdam
1298 2477 1371 2508 dicti

299 2521 456 2563 Dionysii.

360 2567 399 2597 Π.
416 2566 535 2604 Quoad
543 2567 699 2607 primum,
716 2566 834 2597 modus
850 2565 992 2597 consistit
1006 2565 1039 2596 in
1054 2565 1127 2603 hoc,
1140 2566 1229 2607 quod
1246 2572 1372 2606 oportet

300 2620 338 2642 ex
360 2610 482 2642 ratione
505 2610 582 2641 boni
605 2610 745 2650 accipere
761 2610 839 2652 quid
854 2610 894 2641 sit
908 2610 1041 2641 malum.
1058 2627 1080 2635 -
1095 2611 1266 2641 Probatur:
1295 2610 1371 2651 quia

300 2665 404 2686 unum
428 2655 654 2696 oppositorum
677 2655 880 2695 cognoscitur
902 2665 958 2695 per
980 2654 1154 2696 reliquum,
1185 2662 1221 2686 ut
1243 2655 1371 2686 tenebra

299 2709 357 2741 per
377 2699 494 2730 lucem.

360 2743 414 2775 111.
445 2744 563 2781 Quoad
594 2743 779 2774 secundum.
813 2742 936 2774 Malum
968 2749 1014 2774 est
1042 2743 1200 2786 quaedam
1231 2743 1370 2773 absentia

299 2787 389 2819 boni.
405 2805 426 2811 —
440 2788 606 2819 Probatur.
636 2787 743 2819 Omne
766 2787 935 2828 appetibile
966 2793 1012 2818 est
1034 2788 1177 2818 bonum:
1203 2797 1278 2827 ergo
1303 2797 1369 2817 esse

301 2838 332 2863 et
361 2831 513 2873 perfectio
544 2832 699 2873 cuiusque
729 2839 859 2863 naturae
890 2838 936 2863 est
966 2832 1108 2862 bonitas:
1140 2842 1215 2872 ergo
1247 2831 1370 2861 malum

300 2886 367 2907 non
400 2875 553 2917 significat
583 2886 667 2913 esse,
699 2883 754 2907 aut
784 2876 923 2907 formam
953 2882 1008 2906 aut
1037 2883 1183 2906 naturam
1210 2875 1368 2916 aliquam:

301 2930 376 2961 ergo
393 2927 439 2952 est
462 2921 620 2961 quaedam
636 2920 713 2951 boni
729 2920 879 2951 absentia.
893 2938 915 2943 -
930 2920 1036 2950 Prima
1052 2920 1278 2961 consequentia
1297 2929 1369 2960 pro-

300 2965 406 2996 batur:
432 2965 508 3006 quia
531 2965 636 2996 omnis
660 2971 772 2995 natura
795 2964 915 3004 appetit
937 2974 1034 2995 suum
1054 2974 1130 3001 esse,
1146 2971 1176 2995 et
1195 2974 1286 2995 suam
1302 2973 1370 3004 per-

301 3009 481 3040 fectionem.

360 3053 497 3085 Adverte
520 3053 610 3095 quod
631 3053 665 3084 in
681 3052 887 3084 conclusione
909 3052 982 3083 ideo
1002 3052 1115 3083 dicitur
1137 3052 1293 3094 quaedam
1317 3052 1370 3083 ab·

1424 2390 1538 2428 sentia,
1558 2389 1632 2429 quia
1647 2399 1714 2419 non
1729 2388 1833 2419 omnis
1850 2389 1974 2428 negatio
1989 2388 2066 2419 boni
2080 2395 2126 2419 est
2140 2388 2271 2424 malurn,
2291 2388 2345 2418 sed
2359 2389 2483 2428 negatio

1426 2433 1503 2464 boni
1525 2434 1631 2471 debiti,
1649 2440 1685 2464 ut
1698 2433 1731 2463 in
1748 2433 1786 2463 ΙΙΙ
1815 2433 1936 2463 Contra
1955 2432 2059 2469 Gent„
2076 2443 2142 2472 cap.
2159 2443 2199 2468 v1,
2215 2439 2309 2472 patet.
2334 2432 2483 2463 Absentia

1426 2487 1501 2518 ergo
1533 2477 1654 2508 debitae
1685 2477 1875 2518 praesentiae
1899 2477 1988 2513 boni,
2013 2476 2134 2507 malurn
2157 2483 2212 2507 est.
2241 2476 2353 2506 Debita
2376 2483 2482 2506 autem

1426 2521 1599 2562 praesentia
1619 2529 1674 2558 est,
1698 2521 1836 2562 quando,
1853 2522 1944 2558 sicut,
1963 2521 2025 2557 ubi,
2050 2521 2082 2550 in
2105 2530 2178 2560 quo,
2195 2527 2262 2556 etc„
2281 2521 2380 2551 debet.
2404 2521 2480 2550 Pro-

1425 2566 1510 2596 batio
1527 2576 1602 2596 vero
1622 2565 1833 2596 conclusionis
1856 2565 1928 2595 ideo
1944 2565 1982 2595 de
1997 2564 2058 2594 hoc
2074 2574 2140 2594 non
2156 2564 2282 2600 curavit,
2307 2564 2380 2604 quia
2396 2574 2483 2604 prae-

1425 2610 1505 2641 senti
1527 2609 1695 2640 intentioni
1718 2609 1831 2640 sufficit
1853 2619 1952 2649 genus
1975 2608 2049 2638 mali
2072 2608 2226 2638 invenire:
2251 2618 2307 2648 per
2321 2608 2382 2638 hoc
2398 2608 2483 2638 enim

1426 2655 1522 2685 scitur
1535 2665 1583 2684 an
1609 2661 1718 2685 natura
1734 2654 1773 2684 sit
1789 2653 1902 2694 aliqua.
1926 2653 2039 2683 Merito
2055 2652 2157 2692 igitur,
2182 2652 2310 2682 invento
2334 2652 2422 2692 quod
2438 2658 2484 2682 est

1424 2699 1573 2735 absentia,
1597 2708 1696 2739 quam
1718 2697 1918 2737 negationem
1942 2703 2062 2727 constat
2085 2706 2160 2732 esse,
2185 2696 2267 2727 stetit
2288 2706 2462 2736 processus.

1485 2743 1538 2774 lv.
1561 2743 1677 2780 Quoad
1694 2743 1820 2772 tertium
1835 2741 1861 2778 *,
1885 2741 1960 2782 quia
1975 2741 2096 2770 malum
2111 2740 2277 2780 negatione
2296 2740 2371 2770 boni
2391 2739 2482 2770 stabi-

1425 2787 1518 2818 litum
1547 2794 1612 2823 est;
1642 2793 1672 2817 et
1694 2786 1883 2826 Dionysius,
1913 2792 1948 2815 ut
1970 2785 2003 2814 in
2027 2791 2211 2824 argumento
2235 2785 2275 2814 ad
2298 2784 2482 2824 oppositum

1424 2832 1525 2862 littera
1549 2831 1632 2867 dicit,
1656 2830 1778 2860 malurn
1801 2829 1966 2869 negatione
1989 2838 2055 2859 non
2079 2828 2184 2858 solum
2206 2828 2291 2864 boni,
2316 2828 2370 2858 sed
2393 2827 2480 2864 entis,

1426 2875 1580 2906 definivit:
1613 2874 1685 2904 ideo
1713 2877 1833 2904 Auctor
1862 2873 1936 2903 dicit
1963 2872 2025 2903 hoc
2049 2873 2168 2903 dictum
2197 2882 2262 2902 esse
2286 2872 2480 2902 secundario.

1427 2919 1589 2956 Quoniam
1613 2929 1677 2954 ens,
1695 2925 1731 2948 ut
1746 2918 1798 2954 sic,
1824 2924 1869 2947 est
1891 2917 2030 2947 bonum:
2055 2916 2178 2956 negatio
2202 2916 2295 2955 igitur
2318 2915 2411 2946 unius
2436 2922 2481 2945 est

1426 2963 1551 3003 negatio
1572 2962 1707 2998 alterius,
1725 2969 1754 2993 et
1770 2972 1786 2991 e
1804 2970 1972 2992 converso:
1998 2967 2028 2991 et
2042 2960 2113 2990 ideo
2129 2960 2250 2990 malurn
2266 2959 2389 2999 negatio
2405 2959 2479 2989 utri-

1426 3017 1527 3048 usque
1550 3017 1568 3037 a
1591 3006 1745 3047 Dionysio
1769 3005 1907 3045 ponitur.
1932 3005 1993 3035 Sed
2010 3004 2084 3045 quia
2107 3004 2181 3034 boni
2206 3011 2252 3034 est
2273 3003 2387 3043 primo,
2407 3003 2479 3033 ideo

1425 3061 1481 3092 per
1502 3051 1626 3081 bonurn
1650 3056 1695 3080 est
1718 3049 1883 3080 definitum
1905 3059 1924 3079 a
1946 3049 2047 3079 nobis.

2509 1193 2518 1202 ·
2532 1193 2561 1214 D.
2575 1193 2627 1220 784,
2643 1198 2705 1215 1200.

2509 1351 2518 1360 ¹
2527 1349 2658 1372 S.Th.1eet.
2668 1357 2720 1378 xvr,

2508 1382 2563 1398 xxu.

2508 1512 2518 1521 ‘
2533 1511 2582 1539 Qu.
2593 1518 2623 1539 ιι,
2638 1516 2680 1534 art.
2691 1519 2717 1541 33

2508 1544 2547 1565 qu.
2562 1544 2616 1565 xix,
2635 1542 2678 1561 art.
2692 1545 2717 1567 5,

2508 1565 2581 1617 351?ss
2593 1571 2647 1620 „2¹¹3
2654 1571 2719 1620 ΞΕ

2508 1623 2568 1644 ιιι-ιν,
2583 1621 2624 1639 nrt.
2639 1624 2661 1647 3.

2508 1723 2519 1734 ⁸
2532 1723 2558 1744 In
2575 1728 2636 1751 resp.
2650 1722 2678 1745 ad
2692 1729 2717 1749 4.

2601 1760 2620 1786 >t

2509 1829 2518 1838 '
2531 1828 2559 1850 D.
2574 1828 2625 1857 836.

2509 1883 2518 1892 '¹
2532 1881 2560 1903 D.
2575 1881 2622 1910 835.

2508 2750 2519 2761 ·
2534 2748 2570 2771 Cf.
2585 2755 2648 2771 num.
2663 2755 2680 2771 1.
