2768 4178
58 756 69 765 ·
82 755 119 778 Cf.
134 761 199 778 num.
214 761 250 778 m.

62 1836 74 1847 ⁴
84 1836 120 1858 De
129 1835 150 1857 F
150 1835 196 1864 ide,
207 1835 247 1858 lib.
254 1836 270 1863 1,

61 1868 113 1891 cap.
129 1869 146 1884 ι.

153 1944 169 1960 α

58 2858 67 2865 “
82 2854 137 2876 Ver.
156 2862 178 2884 3.

302 272 372 308 152

298 353 424 383 videtur
447 352 583 389 dictum,
609 361 684 383 cum
708 351 829 382 dictum
854 358 900 383 est
923 352 1027 393 quod,
1057 351 1191 382 dicendo
1215 352 1306 382 Deus
1329 356 1376 382 est

300 398 413 435 bonus,
439 406 550 427 sensus
575 403 630 432 est,
655 396 688 427 id
711 396 797 437 quod
817 396 988 427 bonitatem
1004 398 1037 427 in
1054 397 1215 427 creaturis
1229 394 1373 433 dicimus,

301 442 492 472 eminentius
511 442 543 471 in
562 441 633 471 Deo
651 442 855 481 praeexistit.
881 441 962 472 Ecce
978 447 1083 481 aperte
1102 440 1189 471 vides
1205 440 1238 470 in
1257 439 1375 480 signifi-

301 485 425 517 catione
445 485 519 516 boni
532 485 565 515 in
581 485 652 516 Deo
675 485 790 526 posita,
815 485 920 516 claudi
943 485 1121 516 bonitatem
1144 491 1319 521 creaturae;
1345 490 1376 515 et

301 536 540 570 consequenter,
565 529 654 570 prius
678 529 740 560 dici
764 530 877 560 debere
900 530 940 560 de
964 529 1122 560 creaturis.
1145 546 1164 553 -
1184 529 1317 565 Rursus,
1341 529 1374 559 in

299 581 356 605 art.
377 575 392 604 5
411 573 534 604 dictum
549 580 596 604 est
619 574 709 615 quod
731 574 811 605 haec
834 574 967 605 nomina
989 573 1139 604 dicuntur
1162 573 1201 604 de
1225 572 1375 604 creaturis

299 619 333 649 in
352 618 463 649 ordine
487 618 528 648 ad
550 618 674 649 Deum:
699 628 775 659 ergo
798 618 832 649 in
855 618 979 649 ratione
1001 618 1121 649 horum
1143 617 1316 648 nominum
1339 624 1376 648 ut

300 663 451 694 dicuntur
470 663 509 693 de
528 662 688 700 creaturis,
714 663 872 694 clauditur
895 663 999 694 Deus:
1025 672 1100 703 ergo
1119 661 1207 703 prius
1227 662 1266 693 de
1285 662 1373 699 Deo,

298 707 343 738 ita
366 707 455 748 quod
478 707 567 738 Deus
590 707 722 748 ponitur
743 707 775 738 in
801 706 985 738 definitione
1009 706 1157 737 aliorum.
1188 706 1291 738 Cuius
1314 716 1374 747 op-

299 751 443 792 positum
465 751 517 782 hic
540 758 674 789 tenetur,
700 758 731 783 et
753 759 840 792 patet
851 752 878 782 *.

354 796 423 827 XII.
448 796 500 827 Ad
513 796 577 827 hoc
600 795 735 827 breviter
754 796 868 827 dicitur
883 796 983 837 quod,
1003 795 1182 826 secundum
1198 794 1372 831 veritatem,

297 840 376 871 haec
399 841 532 871 nomina
555 840 706 872 dicuntur
728 841 900 882 analogice,
924 840 1006 871 idest
1027 839 1318 880 proportionaliter,
1342 845 1374 870 et

298 885 387 926 prius
403 885 442 916 de
455 886 526 916 Deo
542 895 642 927 quam
656 885 740 916 aliis:
760 886 845 926 quia,
859 895 934 916 cum
945 884 979 915 in
991 884 1133 925 utrisque
1149 883 1294 914 dicantur
1309 883 1373 914 for-

298 929 431 966 maliter,
452 929 628 961 formalitas
646 937 754 961 tamen
773 930 807 960 in
826 930 896 960 Deo
916 929 1004 970 prior
1020 936 1075 965 est,
1096 928 1275 959 secundum
1293 937 1371 965 rem,

298 973 490 1005 formalitate
513 974 568 1005 illa
590 975 623 1005 in
647 974 726 1005 aliis.
758 975 833 1005 Non
857 981 965 1005 tamen
989 980 1036 1004 est
1059 973 1104 1004 sic
1127 973 1230 1014 prior,
1255 979 1292 1003 ut
1314 972 1372 1003 sci-

297 1018 371 1049 licet
394 1018 547 1049 definiens
579 1025 625 1050 est
648 1018 737 1059 prius
766 1018 911 1049 definito:
942 1018 997 1049 sed
1021 1024 1068 1049 est
1095 1018 1184 1058 prior
1211 1023 1248 1048 ut
1278 1027 1373 1048 causa

299 1063 486 1104 exemplaris
510 1062 622 1094 saltem
642 1069 688 1094 est
706 1063 794 1104 prior
813 1062 1003 1103 exemplato.
1028 1062 1070 1093 Et
1092 1068 1270 1103 propterea,
1291 1061 1373 1093 sicut

298 1107 408 1138 omnia
440 1107 616 1148 exemplata
647 1114 722 1138 sunt
751 1107 825 1138 talia
848 1107 881 1137 in
905 1107 1016 1138 ordine
1047 1107 1088 1137 ad
1118 1106 1296 1147 exemplar,
1327 1105 1372 1138 sic

981 269 1250 319 QUAESTIO
1280 271 1389 319 XIII,
1419 271 1719 309 ARTICULUS
1747 271 1817 308 VII

1430 361 1543 382 omnes
1568 358 1728 382 creaturae
1751 351 1901 383 dicuntur
1923 352 2011 388 tales,
2036 359 2113 392 puta
2137 353 2250 389 bonae,
2273 352 2307 383 in
2330 352 2442 384 ordine
2465 354 2505 384 ad

1430 395 1572 426 divinam
1594 395 1782 427 bonitatem.
1806 397 1848 428 Et
1871 396 1952 428 sicut
1974 406 2042 427 non
2065 403 2193 437 oportet
2216 397 2393 437 exemplata
2411 397 2506 438 signi-

1429 439 1514 470 ficari
1534 450 1609 471 cum
1628 441 1739 471 ordine
1763 441 1804 471 ad
1827 441 1997 481 exemplar,
2023 441 2170 482 quamvis
2193 441 2274 472 illud
2289 441 2442 479 habeant;
2461 442 2505 473 ita

1429 494 1496 515 non
1520 491 1648 525 oportet
1679 485 1856 517 bonitatem
1887 492 2046 517 creaturae
2075 484 2242 526 significari
2273 485 2306 516 in
2331 486 2442 517 ordine
2465 487 2507 517 ad

1429 529 1606 560 bonitatem
1630 529 1781 566 divinam,
1805 530 1964 571 quamvis,
1985 530 2164 562 secundum
2180 540 2257 567 esse,
2272 530 2362 561 illam
2380 540 2507 571 semper

1428 573 1575 614 respiciat
1597 581 1634 605 ut
1657 574 1826 615 exemplar.
1844 592 1862 598 -
1878 575 1982 606 Verba
2004 574 2101 615 igitur
2119 576 2134 605 5
2156 581 2223 611 art„
2249 581 2281 606 et
2299 574 2428 611 similia,
2452 575 2505 606 hic

1428 628 1496 649 non
1511 625 1587 657 sunt
1603 618 1776 656 confutata,
1792 619 1848 650 sed
1864 619 2020 660 exposita:
2041 620 2132 661 quod
2148 619 2266 650 scilicet
2283 619 2505 660 intelliguntur

1428 663 1607 694 secundum
1631 673 1710 702 esse,
1740 670 1771 695 et
1793 674 1861 694 non
1884 664 2064 695 secundum
2085 664 2282 706 significari,
2306 663 2367 694 nisi
2390 663 2506 695 funda-

1427 707 1616 744 mentaliter,
1640 717 1700 748 pro
1724 715 1847 749 quanto
1863 709 2002 740 rationes
2019 708 2169 740 formales
2188 718 2245 749 per
2261 718 2297 739 ea
2313 707 2504 749 significatae

1427 751 1461 781 in
1482 752 1642 789 creaturis,
1662 751 1799 784 fundant
1817 752 1965 784 ordinem
1981 754 2021 784 ad
2036 753 2143 784 Deum
2162 760 2199 785 ut
2213 763 2353 784 causam.
2367 771 2388 776 -
2401 753 2506 784 Verba

1427 802 1536 827 autern
1553 805 1571 826 2
1589 803 1645 827 art.
1666 806 1733 827 non
1753 796 1883 828 fuerunt
1897 797 2027 829 inducta
2050 804 2087 829 ut
2109 797 2300 829 detineretur
2315 796 2503 838 significatio

1427 839 1568 870 nominis
1590 840 1626 871 in
1647 841 1718 871 Deo
1742 841 1864 882 posita,
1888 842 1945 872 sed
1967 849 2004 874 ut
2027 849 2238 883 exponeretur
2261 852 2299 873 ex
2321 841 2503 873 notioribus

1426 883 1530 915 nobis.
1546 884 1588 915 Et
1598 884 1672 915 ideo
1684 885 1764 916 nihil
1778 886 1915 917 obstant.
1930 886 2027 918 Nulla
2039 886 2127 918 enim
2138 886 2346 928 comparatio,
2360 893 2415 918 aut
2426 896 2505 918 con-

1427 928 1550 959 notatio
1574 928 1712 966 alterius,
1737 929 1896 962 clauditur
1914 930 1947 961 in
1961 931 2085 962 ratione
2108 931 2298 962 huiusmodi
2319 931 2502 968 nominum,

1427 979 1494 1004 tam
1508 983 1584 1004 cum
1601 973 1640 1004 de
1654 974 1735 1010 Deo,
1754 983 1855 1015 quam
1870 984 1947 1006 cum
1963 975 2002 1006 de
2017 975 2165 1006 creaturis
2180 975 2343 1007 dicuntur:
2361 975 2417 1006 sed
2431 985 2505 1006 vere

1427 1017 1574 1049 absolute
1593 1017 1752 1055 dicuntur,
1776 1028 1852 1049 cum
1874 1019 2038 1051 absolutas
2061 1019 2239 1060 significent
2259 1019 2480 1061 perfectiones.

1482 1062 1524 1093 Et
1546 1072 1604 1103 per
1625 1062 1704 1094 haec
1726 1069 1815 1103 patet
1841 1063 1962 1095 solutio
1991 1063 2193 1095 obiectorum
2224 1064 2257 1095 in
2288 1064 2393 1105 prima
2415 1070 2505 1105 parte

1426 1106 1523 1138 huius
1547 1107 1690 1148 corporis
1714 1106 1838 1138 articuli
1860 1107 1887 1139 *.
1937 1146 1939 1149 ι

1093 1257 1413 1300 ARTICULUS
1443 1257 1713 1300 SEPTIMUS

657 1353 814 1384 UTRUM
838 1352 1011 1385 NOMINA
1035 1352 1156 1391 QUAE
1181 1351 1440 1383 IMPORTANT
1463 1351 1752 1384 RELATIONEM
1776 1353 1835 1384 AD
1861 1352 2141 1390 CREATURAS,

1030 1396 1260 1428 DICANTUR
1282 1397 1340 1427 DE
1364 1396 1454 1428 DEO
1478 1397 1536 1428 EX
1559 1397 1769 1428 TEMPORE

775 1477 850 1507 Infra.
870 1485 915 1510 qu.
934 1484 1016 1508 xxxxv,
1036 1481 1083 1502 art.
1100 1476 1123 1506 3,
1142 1476 1174 1501 ad
1196 1483 1224 1507 23
1244 1477 1253 1501 1
1269 1476 1353 1507 Sent„
1373 1476 1433 1502 dist.
1451 1483 1508 1507 xxx,
1527 1482 1574 1502 art.
1588 1483 1612 1508 ις
1633 1476 1692 1502 dist.
1706 1484 1799 1508 xxxvn,
1818 1485 1864 1510 qu.
1877 1485 1906 1508 u,
1925 1482 1974 1503 art.
1994 1477 2018 1503 3.

333 1596 357 1614 s.
416 1603 426 1612 „y
451 1586 456 1588 ν
511 1574 533 1599 n
554 1573 736 1599 SEPT1MUM
752 1574 806 1599 sm
821 1573 1063 1599 PROCEDITUR.
1086 1560 1247 1598 Videtur
1266 1560 1372 1610 quod

365 1615 372 1622 '
510 1615 670 1653 nomina
698 1627 799 1665 quae
827 1614 1036 1664 important
1069 1614 1294 1652 relationem
1324 1614 1373 1652 ad

493 1668 499 1674 ’
736 1681 816 1706 non
837 1668 1011 1706 dicantur
1036 1668 1083 1706 de
1103 1669 1190 1705 Deo
1211 1680 1257 1706 ex
1276 1675 1373 1705 tem-

297 1777 511 1826 significant
539 1777 710 1814 divinam
740 1775 1017 1823 substantiam,
1043 1783 1085 1813 ut
1115 1775 1372 1813 communiter

298 1831 444 1869 dicitur.
475 1830 588 1869 Unde
613 1838 650 1867 et
677 1830 908 1867 Ambrosius
929 1829 1055 1867 dicit*
1075 1829 1182 1878 quod
1206 1830 1281 1866 hoc
1305 1842 1373 1866 no-

297 1897 388 1922 men
416 1884 606 1922 Dominus
634 1891 690 1921 est
717 1895 860 1921 nomen
878 1883 1088 1932 potestatis,
1109 1895 1208 1933 quae
1237 1890 1293 1920 est
1318 1882 1372 1920 di-

295 1938 387 1976 vina
412 1937 640 1976 substantia:
663 1944 699 1974 et
723 1938 883 1974 Creator
903 1943 920 1959 ²
940 1937 1128 1986 significat
1155 1937 1228 1974 Dei
1256 1936 1373 1974 actio-

297 2005 399 2039 nem,
422 2004 522 2041 quae
542 1999 598 2029 est
619 1991 699 2028 eius
720 1990 895 2028 essentia.
913 1990 991 2028 Sed
1012 1990 1143 2028 divina
1163 1990 1373 2028 substantia

297 2058 376 2083 non
397 2053 452 2083 est
479 2045 713 2094 temporalis,
735 2045 803 2082 sed
827 2052 995 2082 aeterna.
1017 2045 1120 2092 Ergo
1149 2044 1372 2082 huiusmodi

297 2099 456 2136 nomina
485 2111 565 2136 non
594 2099 770 2136 dicuntur
799 2098 847 2136 de
886 2099 972 2135 Deo
1002 2110 1048 2135 ex
1075 2105 1274 2147 tempore,
1304 2098 1372 2136 sed

299 2154 346 2189 ab
377 2160 544 2190 aeterno.

353 2218 388 2243 2.
409 2207 651 2253 PRAETEREA,
683 2205 915 2253 cuicumque
946 2204 1126 2244 convenit
1154 2204 1298 2254 aliquid
1328 2217 1373 2242 ex

298 2268 486 2309 tempore,
507 2267 633 2309 potest
662 2258 735 2296 dici
755 2259 916 2295 factum:
945 2258 1050 2307 quod
1079 2257 1181 2295 enim
1202 2270 1248 2294 ex
1277 2265 1375 2295 tem-

297 2325 393 2362 pore
414 2321 470 2350 est
493 2313 638 2359 album,
659 2313 702 2350 fit
721 2312 866 2349 album.
889 2312 967 2349 Sed
986 2313 1072 2349 Deo
1093 2323 1173 2348 non
1193 2311 1375 2348 convenit

300 2379 381 2404 esse
410 2367 565 2404 factum.
595 2367 699 2414 Ergo
729 2365 777 2402 de
812 2366 898 2402 Deo
928 2364 1019 2402 nihil
1056 2365 1300 2414 praedicatur
1329 2376 1374 2401 ex

298 2428 486 2470 tempore.

354 2475 388 2511 3.
410 2475 646 2521 paliarensi,
663 2471 694 2509 si
709 2472 838 2520 aliqua
857 2471 1018 2508 nomina
1032 2471 1209 2509 dicuntur
1224 2471 1272 2509 de
1287 2472 1372 2509 Deo

299 2540 345 2565 ex
373 2535 548 2576 tempore
567 2533 726 2576 propter
753 2526 829 2563 hoc
857 2525 964 2573 quod
988 2525 1196 2575 important
1224 2525 1374 2562 relatio-

298 2594 389 2619 nem
409 2579 427 2609 β
446 2580 495 2618 ad
515 2588 718 2627 creaturas,
736 2578 874 2616 eadem
895 2578 990 2616 ratio
1006 2579 1160 2617 videtur
1180 2579 1228 2617 de
1249 2578 1373 2616 omni-

298 2636 371 2672 bus
391 2647 490 2684 quae
511 2634 737 2671 relationem
757 2633 806 2670 ad
832 2640 1024 2670 creaturas
1053 2633 1272 2682 important.
1296 2632 1372 2670 Sed

298 2688 490 2738 quaedam
510 2687 670 2725 nomina
690 2686 936 2736 importantia
955 2686 1179 2724 relationem
1201 2686 1250 2724 ad
1270 2698 1373 2723 crea-

300 2750 415 2789 turas,
447 2741 625 2778 dicuntur
653 2740 700 2778 de
722 2741 807 2778 Deo
827 2745 843 2767 ⁷
867 2741 916 2778 ab
945 2748 1118 2778 aeterno:
1140 2740 1189 2777 ab
1218 2747 1373 2778 aeterno

301 2795 403 2833 enim
433 2794 542 2832 scivit
571 2802 784 2838 creaturam
815 2803 850 2832 et
879 2793 1018 2841 dilexit,
1040 2793 1252 2832 secundum
1282 2794 1374 2833 illud

300 2851 435 2886 Ierem.
460 2848 591 2895 xxX1*,
621 2848 658 2885 in
679 2848 837 2885 caritate
860 2853 1044 2898 perpetua
1063 2847 1182 2885 dilexi
1198 2853 1243 2884 te.
1270 2849 1373 2897 Ergo

301 2911 337 2940 et
356 2902 427 2940 alia
446 2902 605 2939 nomina
621 2913 719 2950 quae
739 2901 947 2951 important
966 2901 1190 2939 relationem
1206 2902 1255 2939 ad
1272 2914 1375 2940 crea-

299 2965 419 3004 turas,
449 2963 491 2993 ut
518 2956 708 2993 Dominus
738 2963 773 2992 et
806 2956 976 3002 Creator,
1008 2955 1183 2993 dicuntur
1211 2956 1258 2994 de
1287 2957 1374 2994 Deo

300 3010 347 3047 ab
378 3017 546 3047 aeterno.

356 3076 390 3111 4.
421 3064 665 3110 PRAETEREA,
694 3062 916 3100 huiusmodi
954 3061 1113 3100 nomina
1148 3062 1373 3100 relationem

301 3117 524 3165 significant.
547 3117 711 3165 Oportet
730 3116 842 3164 igitur
869 3116 976 3165 quod
995 3116 1127 3153 relatio
1156 3116 1219 3153 illa
1245 3117 1308 3154 vel
1328 3116 1375 3154 sit

300 3171 442 3220 aliquid
471 3171 509 3208 in
538 3171 636 3218 Deo,
657 3170 719 3207 vel
749 3170 786 3207 in
817 3177 988 3206 creatura
1007 3177 1166 3207 tanturn.
1188 3169 1266 3207 Sed
1294 3182 1374 3207 non

300 3232 426 3273 potest
445 3237 527 3261 esse
557 3223 663 3273 quod
692 3222 738 3260 sit
756 3223 796 3260 in
825 3230 995 3260 creatura
1014 3231 1180 3261 tantum:
1210 3223 1301 3272 quia
1320 3223 1373 3261 sic

302 3280 407 3315 Deus
438 3277 750 3315 denominaretur
778 3277 966 3314 Dominus
995 3290 1018 3314 a
1038 3277 1220 3314 relatione
1250 3289 1373 3326 oppo-

302 3331 382 3378 sita,
405 3344 502 3380 quae
524 3339 579 3368 est
599 3331 637 3368 in
658 3330 856 3376 creaturis;
886 3330 977 3367 nihil
997 3338 1126 3368 autem
1148 3330 1373 3368 denomina-

302 3393 362 3421 tur
382 3397 404 3421 a
424 3398 494 3421 suo
525 3384 716 3434 opposito.
738 3383 979 3432 Relinquitur
999 3397 1089 3432 ergo
1115 3384 1222 3433 quod
1241 3383 1372 3422 relatio

303 3446 358 3474 est
378 3438 491 3475 etiam
514 3435 527 3460 ⁸
546 3438 687 3487 aliquid
708 3438 746 3475 in
763 3439 860 3475 Deo.
880 3437 958 3475 Sed
977 3437 1014 3474 in
1034 3439 1120 3475 Deo
1141 3438 1232 3475 nihil
1246 3444 1372 3488 potest

357 3552 384 3584 α)
407 3552 528 3577 Creator.
542 3566 560 3572 —
578 3553 681 3578 creatio
700 3553 744 3578 Pb.

357 3586 382 3620 β)
402 3587 568 3613 relationem.
591 3602 609 3607 -
635 3589 777 3614 relationes
801 3588 900 3614 ABDE.
920 3602 938 3607 -
964 3588 1015 3613 Pro
1039 3588 1158 3619 videtur,
1184 3588 1291 3614 videtur
1317 3594 1373 3613 esse

302 3623 352 3654 BF,
373 3623 473 3648 dicitur
491 3623 522 3648 D.

357 3659 383 3692 γ)
404 3658 437 3684 de
457 3659 523 3684 Deo.
541 3671 560 3679 -
579 3660 641 3685 Om.
660 3659 799 3692 ACDEpB.

1429 1573 1512 1599 esse
1533 1574 1579 1598 ex
1597 1569 1786 1612 tempore,
1805 1575 1894 1600 cum
1914 1562 1996 1612 ipse
2017 1562 2063 1600 sit
2082 1575 2199 1612 supra
2219 1570 2384 1614 tempus.
2403 1565 2505 1614 Ergo

1426 1614 1580 1653 videtur
1598 1616 1705 1665 quod
1724 1615 1946 1654 huiusmodi
1975 1615 2134 1654 nomina
2153 1629 2234 1655 non
2262 1617 2438 1656 dicantur
2457 1618 2506 1656 de

1428 1669 1515 1706 Deo
1545 1681 1590 1706 ex
1618 1676 1806 1719 tempore.

1486 1723 1519 1760 5.
1541 1723 1776 1771 PRAETEREA,
1797 1723 2013 1761 secundum
2034 1723 2260 1762 relationem
2281 1724 2417 1762 dicitur
2439 1725 2506 1762 ali-

1428 1775 1522 1826 quid
1550 1776 1728 1814 relative:
1757 1784 1851 1826 puta
1884 1777 2100 1814 secundum
2134 1777 2351 1814 dominium
2382 1778 2506 1816 domi-

1428 1842 1519 1877 nus,
1549 1830 1645 1868 sicut
1673 1831 1888 1868 secundum
1917 1830 2135 1868 albedinem
2170 1831 2291 1868 albus.
2328 1831 2368 1868 Si
2396 1831 2508 1880 igitur

1429 1883 1559 1920 relatio
1589 1883 1752 1921 dominii
1781 1896 1860 1921 non
1890 1891 1946 1921 est
1972 1883 2012 1921 in
2040 1884 2127 1921 Deo
2157 1883 2372 1922 secundum
2401 1897 2504 1934 rem,

1428 1936 1498 1974 sed
1535 1937 1663 1975 solum
1701 1937 1916 1976 secundum
1955 1937 2166 1986 rationem,
2196 1935 2367 1987 s'equitur
2399 1937 2508 1988 quod

1429 1991 1535 2028 Deus
1564 2003 1643 2028 non
1672 1991 1719 2028 sit
1747 1991 1896 2030 realiter
1915 1991 2126 2030 Dominus:
2155 1991 2262 2040 quod
2289 1999 2394 2042 patet
2423 2004 2507 2030 esse

1429 2044 1580 2082 falsum.

1483 2099 1520 2135 6.
1541 2099 1777 2146 PRAETEREA,
1799 2098 1837 2136 in
1857 2098 2025 2136 relativis
2054 2110 2154 2147 quae
2175 2110 2255 2136 non
2284 2105 2371 2136 sunt
2396 2098 2507 2138 simul

1429 2158 1576 2199 natura,
1597 2163 1719 2189 unum
1748 2159 1875 2201 potest
1908 2164 2013 2201 esse,
2044 2152 2162 2199 altero
2191 2164 2271 2190 non
2299 2152 2504 2191 existente:

1429 2205 1525 2242 sicut
1552 2204 1682 2242 scibile
1703 2205 1824 2242 existit
1845 2211 1868 2252 ⁸,
1893 2217 1973 2242 non
1998 2205 2180 2243 existente
2202 2205 2370 2255 scientia,
2391 2214 2433 2244 ut
2451 2205 2507 2244 di-

1430 2258 1525 2296 citur
1539 2258 1578 2295 in
1592 2258 1913 2296 Praedicamentis
1927 2258 1958 2296 *.
1980 2259 2057 2296 Sed
2077 2259 2234 2296 relativa
2254 2271 2353 2308 quae
2373 2260 2508 2298 dicun-

1429 2319 1490 2348 tur
1510 2311 1557 2349 de
1586 2312 1672 2348 Deo
1702 2318 1739 2348 et
1768 2311 1961 2359 creaturis,
1991 2324 2071 2349 non
2100 2319 2188 2349 sunt
2216 2312 2329 2349 simul
2358 2320 2504 2351 natura.

1430 2366 1533 2413 Ergo
1553 2371 1680 2414 potest
1699 2364 1840 2414 aliquid
1861 2365 1934 2402 dici
1963 2365 2119 2403 relative
2140 2365 2188 2403 de
2217 2367 2302 2403 Deo
2327 2367 2377 2404 ad
2402 2378 2505 2404 crea-

1430 2426 1568 2466 turam,
1590 2417 1705 2455 etiam
1726 2426 1899 2456 creatura
1918 2431 1998 2456 non
2019 2418 2213 2456 existente.
2235 2419 2285 2456 Et
2303 2419 2357 2471 sic
2376 2420 2506 2459 huius—

1430 2472 1538 2510 modi
1565 2471 1736 2520 nomina,
1765 2472 1955 2510 Dominus
1984 2479 2020 2510 et
2048 2473 2218 2519 Creator,
2249 2472 2427 2511 dicuntur
2456 2473 2504 2512 de

1430 2526 1515 2563 Deo
1545 2526 1593 2563 ab
1622 2533 1791 2572 aeterno,
1823 2533 1860 2563 et
1886 2538 1966 2563 non
1996 2538 2042 2563 ex
2069 2533 2259 2575 tempore.

1485 2580 1560 2616 SED
1589 2590 1736 2616 CONTRA
1765 2591 1831 2616 EST
1860 2579 1967 2627 quod
1997 2579 2086 2617 dicit
2113 2579 2367 2628 Augustinus,
2397 2580 2433 2617 V
2461 2580 2507 2618 de

1434 2634 1470 2670 T
1466 2633 1538 2671 rin.
1567 2632 1607 2680 ²¹²,
1638 2632 1743 2682 quod
1771 2633 1867 2670 haec
1896 2633 2054 2670 relativa
2083 2633 2287 2683 appellatio
2316 2634 2506 2672 Dominus
2533 2643 2544 2655 ⁸

1430 2688 1515 2724 Deo
1545 2686 1726 2724 convenit
1754 2698 1800 2723 ex
1828 2693 2015 2736 tempore.
2242 2732 2249 2736 .

1484 2741 1711 2778 Responnso
1745 2751 1931 2778 DICENDUM
1968 2740 2075 2789 quod
2112 2739 2307 2789 quaedam
2346 2740 2506 2779 nomina

1430 2793 1674 2843 importantia
1694 2793 1918 2831 relationem
1943 2794 1992 2832 ad
2013 2802 2239 2842 creaturam,
2261 2806 2308 2831 ex
2328 2802 2505 2844 tempore

1431 2848 1478 2886 de
1507 2849 1592 2885 Deo
1623 2847 1811 2894 dicuntur,
1843 2854 1880 2884 et
1907 2859 1987 2885 non
2015 2848 2064 2884 ab
2093 2855 2260 2885 aeterno.

1483 2901 1546 2939 Ad
1575 2901 1682 2938 cuius
1711 2899 1957 2949 evidentiam,
1988 2901 2187 2939 sciendum
2212 2908 2268 2938 est
2296 2900 2401 2950 quod
2422 2900 2503 2950 qui-

1431 2955 1521 2992 dam
1549 2961 1763 3004 posuerunt
1782 2954 2007 2992 relationem
2028 2967 2107 2992 non
2127 2966 2210 2992 esse
2231 2965 2312 2991 rem
2331 2961 2502 3003 naturae,

1430 3008 1498 3046 sed
1527 3008 1682 3046 rationis
1710 3015 1870 3045 tantum.
1902 3008 2020 3055 Quod
2049 3007 2204 3058 quidem
2233 3014 2392 3056 apparet
2420 3019 2504 3046 esse

1429 3063 1585 3110 falsum,
1622 3074 1668 3099 ex
1701 3061 1776 3099 hoc
1813 3062 1921 3110 quod
1958 3062 2063 3112 ipsae
2101 3073 2161 3099 res
2194 3061 2409 3098 naturalem
2443 3073 2504 3099 or-

1430 3115 1559 3153 dinem
1595 3123 1631 3152 et
1662 3114 1928 3152 habitudinem
1961 3116 2103 3153 habent
2135 3114 2185 3151 ad
2218 3114 2397 3152 invicem.
2428 3115 2504 3152 Ve-

1429 3177 1631 3207 runtamen
1660 3167 1860 3206 sciendum
1881 3176 1938 3206 est
1961 3168 2078 3218 quod,
2109 3179 2198 3205 eum
2227 3168 2357 3205 relatio
2378 3168 2504 3218 requi-

1429 3230 1485 3260 rat
1505 3223 1582 3261 duo
1605 3230 1786 3270 extrema,
1816 3222 2007 3272 tripliciter
2030 3234 2070 3259 se
2095 3221 2238 3258 habere
2266 3229 2393 3271 potest
2411 3221 2426 3248 t
2453 3221 2503 3260 ad

1427 3277 1502 3314 hoc
1531 3276 1638 3326 quod
1667 3275 1713 3314 sit
1732 3289 1792 3314 res
1820 3284 1978 3314 naturae
1999 3282 2036 3313 et
2056 3274 2222 3312 rationis.
2255 3274 2502 3324 Quandoque

1429 3330 1531 3368 enirn
1562 3343 1608 3367 ex
1634 3338 1795 3378 utraque
1822 3337 1929 3379 parte
1959 3335 2014 3366 est
2038 3340 2097 3365 res
2118 3328 2273 3366 rationis
2302 3335 2448 3366 tantum
2468 3333 2501 3366 ²¹:

1429 3383 1585 3431 quando
1624 3383 1766 3421 scilicet
1804 3384 1900 3420 ordo
1937 3383 1999 3419 vel
2038 3382 2223 3419 habitudo
2262 3393 2341 3419 non
2378 3388 2504 3431 potest

1428 3448 1511 3474 esse
1539 3437 1636 3474 inter
1655 3436 1793 3485 aliqua,
1819 3435 1890 3473 nisi
1910 3435 2124 3472 secundum
2154 3435 2501 3485 apprehensionem

1482 3551 1507 3585 δ)
1526 3555 1565 3577 est
1584 3552 1674 3577 etiam.
1687 3565 1706 3570 -
1724 3554 1764 3576 est
1783 3550 1845 3576 Pab.

1483 3587 1504 3619 ε)
1524 3587 1628 3612 existit.
1642 3599 1661 3607 -
1679 3586 1742 3611 Om.
1761 3585 1872 3611 codices.
1887 3599 1905 3604 -
1925 3585 1988 3611 Post
2006 3586 2119 3611 scientia
2138 3585 2252 3611 ABCDE
2272 3584 2369 3610 addunt
2387 3586 2435 3609 est.

1482 3622 1507 3655 ζ)
1527 3622 1624 3647 habere
1637 3624 1735 3654 potest.
1749 3635 1768 3641 -
1786 3621 1865 3646 habet
1884 3621 1986 3646 codices
2007 3627 2031 3647 et
2050 3629 2075 3651 a,
2096 3621 2194 3647 habent
2212 3621 2253 3646 ed.
2273 3620 2297 3646 b.

1482 3658 1510 3690 η)
1530 3661 1675 3683 tarnum.—
1693 3657 1754 3682 Om.
1775 3657 1922 3683 ACDEFG.

2533 1107 2544 1119 ³
2553 1106 2590 1130 Cf.
2599 1112 2749 1138 uum-may.

2633 2222 2645 2239 ι

2533 2271 2544 2283 “
2561 2270 2620 2300 Cap.
2629 2276 2652 2299 ν,
2667 2270 2736 2293 n.18.
