<?xml version="1.0" encoding="UTF-8"?>
<!DOCTYPE html PUBLIC "-//W3C//DTD XHTML 1.0 Transitional//EN"
    "http://www.w3.org/TR/xhtml1/DTD/xhtml1-transitional.dtd">
<html xmlns="http://www.w3.org/1999/xhtml" xml:lang="en" lang="en">
 <head>
  <title>
</title>
<meta http-equiv="Content-Type" content="text/html;charset=utf-8" />
  <meta name='ocr-system' content='tesseract 3.04.00' />
  <meta name='ocr-capabilities' content='ocr_page ocr_carea ocr_par ocr_line ocrx_word'/>
</head>
<body>
  <div class='ocr_page' id='page_1' title='image "./operaomniaiussui04thom/operaomniaiussui04thom_0265.png"; bbox 0 0 2768 4178; ppageno 0'>
   <div class='ocr_carea' id='block_1_1' title="bbox 0 671 51 4178">
    <p class='ocr_par' dir='ltr' id='par_1_1' title="bbox 0 671 51 4178">
     <span class='ocr_line' id='line_1_1' title="bbox 0 671 51 4178; baseline 0 0"><span class='ocrx_word' id='word_1_1' title='bbox 0 671 51 4178; x_wconf 95' lang='lat' dir='ltr'> </span> 
     </span>
    </p>
   </div>
   <div class='ocr_carea' id='block_1_2' title="bbox 75 932 233 962">
    <p class='ocr_par' dir='ltr' id='par_1_2' title="bbox 75 932 233 962">
     <span class='ocr_line' id='line_1_2' title="bbox 75 932 233 962; baseline -0.006 -6"><span class='ocrx_word' id='word_1_2' title='bbox 75 935 85 944; x_wconf 85' lang='lat'>&#39;</span> <span class='ocrx_word' id='word_1_3' title='bbox 101 932 158 962; x_wconf 65' lang='lat' dir='ltr'>etp.</span> <span class='ocrx_word' id='word_1_4' title='bbox 172 939 233 956; x_wconf 73' lang='lat' dir='ltr'>xcvi.</span> 
     </span>
    </p>
   </div>
   <div class='ocr_carea' id='block_1_3' title="bbox 1010 275 2505 329">
    <p class='ocr_par' dir='ltr' id='par_1_3' title="bbox 1010 275 2505 329">
     <span class='ocr_line' id='line_1_3' title="bbox 1010 275 2505 329; baseline 0.004 -18"><span class='ocrx_word' id='word_1_5' title='bbox 1010 275 1275 322; x_wconf 85' lang='lat' dir='ltr'><strong>QUAESTIO</strong></span> <span class='ocrx_word' id='word_1_6' title='bbox 1305 277 1412 324; x_wconf 81' lang='lat' dir='ltr'>X1x,</span> <span class='ocrx_word' id='word_1_7' title='bbox 1442 277 1737 315; x_wconf 80' lang='lat' dir='ltr'><strong>ARTICULUS</strong></span> <span class='ocrx_word' id='word_1_8' title='bbox 1768 280 1819 315; x_wconf 86' lang='lat' dir='ltr'>IX</span> <span class='ocrx_word' id='word_1_9' title='bbox 2432 292 2505 329; x_wconf 82' lang='lat'>247</span> 
     </span>
    </p>
   </div>
   <div class='ocr_carea' id='block_1_4' title="bbox 994 437 1833 574">
    <p class='ocr_par' dir='ltr' id='par_1_4' title="bbox 994 437 1833 574">
     <span class='ocr_line' id='line_1_4' title="bbox 1140 437 1687 482; baseline 0.009 -4"><span class='ocrx_word' id='word_1_10' title='bbox 1140 437 1456 480; x_wconf 88' lang='lat' dir='ltr'>ARTICULUS</span> <span class='ocrx_word' id='word_1_11' title='bbox 1487 440 1687 482; x_wconf 89' lang='lat' dir='ltr'>NONUS</span> 
     </span>
     <span class='ocr_line' id='line_1_5' title="bbox 994 538 1833 574; baseline 0.007 -6"><span class='ocrx_word' id='word_1_12' title='bbox 994 538 1148 569; x_wconf 82' lang='lat' dir='ltr'>UTRUM</span> <span class='ocrx_word' id='word_1_13' title='bbox 1172 538 1405 570; x_wconf 78' lang='lat' dir='ltr'>VOLUNTAS</span> <span class='ocrx_word' id='word_1_14' title='bbox 1429 539 1500 570; x_wconf 84' lang='lat' dir='ltr'>DEI</span> <span class='ocrx_word' id='word_1_15' title='bbox 1525 540 1591 571; x_wconf 79' lang='lat' dir='ltr'>sn·</span> <span class='ocrx_word' id='word_1_16' title='bbox 1615 541 1833 574; x_wconf 80' lang='lat' dir='ltr'>MALORUM</span> 
     </span>
    </p>
   </div>
   <div class='ocr_carea' id='block_1_5' title="bbox 424 625 2393 667">
    <p class='ocr_par' dir='ltr' id='par_1_5' title="bbox 424 625 2393 667">
     <span class='ocr_line' id='line_1_6' title="bbox 424 625 2393 667; baseline 0.005 -15"><span class='ocrx_word' id='word_1_17' title='bbox 424 627 497 657; x_wconf 85' lang='lat' dir='ltr'>Infra,</span> <span class='ocrx_word' id='word_1_18' title='bbox 517 634 561 659; x_wconf 94' lang='lat' dir='ltr'>qu.</span> <span class='ocrx_word' id='word_1_19' title='bbox 576 634 662 655; x_wconf 72' lang='lat' dir='ltr'>xwrn.</span> <span class='ocrx_word' id='word_1_20' title='bbox 681 631 727 650; x_wconf 88' lang='lat' dir='ltr'>art.</span> <span class='ocrx_word' id='word_1_21' title='bbox 742 625 770 656; x_wconf 84' lang='lat'>6;</span> <span class='ocrx_word' id='word_1_22' title='bbox 791 626 800 650; x_wconf 89' lang='grc' dir='ltr'>Ι</span> <span class='ocrx_word' id='word_1_23' title='bbox 821 625 902 654; x_wconf 74' lang='lat' dir='ltr'>Sent„</span> <span class='ocrx_word' id='word_1_24' title='bbox 923 625 982 649; x_wconf 83' lang='lat' dir='ltr'>dist.</span> <span class='ocrx_word' id='word_1_25' title='bbox 1000 632 1066 655; x_wconf 78' lang='lat' dir='ltr'>wa,</span> <span class='ocrx_word' id='word_1_26' title='bbox 1086 631 1131 650; x_wconf 84' lang='lat' dir='ltr'>art.</span> <span class='ocrx_word' id='word_1_27' title='bbox 1146 633 1177 656; x_wconf 88' lang='lat'>4;</span> <span class='ocrx_word' id='word_1_28' title='bbox 1197 625 1206 649; x_wconf 88' lang='lat'>1</span> <span class='ocrx_word' id='word_1_29' title='bbox 1229 625 1304 649; x_wconf 86' lang='lat' dir='ltr'>Cont.</span> <span class='ocrx_word' id='word_1_30' title='bbox 1327 626 1412 655; x_wconf 69' lang='lat' dir='ltr'>Gent„</span> <span class='ocrx_word' id='word_1_31' title='bbox 1433 633 1487 659; x_wconf 86' lang='lat' dir='ltr'>cap.</span> <span class='ocrx_word' id='word_1_32' title='bbox 1502 634 1563 657; x_wconf 86' lang='lat' dir='ltr'>xcv;</span> <span class='ocrx_word' id='word_1_33' title='bbox 1583 628 1624 653; x_wconf 80' lang='lat' dir='ltr'>De</span> <span class='ocrx_word' id='word_1_34' title='bbox 1644 628 1710 658; x_wconf 69' lang='lat' dir='ltr'>Por„</span> <span class='ocrx_word' id='word_1_35' title='bbox 1731 637 1774 662; x_wconf 87' lang='lat' dir='ltr'>qu.</span> <span class='ocrx_word' id='word_1_36' title='bbox 1794 637 1811 657; x_wconf 73' lang='grc' dir='ltr'>ι,</span> <span class='ocrx_word' id='word_1_37' title='bbox 1831 635 1877 655; x_wconf 86' lang='lat' dir='ltr'>art.</span> <span class='ocrx_word' id='word_1_38' title='bbox 1897 630 1925 661; x_wconf 83' lang='lat'>6;</span> <span class='ocrx_word' id='word_1_39' title='bbox 1946 632 1988 657; x_wconf 90' lang='lat' dir='ltr'>De</span> <span class='ocrx_word' id='word_1_40' title='bbox 2004 632 2084 663; x_wconf 74' lang='lat' dir='ltr'>Malo,</span> <span class='ocrx_word' id='word_1_41' title='bbox 2106 642 2149 667; x_wconf 87' lang='lat' dir='ltr'>qu.</span> <span class='ocrx_word' id='word_1_42' title='bbox 2162 642 2188 664; x_wconf 83' lang='lat'>11,</span> <span class='ocrx_word' id='word_1_43' title='bbox 2204 642 2250 661; x_wconf 90' lang='lat' dir='ltr'>art.</span> <span class='ocrx_word' id='word_1_44' title='bbox 2270 644 2289 666; x_wconf 76' lang='lat' dir='ltr'>1v</span> <span class='ocrx_word' id='word_1_45' title='bbox 2305 637 2336 661; x_wconf 88' lang='lat' dir='ltr'>ad</span> <span class='ocrx_word' id='word_1_46' title='bbox 2354 637 2393 663; x_wconf 82' lang='lat'>16.</span> 
     </span>
    </p>
   </div>
   <div class='ocr_carea' id='block_1_6' title="bbox 312 712 1381 1135">
    <p class='ocr_par' dir='ltr' id='par_1_6' title="bbox 333 712 1381 876">
     <span class='ocr_line' id='line_1_7' title="bbox 342 712 1381 782; baseline -0.003 -28"><span class='ocrx_word' id='word_1_47' title='bbox 342 730 403 782; x_wconf 45' lang='grc' dir='ltr'>μὴ</span> <span class='ocrx_word' id='word_1_48' title='bbox 431 732 489 764; x_wconf 51' lang='lat'>915&lt;</span> <span class='ocrx_word' id='word_1_49' title='bbox 528 728 550 752; x_wconf 88' lang='lat' dir='ltr'>D</span> <span class='ocrx_word' id='word_1_50' title='bbox 580 726 706 752; x_wconf 76' lang='lat' dir='ltr'>NONUM</span> <span class='ocrx_word' id='word_1_51' title='bbox 735 725 788 750; x_wconf 81' lang='lat' dir='ltr'>SIC</span> <span class='ocrx_word' id='word_1_52' title='bbox 817 725 1054 750; x_wconf 79' lang='lat' dir='ltr'>PROCEDITUR.</span> <span class='ocrx_word' id='word_1_53' title='bbox 1089 712 1246 750; x_wconf 88' lang='lat' dir='ltr'>Videtur</span> <span class='ocrx_word' id='word_1_54' title='bbox 1278 713 1381 763; x_wconf 91' lang='lat' dir='ltr'>quod</span> 
     </span>
     <span class='ocr_line' id='line_1_8' title="bbox 349 758 1380 829; baseline -0.001 -24"><span class='ocrx_word' id='word_1_55' title='bbox 349 758 507 829; x_wconf 38' lang='lat' dir='ltr'>vivo</span> <span class='ocrx_word' id='word_1_56' title='bbox 527 768 704 805; x_wconf 86' lang='lat' dir='ltr'>voluntas</span> <span class='ocrx_word' id='word_1_57' title='bbox 725 766 796 803; x_wconf 91' lang='lat' dir='ltr'>Dei</span> <span class='ocrx_word' id='word_1_58' title='bbox 826 767 871 803; x_wconf 89' lang='lat' dir='ltr'>sit</span> <span class='ocrx_word' id='word_1_59' title='bbox 896 768 1098 804; x_wconf 88' lang='lat' dir='ltr'>malorum.</span> <span class='ocrx_word' id='word_1_60' title='bbox 1121 766 1248 803; x_wconf 88' lang='lat' dir='ltr'>Omne</span> <span class='ocrx_word' id='word_1_61' title='bbox 1279 767 1380 804; x_wconf 89' lang='lat' dir='ltr'>enirn</span> 
     </span>
     <span class='ocr_line' id='line_1_9' title="bbox 333 813 1381 876; baseline 0 -19"><span class='ocrx_word' id='word_1_62' title='bbox 333 820 369 876; x_wconf 35' lang='grc' dir='ltr'>ἰγ’</span> <span class='ocrx_word' id='word_1_63' title='bbox 432 848 434 850; x_wconf 30' lang='lat' dir='ltr'>v</span> <span class='ocrx_word' id='word_1_64' title='bbox 470 813 676 857; x_wconf 90' lang='lat' dir='ltr'>bonum</span> <span class='ocrx_word' id='word_1_65' title='bbox 706 820 812 868; x_wconf 90' lang='lat' dir='ltr'>quod</span> <span class='ocrx_word' id='word_1_66' title='bbox 841 820 893 866; x_wconf 90' lang='lat' dir='ltr'>fit,</span> <span class='ocrx_word' id='word_1_67' title='bbox 919 821 1024 857; x_wconf 92' lang='lat' dir='ltr'>Deus</span> <span class='ocrx_word' id='word_1_68' title='bbox 1052 821 1144 857; x_wconf 88' lang='lat' dir='ltr'>vult.</span> <span class='ocrx_word' id='word_1_69' title='bbox 1176 819 1252 856; x_wconf 91' lang='lat' dir='ltr'>Sed</span> <span class='ocrx_word' id='word_1_70' title='bbox 1281 822 1381 858; x_wconf 89' lang='lat' dir='ltr'>mala</span> 
     </span>
    </p>

    <p class='ocr_par' dir='ltr' id='par_1_7' title="bbox 312 866 1379 1135">
     <span class='ocr_line' id='line_1_10' title="bbox 375 866 1379 922; baseline 0 -12"><span class='ocrx_word' id='word_1_71' title='bbox 375 893 382 899; x_wconf 77' lang='lat'>=</span> <span class='ocrx_word' id='word_1_72' title='bbox 485 866 610 910; x_wconf 90' lang='lat' dir='ltr'>fieri</span> <span class='ocrx_word' id='word_1_73' title='bbox 630 874 777 910; x_wconf 89' lang='lat' dir='ltr'>bonum</span> <span class='ocrx_word' id='word_1_74' title='bbox 797 881 871 910; x_wconf 90' lang='lat' dir='ltr'>est:</span> <span class='ocrx_word' id='word_1_75' title='bbox 903 873 989 910; x_wconf 89' lang='lat' dir='ltr'>dicit</span> <span class='ocrx_word' id='word_1_76' title='bbox 1014 873 1114 910; x_wconf 89' lang='lat' dir='ltr'>enirn</span> <span class='ocrx_word' id='word_1_77' title='bbox 1134 874 1379 922; x_wconf 83' lang='lat' dir='ltr'>Augustinus,</span> 
     </span>
     <span class='ocr_line' id='line_1_11' title="bbox 314 926 1379 975; baseline 0 -11"><span class='ocrx_word' id='word_1_78' title='bbox 314 926 354 964; x_wconf 92' lang='lat' dir='ltr'>in</span> <span class='ocrx_word' id='word_1_79' title='bbox 381 927 573 964; x_wconf 85' lang='lat' dir='ltr'>Enchirid.</span> <span class='ocrx_word' id='word_1_80' title='bbox 594 926 634 963; x_wconf 73' lang='grc' dir='ltr'>*ε</span> <span class='ocrx_word' id='word_1_81' title='bbox 670 927 849 968; x_wconf 80' lang='lat' dir='ltr'>Quamvis</span> <span class='ocrx_word' id='word_1_82' title='bbox 877 939 922 963; x_wconf 87' lang='lat' dir='ltr'>ea</span> <span class='ocrx_word' id='word_1_83' title='bbox 951 938 1047 975; x_wconf 88' lang='lat' dir='ltr'>quae</span> <span class='ocrx_word' id='word_1_84' title='bbox 1075 927 1178 964; x_wconf 87' lang='lat' dir='ltr'>mala</span> <span class='ocrx_word' id='word_1_85' title='bbox 1205 933 1301 973; x_wconf 83' lang='lat' dir='ltr'>sunt,</span> <span class='ocrx_word' id='word_1_86' title='bbox 1326 928 1379 964; x_wconf 89' lang='lat' dir='ltr'>in-</span> 
     </span>
     <span class='ocr_line' id='line_1_12' title="bbox 315 980 1378 1029; baseline 0 -13"><span class='ocrx_word' id='word_1_87' title='bbox 315 986 497 1029; x_wconf 86' lang='lat' dir='ltr'><em>quantum</em></span> <span class='ocrx_word' id='word_1_88' title='bbox 525 980 628 1017; x_wconf 89' lang='lat' dir='ltr'>mala</span> <span class='ocrx_word' id='word_1_89' title='bbox 646 985 743 1026; x_wconf 81' lang='lat' dir='ltr'>sunt,</span> <span class='ocrx_word' id='word_1_90' title='bbox 764 992 839 1016; x_wconf 91' lang='lat' dir='ltr'>non</span> <span class='ocrx_word' id='word_1_91' title='bbox 858 980 932 1017; x_wconf 83' lang='lat' dir='ltr'>sint</span> <span class='ocrx_word' id='word_1_92' title='bbox 951 981 1070 1024; x_wconf 85' lang='lat' dir='ltr'>hona‚·</span> <span class='ocrx_word' id='word_1_93' title='bbox 1089 986 1225 1026; x_wconf 87' lang='lat' dir='ltr'>tamen,</span> <span class='ocrx_word' id='word_1_94' title='bbox 1248 986 1288 1017; x_wconf 86' lang='lat' dir='ltr'>ut</span> <span class='ocrx_word' id='word_1_95' title='bbox 1305 992 1378 1017; x_wconf 85' lang='lat' dir='ltr'>non</span> 
     </span>
     <span class='ocr_line' id='line_1_13' title="bbox 312 1033 1378 1080; baseline 0 -10"><span class='ocrx_word' id='word_1_96' title='bbox 312 1033 434 1070; x_wconf 85' lang='lat' dir='ltr'>solum</span> <span class='ocrx_word' id='word_1_97' title='bbox 454 1039 471 1055; x_wconf 60' lang='grc' dir='ltr'>α</span> <span class='ocrx_word' id='word_1_98' title='bbox 499 1034 610 1079; x_wconf 85' lang='lat' dir='ltr'>bona,</span> <span class='ocrx_word' id='word_1_99' title='bbox 634 1034 700 1070; x_wconf 86' lang='lat' dir='ltr'>sed</span> <span class='ocrx_word' id='word_1_100' title='bbox 726 1033 837 1070; x_wconf 87' lang='lat' dir='ltr'>etiam</span> <span class='ocrx_word' id='word_1_101' title='bbox 868 1038 906 1070; x_wconf 87' lang='lat' dir='ltr'>ut</span> <span class='ocrx_word' id='word_1_102' title='bbox 922 1033 996 1070; x_wconf 84' lang='lat' dir='ltr'>sint</span> <span class='ocrx_word' id='word_1_103' title='bbox 1013 1033 1126 1080; x_wconf 92' lang='lat' dir='ltr'>mala,</span> <span class='ocrx_word' id='word_1_104' title='bbox 1148 1035 1287 1070; x_wconf 81' lang='lat' dir='ltr'>honum</span> <span class='ocrx_word' id='word_1_105' title='bbox 1316 1039 1378 1070; x_wconf 88' lang='lat' dir='ltr'>est.</span> 
     </span>
     <span class='ocr_line' id='line_1_14' title="bbox 314 1087 796 1135; baseline -0.002 -11"><span class='ocrx_word' id='word_1_106' title='bbox 314 1087 416 1135; x_wconf 88' lang='lat' dir='ltr'>Ergo</span> <span class='ocrx_word' id='word_1_107' title='bbox 444 1087 550 1124; x_wconf 92' lang='lat' dir='ltr'>Deus</span> <span class='ocrx_word' id='word_1_108' title='bbox 578 1087 660 1123; x_wconf 87' lang='lat' dir='ltr'>vult</span> <span class='ocrx_word' id='word_1_109' title='bbox 686 1087 796 1123; x_wconf 91' lang='lat' dir='ltr'>mala.</span> 
     </span>
    </p>
   </div>
   <div class='ocr_carea' id='block_1_7' title="bbox 369 1133 1379 1188">
    <p class='ocr_par' dir='ltr' id='par_1_8' title="bbox 369 1133 1379 1188">
     <span class='ocr_line' id='line_1_15' title="bbox 369 1133 1379 1188; baseline -0.001 -12"><span class='ocrx_word' id='word_1_110' title='bbox 369 1151 404 1177; x_wconf 85' lang='lat'>2.</span> <span class='ocrx_word' id='word_1_111' title='bbox 429 1133 663 1185; x_wconf 55' lang='lat' dir='ltr'>PRAETEREA,</span> <span class='ocrx_word' id='word_1_112' title='bbox 687 1140 773 1177; x_wconf 91' lang='lat' dir='ltr'>dicit</span> <span class='ocrx_word' id='word_1_113' title='bbox 801 1138 1020 1188; x_wconf 89' lang='lat' dir='ltr'>Dionysius,</span> <span class='ocrx_word' id='word_1_114' title='bbox 1050 1151 1085 1176; x_wconf 80' lang='grc' dir='ltr'>ιν</span> <span class='ocrx_word' id='word_1_115' title='bbox 1114 1151 1195 1188; x_wconf 92' lang='lat' dir='ltr'>cap.</span> <span class='ocrx_word' id='word_1_116' title='bbox 1217 1140 1262 1176; x_wconf 88' lang='lat' dir='ltr'>de</span> <span class='ocrx_word' id='word_1_117' title='bbox 1290 1140 1379 1176; x_wconf 83' lang='lat' dir='ltr'>Div.</span> 
     </span>
    </p>
   </div>
   <div class='ocr_carea' id='block_1_8' title="bbox 333 733 485 915">
    <p class='ocr_par' dir='ltr' id='par_1_9' title="bbox 333 733 485 915">
     <span class='ocr_line' id='line_1_16' title="bbox 333 733 446 836; baseline 0 0"><span class='ocrx_word' id='word_1_118' title='bbox 333 733 446 836; x_wconf 95' lang='lat' dir='ltr'>   </span> 
     </span>
     <span class='ocr_line' id='line_1_17' title="bbox 333 836 485 915; baseline 0 0"><span class='ocrx_word' id='word_1_119' title='bbox 333 836 485 915; x_wconf 95' lang='lat' dir='ltr'>  </span> 
     </span>
    </p>
   </div>
   <div class='ocr_carea' id='block_1_9' title="bbox 333 733 342 808">
    <p class='ocr_par' dir='ltr' id='par_1_10' title="bbox 333 733 342 808">
     <span class='ocr_line' id='line_1_18' title="bbox 333 733 342 808; baseline 0 3370"><span class='ocrx_word' id='word_1_120' title='bbox 333 733 342 808; x_wconf 95' lang='lat' dir='ltr'> </span> 
     </span>
    </p>
   </div>
   <div class='ocr_carea' id='block_1_10' title="bbox 71 1192 1378 1239">
    <p class='ocr_par' dir='ltr' id='par_1_11' title="bbox 71 1192 1378 1239">
     <span class='ocr_line' id='line_1_19' title="bbox 71 1192 1378 1239; baseline -0.002 -9"><span class='ocrx_word' id='word_1_121' title='bbox 71 1197 284 1221; x_wconf 64' lang='lat' dir='ltr'>‘S·T¹¹·¹20¹·=v·</span> <span class='ocrx_word' id='word_1_122' title='bbox 314 1193 430 1231; x_wconf 91' lang='lat' dir='ltr'>Nom.</span> <span class='ocrx_word' id='word_1_123' title='bbox 450 1192 488 1230; x_wconf 74' lang='grc' dir='ltr'>*ε</span> <span class='ocrx_word' id='word_1_124' title='bbox 516 1193 601 1230; x_wconf 85' lang='lat' dir='ltr'>Erit</span> <span class='ocrx_word' id='word_1_125' title='bbox 634 1193 776 1230; x_wconf 88' lang='lat' dir='ltr'>malum</span> <span class='ocrx_word' id='word_1_126' title='bbox 811 1193 863 1230; x_wconf 87' lang='lat' dir='ltr'>ad</span> <span class='ocrx_word' id='word_1_127' title='bbox 889 1192 1011 1229; x_wconf 83' lang='lat' dir='ltr'>omnis</span> <span class='ocrx_word' id='word_1_128' title='bbox 1039 1192 1156 1239; x_wconf 90' lang='lat' dir='ltr'>(idest</span> <span class='ocrx_word' id='word_1_129' title='bbox 1187 1192 1378 1238; x_wconf 88' lang='lat' dir='ltr'>universi)</span> 
     </span>
    </p>
   </div>
   <div class='ocr_carea' id='block_1_11' title="bbox 71 1298 246 1328">
    <p class='ocr_par' dir='ltr' id='par_1_12' title="bbox 71 1298 246 1328">
     <span class='ocr_line' id='line_1_20' title="bbox 71 1298 246 1328; baseline 0 -6"><span class='ocrx_word' id='word_1_130' title='bbox 71 1299 85 1311; x_wconf 77' lang='lat'>⁸</span> <span class='ocrx_word' id='word_1_131' title='bbox 97 1298 156 1328; x_wconf 69' lang='lat' dir='ltr'>Cap.</span> <span class='ocrx_word' id='word_1_132' title='bbox 170 1305 198 1327; x_wconf 80' lang='lat' dir='ltr'>x,</span> <span class='ocrx_word' id='word_1_133' title='bbox 212 1305 246 1322; x_wconf 77' lang='lat' dir='ltr'>xi.</span> 
     </span>
    </p>
   </div>
   <div class='ocr_carea' id='block_1_12' title="bbox 171 1349 187 1384">
    <p class='ocr_par' dir='ltr' id='par_1_13' title="bbox 171 1349 187 1384">
     <span class='ocr_line' id='line_1_21' title="bbox 171 1349 187 1384; baseline 0 0"><span class='ocrx_word' id='word_1_134' title='bbox 171 1349 187 1384; x_wconf 83' lang='grc' dir='ltr'><strong>β</strong></span> 
     </span>
    </p>
   </div>
   <div class='ocr_carea' id='block_1_13' title="bbox 70 2046 196 2075">
    <p class='ocr_par' dir='ltr' id='par_1_14' title="bbox 70 2046 196 2075">
     <span class='ocr_line' id='line_1_22' title="bbox 70 2046 196 2075; baseline -0.008 -6"><span class='ocrx_word' id='word_1_135' title='bbox 70 2047 86 2059; x_wconf 71' lang='grc'><strong>’</strong></span> <span class='ocrx_word' id='word_1_136' title='bbox 100 2046 150 2075; x_wconf 81' lang='lat' dir='ltr'>Qu.</span> <span class='ocrx_word' id='word_1_137' title='bbox 162 2051 196 2069; x_wconf 82' lang='lat' dir='ltr'>m.</span> 
     </span>
    </p>
   </div>
   <div class='ocr_carea' id='block_1_14' title="bbox 29 2949 200 2976">
    <p class='ocr_par' dir='ltr' id='par_1_15' title="bbox 29 2949 200 2976">
     <span class='ocr_line' id='line_1_23' title="bbox 29 2949 200 2976; baseline 0 0"><span class='ocrx_word' id='word_1_138' title='bbox 29 2949 31 2951; x_wconf 78' lang='grc'><strong>’</strong></span> <span class='ocrx_word' id='word_1_139' title='bbox 65 2954 85 2964; x_wconf 74' lang='lat'>‘⁴</span> <span class='ocrx_word' id='word_1_140' title='bbox 99 2953 129 2976; x_wconf 88' lang='lat' dir='ltr'>D.</span> <span class='ocrx_word' id='word_1_141' title='bbox 143 2953 200 2976; x_wconf 80' lang='lat'>1061.</span> 
     </span>
    </p>
   </div>
   <div class='ocr_carea' id='block_1_15' title="bbox 306 1245 1378 1296">
    <p class='ocr_par' dir='ltr' id='par_1_16' title="bbox 306 1245 1378 1296">
     <span class='ocr_line' id='line_1_24' title="bbox 306 1245 1378 1296; baseline -0.002 -13"><span class='ocrx_word' id='word_1_142' title='bbox 306 1246 577 1296; x_wconf 71' lang='lat' dir='ltr'><em>perfectionem</em></span> <span class='ocrx_word' id='word_1_143' title='bbox 612 1247 820 1294; x_wconf 86' lang='lat' dir='ltr'>conserens.</span> <span class='ocrx_word' id='word_1_144' title='bbox 859 1246 908 1282; x_wconf 92' lang='lat' dir='ltr'>Et</span> <span class='ocrx_word' id='word_1_145' title='bbox 935 1245 1166 1294; x_wconf 88' lang='lat' dir='ltr'>Augustinus</span> <span class='ocrx_word' id='word_1_146' title='bbox 1199 1245 1306 1291; x_wconf 91' lang='lat' dir='ltr'>dicit,</span> <span class='ocrx_word' id='word_1_147' title='bbox 1340 1245 1378 1282; x_wconf 90' lang='lat' dir='ltr'>in</span> 
     </span>
    </p>
   </div>
   <div class='ocr_carea' id='block_1_16' title="bbox 311 1297 1382 3210">
    <p class='ocr_par' dir='ltr' id='par_1_17' title="bbox 311 1297 1381 1764">
     <span class='ocr_line' id='line_1_25' title="bbox 311 1297 1379 1337; baseline -0.002 0"><span class='ocrx_word' id='word_1_148' title='bbox 311 1297 505 1337; x_wconf 73' lang='lat' dir='ltr'>Enchirid.</span> <span class='ocrx_word' id='word_1_149' title='bbox 521 1299 556 1336; x_wconf 70' lang='grc' dir='ltr'>*ε</span> <span class='ocrx_word' id='word_1_150' title='bbox 585 1300 651 1336; x_wconf 90' lang='lat' dir='ltr'>Ex</span> <span class='ocrx_word' id='word_1_151' title='bbox 675 1299 847 1336; x_wconf 84' lang='lat' dir='ltr'>omnihus</span> <span class='ocrx_word' id='word_1_152' title='bbox 866 1299 1030 1335; x_wconf 84' lang='lat' dir='ltr'><em>consistit</em></span> <span class='ocrx_word' id='word_1_153' title='bbox 1047 1299 1295 1335; x_wconf 78' lang='lat' dir='ltr'>universitatis</span> <span class='ocrx_word' id='word_1_154' title='bbox 1314 1299 1379 1335; x_wconf 84' lang='lat' dir='ltr'>ad-</span> 
     </span>
     <span class='ocr_line' id='line_1_26' title="bbox 313 1350 1381 1401; baseline -0.002 -11"><span class='ocrx_word' id='word_1_155' title='bbox 313 1353 496 1390; x_wconf 86' lang='lat' dir='ltr'>mirabilis</span> <span class='ocrx_word' id='word_1_156' title='bbox 527 1352 766 1401; x_wconf 85' lang='lat' dir='ltr'>pulchritudo</span> <span class='ocrx_word' id='word_1_157' title='bbox 777 1365 790 1395; x_wconf 92' lang='lat'>‚·</span> <span class='ocrx_word' id='word_1_158' title='bbox 818 1352 854 1388; x_wconf 90' lang='lat' dir='ltr'>in</span> <span class='ocrx_word' id='word_1_159' title='bbox 884 1363 959 1400; x_wconf 84' lang='lat' dir='ltr'>qua</span> <span class='ocrx_word' id='word_1_160' title='bbox 977 1350 995 1379; x_wconf 64' lang='grc' dir='ltr'><strong><em>β</em></strong></span> <span class='ocrx_word' id='word_1_161' title='bbox 1023 1352 1133 1388; x_wconf 89' lang='lat' dir='ltr'>etiam</span> <span class='ocrx_word' id='word_1_162' title='bbox 1163 1351 1255 1388; x_wconf 88' lang='lat' dir='ltr'>illud</span> <span class='ocrx_word' id='word_1_163' title='bbox 1280 1351 1381 1400; x_wconf 82' lang='lat' dir='ltr'>quod</span> 
     </span>
     <span class='ocr_line' id='line_1_27' title="bbox 312 1404 1378 1453; baseline -0.002 -10"><span class='ocrx_word' id='word_1_164' title='bbox 312 1406 456 1444; x_wconf 89' lang='lat' dir='ltr'>malum</span> <span class='ocrx_word' id='word_1_165' title='bbox 485 1406 631 1451; x_wconf 85' lang='lat' dir='ltr'>dicitur,</span> <span class='ocrx_word' id='word_1_166' title='bbox 661 1405 754 1442; x_wconf 87' lang='lat' dir='ltr'>bene</span> <span class='ocrx_word' id='word_1_167' title='bbox 781 1405 1016 1449; x_wconf 87' lang='lat' dir='ltr'>ordinatum,</span> <span class='ocrx_word' id='word_1_168' title='bbox 1047 1410 1083 1441; x_wconf 94' lang='lat' dir='ltr'>et</span> <span class='ocrx_word' id='word_1_169' title='bbox 1108 1404 1189 1441; x_wconf 92' lang='lat' dir='ltr'>loco</span> <span class='ocrx_word' id='word_1_170' title='bbox 1217 1417 1285 1441; x_wconf 91' lang='lat' dir='ltr'>suo</span> <span class='ocrx_word' id='word_1_171' title='bbox 1308 1416 1378 1453; x_wconf 89' lang='lat' dir='ltr'>po—</span> 
     </span>
     <span class='ocr_line' id='line_1_28' title="bbox 311 1458 1378 1508; baseline -0.003 -11"><span class='ocrx_word' id='word_1_172' title='bbox 311 1460 436 1506; x_wconf 85' lang='lat' dir='ltr'>situm,</span> <span class='ocrx_word' id='word_1_173' title='bbox 455 1458 676 1496; x_wconf 82' lang='lat' dir='ltr'>eminentius</span> <span class='ocrx_word' id='word_1_174' title='bbox 695 1458 934 1495; x_wconf 86' lang='lat' dir='ltr'><em>commendat</em></span> <span class='ocrx_word' id='word_1_175' title='bbox 951 1459 1072 1502; x_wconf 86' lang='lat' dir='ltr'>bona,·</span> <span class='ocrx_word' id='word_1_176' title='bbox 1101 1463 1142 1495; x_wconf 89' lang='lat' dir='ltr'>ut</span> <span class='ocrx_word' id='word_1_177' title='bbox 1157 1458 1282 1508; x_wconf 82' lang='lat' dir='ltr'>magis</span> <span class='ocrx_word' id='word_1_178' title='bbox 1294 1458 1378 1506; x_wconf 85' lang='lat' dir='ltr'>pla-</span> 
     </span>
     <span class='ocr_line' id='line_1_29' title="bbox 313 1511 1376 1560; baseline -0.002 -10"><span class='ocrx_word' id='word_1_179' title='bbox 313 1518 432 1558; x_wconf 87' lang='lat' dir='ltr'><em>ceant,</em></span> <span class='ocrx_word' id='word_1_180' title='bbox 448 1517 484 1549; x_wconf 93' lang='lat' dir='ltr'>et</span> <span class='ocrx_word' id='word_1_181' title='bbox 496 1511 747 1549; x_wconf 85' lang='lat' dir='ltr'><em>laudabiliora</em></span> <span class='ocrx_word' id='word_1_182' title='bbox 761 1511 844 1557; x_wconf 86' lang='lat' dir='ltr'>sint,</span> <span class='ocrx_word' id='word_1_183' title='bbox 861 1511 950 1548; x_wconf 80' lang='lat' dir='ltr'>dum</span> <span class='ocrx_word' id='word_1_184' title='bbox 966 1517 1237 1560; x_wconf 85' lang='lat' dir='ltr'>comparantur</span> <span class='ocrx_word' id='word_1_185' title='bbox 1256 1511 1376 1548; x_wconf 82' lang='lat' dir='ltr'>malis.</span> 
     </span>
     <span class='ocr_line' id='line_1_30' title="bbox 313 1564 1379 1613; baseline -0.003 -9"><span class='ocrx_word' id='word_1_186' title='bbox 313 1566 392 1604; x_wconf 89' lang='lat' dir='ltr'>Sed</span> <span class='ocrx_word' id='word_1_187' title='bbox 410 1567 516 1603; x_wconf 90' lang='lat' dir='ltr'>Deus</span> <span class='ocrx_word' id='word_1_188' title='bbox 534 1565 617 1601; x_wconf 89' lang='lat' dir='ltr'>vult</span> <span class='ocrx_word' id='word_1_189' title='bbox 642 1577 758 1602; x_wconf 91' lang='lat' dir='ltr'>omne</span> <span class='ocrx_word' id='word_1_190' title='bbox 786 1564 877 1602; x_wconf 91' lang='lat' dir='ltr'>illud</span> <span class='ocrx_word' id='word_1_191' title='bbox 907 1564 1011 1613; x_wconf 92' lang='lat' dir='ltr'>quod</span> <span class='ocrx_word' id='word_1_192' title='bbox 1029 1564 1191 1613; x_wconf 86' lang='lat' dir='ltr'>pertinet</span> <span class='ocrx_word' id='word_1_193' title='bbox 1217 1564 1267 1601; x_wconf 91' lang='lat' dir='ltr'>ad</span> <span class='ocrx_word' id='word_1_194' title='bbox 1294 1576 1379 1613; x_wconf 90' lang='lat' dir='ltr'>per-</span> 
     </span>
     <span class='ocr_line' id='line_1_31' title="bbox 311 1617 1379 1667; baseline -0.002 -11"><span class='ocrx_word' id='word_1_195' title='bbox 311 1618 516 1656; x_wconf 79' lang='lat' dir='ltr'>sectionem</span> <span class='ocrx_word' id='word_1_196' title='bbox 537 1625 574 1654; x_wconf 87' lang='lat' dir='ltr'>et</span> <span class='ocrx_word' id='word_1_197' title='bbox 592 1617 773 1655; x_wconf 87' lang='lat' dir='ltr'>decorem</span> <span class='ocrx_word' id='word_1_198' title='bbox 792 1617 976 1654; x_wconf 88' lang='lat' dir='ltr'>universi:</span> <span class='ocrx_word' id='word_1_199' title='bbox 998 1618 1087 1667; x_wconf 91' lang='lat' dir='ltr'>quia</span> <span class='ocrx_word' id='word_1_200' title='bbox 1105 1618 1180 1655; x_wconf 91' lang='lat' dir='ltr'>hoc</span> <span class='ocrx_word' id='word_1_201' title='bbox 1200 1625 1255 1654; x_wconf 93' lang='lat' dir='ltr'>est</span> <span class='ocrx_word' id='word_1_202' title='bbox 1273 1617 1379 1666; x_wconf 89' lang='lat' dir='ltr'>quod</span> 
     </span>
     <span class='ocr_line' id='line_1_32' title="bbox 313 1671 1380 1720; baseline -0.003 -10"><span class='ocrx_word' id='word_1_203' title='bbox 313 1673 419 1710; x_wconf 93' lang='lat' dir='ltr'>Deus</span> <span class='ocrx_word' id='word_1_204' title='bbox 446 1671 614 1708; x_wconf 87' lang='lat' dir='ltr'><strong>maxime</strong></span> <span class='ocrx_word' id='word_1_205' title='bbox 641 1672 722 1708; x_wconf 91' lang='lat' dir='ltr'>vult</span> <span class='ocrx_word' id='word_1_206' title='bbox 750 1671 789 1708; x_wconf 91' lang='lat' dir='ltr'>in</span> <span class='ocrx_word' id='word_1_207' title='bbox 818 1671 1009 1708; x_wconf 88' lang='lat' dir='ltr'>creaturis.</span> <span class='ocrx_word' id='word_1_208' title='bbox 1039 1672 1141 1720; x_wconf 87' lang='lat' dir='ltr'>Ergo</span> <span class='ocrx_word' id='word_1_209' title='bbox 1171 1672 1275 1708; x_wconf 91' lang='lat' dir='ltr'>Deus</span> <span class='ocrx_word' id='word_1_210' title='bbox 1299 1672 1380 1708; x_wconf 90' lang='lat' dir='ltr'>vult</span> 
     </span>
     <span class='ocr_line' id='line_1_33' title="bbox 313 1726 454 1764; baseline -0.014 0"><span class='ocrx_word' id='word_1_211' title='bbox 313 1726 415 1764; x_wconf 89' lang='lat' dir='ltr'>mala</span> <span class='ocrx_word' id='word_1_212' title='bbox 430 1730 454 1762; x_wconf 78' lang='lat'>⁷.</span> 
     </span>
    </p>

    <p class='ocr_par' dir='ltr' id='par_1_18' title="bbox 312 1777 1379 1986">
     <span class='ocr_line' id='line_1_34' title="bbox 368 1777 1378 1824; baseline -0.002 -8"><span class='ocrx_word' id='word_1_213' title='bbox 368 1779 403 1816; x_wconf 91' lang='lat'>3.</span> <span class='ocrx_word' id='word_1_214' title='bbox 425 1778 657 1824; x_wconf 76' lang='lat' dir='ltr'>PRAETEREA,</span> <span class='ocrx_word' id='word_1_215' title='bbox 679 1778 780 1814; x_wconf 91' lang='lat' dir='ltr'>mala</span> <span class='ocrx_word' id='word_1_216' title='bbox 798 1778 892 1824; x_wconf 89' lang='lat' dir='ltr'>fieri,</span> <span class='ocrx_word' id='word_1_217' title='bbox 914 1786 950 1815; x_wconf 88' lang='lat' dir='ltr'>et</span> <span class='ocrx_word' id='word_1_218' title='bbox 969 1790 1047 1815; x_wconf 92' lang='lat' dir='ltr'>non</span> <span class='ocrx_word' id='word_1_219' title='bbox 1066 1777 1160 1824; x_wconf 89' lang='lat' dir='ltr'>fieri,</span> <span class='ocrx_word' id='word_1_220' title='bbox 1181 1785 1268 1815; x_wconf 91' lang='lat' dir='ltr'>sunt</span> <span class='ocrx_word' id='word_1_221' title='bbox 1289 1790 1378 1814; x_wconf 91' lang='lat' dir='ltr'>con-</span> 
     </span>
     <span class='ocr_line' id='line_1_35' title="bbox 312 1831 1379 1880; baseline -0.002 -10"><span class='ocrx_word' id='word_1_222' title='bbox 312 1831 526 1870; x_wconf 86' lang='lat' dir='ltr'>tradictorie</span> <span class='ocrx_word' id='word_1_223' title='bbox 547 1831 733 1880; x_wconf 90' lang='lat' dir='ltr'>opposita.</span> <span class='ocrx_word' id='word_1_224' title='bbox 761 1831 838 1868; x_wconf 89' lang='lat' dir='ltr'>Sed</span> <span class='ocrx_word' id='word_1_225' title='bbox 857 1832 963 1868; x_wconf 92' lang='lat' dir='ltr'>Deus</span> <span class='ocrx_word' id='word_1_226' title='bbox 983 1844 1063 1869; x_wconf 92' lang='lat' dir='ltr'>non</span> <span class='ocrx_word' id='word_1_227' title='bbox 1081 1832 1163 1868; x_wconf 84' lang='lat' dir='ltr'>vult</span> <span class='ocrx_word' id='word_1_228' title='bbox 1181 1831 1281 1868; x_wconf 90' lang='lat' dir='ltr'>mala</span> <span class='ocrx_word' id='word_1_229' title='bbox 1300 1843 1379 1868; x_wconf 93' lang='lat' dir='ltr'>non</span> 
     </span>
     <span class='ocr_line' id='line_1_36' title="bbox 312 1884 1379 1934; baseline -0.002 -12"><span class='ocrx_word' id='word_1_230' title='bbox 312 1885 412 1923; x_wconf 87' lang='lat' dir='ltr'>fieri:</span> <span class='ocrx_word' id='word_1_231' title='bbox 441 1885 541 1934; x_wconf 89' lang='lat' dir='ltr'>quia,</span> <span class='ocrx_word' id='word_1_232' title='bbox 563 1896 652 1921; x_wconf 91' lang='lat' dir='ltr'>cum</span> <span class='ocrx_word' id='word_1_233' title='bbox 672 1884 772 1921; x_wconf 90' lang='lat' dir='ltr'>mala</span> <span class='ocrx_word' id='word_1_234' title='bbox 791 1884 983 1932; x_wconf 83' lang='lat' dir='ltr'>quaedam</span> <span class='ocrx_word' id='word_1_235' title='bbox 1003 1884 1108 1931; x_wconf 84' lang='lat' dir='ltr'>fiant,</span> <span class='ocrx_word' id='word_1_236' title='bbox 1129 1896 1208 1921; x_wconf 91' lang='lat' dir='ltr'>non</span> <span class='ocrx_word' id='word_1_237' title='bbox 1227 1896 1379 1933; x_wconf 83' lang='lat' dir='ltr'>semper</span> 
     </span>
     <span class='ocr_line' id='line_1_37' title="bbox 312 1937 1376 1986; baseline -0.002 -10"><span class='ocrx_word' id='word_1_238' title='bbox 312 1939 489 1976; x_wconf 89' lang='lat' dir='ltr'>voluntas</span> <span class='ocrx_word' id='word_1_239' title='bbox 499 1938 572 1975; x_wconf 92' lang='lat' dir='ltr'>Dei</span> <span class='ocrx_word' id='word_1_240' title='bbox 586 1937 818 1986; x_wconf 89' lang='lat' dir='ltr'>impleretur.</span> <span class='ocrx_word' id='word_1_241' title='bbox 835 1938 937 1986; x_wconf 88' lang='lat' dir='ltr'>Ergo</span> <span class='ocrx_word' id='word_1_242' title='bbox 953 1939 1058 1975; x_wconf 91' lang='lat' dir='ltr'>Deus</span> <span class='ocrx_word' id='word_1_243' title='bbox 1073 1938 1155 1974; x_wconf 88' lang='lat' dir='ltr'>vult</span> <span class='ocrx_word' id='word_1_244' title='bbox 1169 1939 1269 1974; x_wconf 90' lang='lat' dir='ltr'>mala</span> <span class='ocrx_word' id='word_1_245' title='bbox 1284 1937 1376 1974; x_wconf 90' lang='lat' dir='ltr'>fieri.</span> 
     </span>
    </p>

    <p class='ocr_par' dir='ltr' id='par_1_19' title="bbox 312 1990 1382 2456">
     <span class='ocr_line' id='line_1_38' title="bbox 367 1990 1377 2039; baseline -0.001 -10"><span class='ocrx_word' id='word_1_246' title='bbox 367 1992 442 2029; x_wconf 77' lang='lat' dir='ltr'>SED</span> <span class='ocrx_word' id='word_1_247' title='bbox 471 2002 617 2029; x_wconf 78' lang='lat' dir='ltr'>CONTRA</span> <span class='ocrx_word' id='word_1_248' title='bbox 637 2002 702 2028; x_wconf 83' lang='lat' dir='ltr'>EST</span> <span class='ocrx_word' id='word_1_249' title='bbox 722 1990 827 2039; x_wconf 90' lang='lat' dir='ltr'>quod</span> <span class='ocrx_word' id='word_1_250' title='bbox 852 1990 940 2028; x_wconf 91' lang='lat' dir='ltr'>dicit</span> <span class='ocrx_word' id='word_1_251' title='bbox 957 1991 1203 2039; x_wconf 84' lang='lat' dir='ltr'>Augustinus,</span> <span class='ocrx_word' id='word_1_252' title='bbox 1224 1991 1262 2028; x_wconf 90' lang='lat' dir='ltr'>in</span> <span class='ocrx_word' id='word_1_253' title='bbox 1282 1991 1377 2028; x_wconf 90' lang='lat' dir='ltr'>libro</span> 
     </span>
     <span class='ocr_line' id='line_1_39' title="bbox 319 2043 1379 2095; baseline -0.002 -12"><span class='ocrx_word' id='word_1_254' title='bbox 319 2045 517 2095; x_wconf 81' lang='lat' dir='ltr'>Octoginta</span> <span class='ocrx_word' id='word_1_255' title='bbox 537 2044 650 2081; x_wconf 89' lang='lat' dir='ltr'>trium</span> <span class='ocrx_word' id='word_1_256' title='bbox 675 2044 822 2086; x_wconf 84' lang='lat' dir='ltr'>Quaest.</span> <span class='ocrx_word' id='word_1_257' title='bbox 843 2043 878 2081; x_wconf 75' lang='grc' dir='ltr'>*ε</span> <span class='ocrx_word' id='word_1_258' title='bbox 907 2044 1026 2081; x_wconf 86' lang='lat' dir='ltr'>Nullo</span> <span class='ocrx_word' id='word_1_259' title='bbox 1045 2045 1210 2093; x_wconf 83' lang='lat' dir='ltr'>sapiente</span> <span class='ocrx_word' id='word_1_260' title='bbox 1227 2045 1379 2081; x_wconf 86' lang='lat' dir='ltr'>homine</span> 
     </span>
     <span class='ocr_line' id='line_1_40' title="bbox 313 2097 1382 2146; baseline -0.002 -10"><span class='ocrx_word' id='word_1_261' title='bbox 313 2104 478 2144; x_wconf 83' lang='lat' dir='ltr'>auctore,</span> <span class='ocrx_word' id='word_1_262' title='bbox 497 2099 550 2146; x_wconf 91' lang='lat' dir='ltr'>fit</span> <span class='ocrx_word' id='word_1_263' title='bbox 570 2098 683 2135; x_wconf 85' lang='lat' dir='ltr'>homo</span> <span class='ocrx_word' id='word_1_264' title='bbox 703 2097 885 2141; x_wconf 86' lang='lat' dir='ltr'>deterior;</span> <span class='ocrx_word' id='word_1_265' title='bbox 913 2103 967 2134; x_wconf 81' lang='lat' dir='ltr'>est</span> <span class='ocrx_word' id='word_1_266' title='bbox 991 2103 1116 2134; x_wconf 88' lang='lat' dir='ltr'>autem</span> <span class='ocrx_word' id='word_1_267' title='bbox 1145 2099 1249 2134; x_wconf 81' lang='lat' dir='ltr'>Deus</span> <span class='ocrx_word' id='word_1_268' title='bbox 1277 2098 1382 2135; x_wconf 87' lang='lat' dir='ltr'>omni</span> 
     </span>
     <span class='ocr_line' id='line_1_41' title="bbox 312 2151 1378 2201; baseline -0.002 -12"><span class='ocrx_word' id='word_1_269' title='bbox 312 2152 477 2201; x_wconf 82' lang='lat' dir='ltr'>sapiente</span> <span class='ocrx_word' id='word_1_270' title='bbox 503 2151 654 2188; x_wconf 88' lang='lat' dir='ltr'>homine</span> <span class='ocrx_word' id='word_1_271' title='bbox 674 2151 948 2199; x_wconf 79' lang='lat' dir='ltr'>praestantior‚·</span> <span class='ocrx_word' id='word_1_272' title='bbox 974 2151 1090 2187; x_wconf 89' lang='lat' dir='ltr'>multo</span> <span class='ocrx_word' id='word_1_273' title='bbox 1109 2151 1225 2200; x_wconf 84' lang='lat' dir='ltr'>igitur</span> <span class='ocrx_word' id='word_1_274' title='bbox 1244 2151 1378 2197; x_wconf 82' lang='lat' dir='ltr'>minus,</span> 
     </span>
     <span class='ocr_line' id='line_1_42' title="bbox 313 2203 1379 2252; baseline -0.002 -10"><span class='ocrx_word' id='word_1_275' title='bbox 313 2206 397 2242; x_wconf 90' lang='lat' dir='ltr'>Deo</span> <span class='ocrx_word' id='word_1_276' title='bbox 425 2210 594 2250; x_wconf 85' lang='lat' dir='ltr'>auctore,</span> <span class='ocrx_word' id='word_1_277' title='bbox 612 2205 667 2252; x_wconf 91' lang='lat' dir='ltr'>fit</span> <span class='ocrx_word' id='word_1_278' title='bbox 691 2203 825 2252; x_wconf 84' lang='lat' dir='ltr'>aliquis</span> <span class='ocrx_word' id='word_1_279' title='bbox 853 2204 1025 2240; x_wconf 87' lang='lat' dir='ltr'>deterior.</span> <span class='ocrx_word' id='word_1_280' title='bbox 1055 2204 1126 2240; x_wconf 91' lang='lat' dir='ltr'>Illo</span> <span class='ocrx_word' id='word_1_281' title='bbox 1154 2210 1279 2240; x_wconf 88' lang='lat' dir='ltr'>autem</span> <span class='ocrx_word' id='word_1_282' title='bbox 1312 2216 1379 2241; x_wconf 88' lang='lat' dir='ltr'>au-</span> 
     </span>
     <span class='ocr_line' id='line_1_43' title="bbox 314 2255 1378 2305; baseline -0.003 -9"><span class='ocrx_word' id='word_1_283' title='bbox 314 2264 416 2296; x_wconf 88' lang='lat' dir='ltr'>ctore</span> <span class='ocrx_word' id='word_1_284' title='bbox 434 2255 448 2279; x_wconf 71' lang='lat'><strong>⁸</strong></span> <span class='ocrx_word' id='word_1_285' title='bbox 475 2269 562 2294; x_wconf 90' lang='lat' dir='ltr'>cum</span> <span class='ocrx_word' id='word_1_286' title='bbox 590 2257 736 2303; x_wconf 84' lang='lat' dir='ltr'>dicitur,</span> <span class='ocrx_word' id='word_1_287' title='bbox 757 2257 819 2294; x_wconf 89' lang='lat' dir='ltr'>illo</span> <span class='ocrx_word' id='word_1_288' title='bbox 838 2256 983 2293; x_wconf 76' lang='lat' dir='ltr'>volente</span> <span class='ocrx_word' id='word_1_289' title='bbox 1001 2257 1147 2294; x_wconf 88' lang='lat' dir='ltr'>dicitur.</span> <span class='ocrx_word' id='word_1_290' title='bbox 1177 2257 1269 2294; x_wconf 92' lang='lat' dir='ltr'>Non</span> <span class='ocrx_word' id='word_1_291' title='bbox 1289 2269 1378 2305; x_wconf 89' lang='lat' dir='ltr'>ergo</span> 
     </span>
     <span class='ocr_line' id='line_1_44' title="bbox 312 2309 1378 2356; baseline -0.002 -7"><span class='ocrx_word' id='word_1_292' title='bbox 312 2312 467 2349; x_wconf 87' lang='lat' dir='ltr'>volente</span> <span class='ocrx_word' id='word_1_293' title='bbox 496 2312 599 2356; x_wconf 85' lang='lat' dir='ltr'>Deo,</span> <span class='ocrx_word' id='word_1_294' title='bbox 628 2310 671 2347; x_wconf 89' lang='lat' dir='ltr'>fit</span> <span class='ocrx_word' id='word_1_295' title='bbox 698 2310 819 2347; x_wconf 87' lang='lat' dir='ltr'>homo</span> <span class='ocrx_word' id='word_1_296' title='bbox 857 2309 1030 2347; x_wconf 91' lang='lat' dir='ltr'>deterior.</span> <span class='ocrx_word' id='word_1_297' title='bbox 1066 2310 1223 2347; x_wconf 89' lang='lat' dir='ltr'>Constat</span> <span class='ocrx_word' id='word_1_298' title='bbox 1251 2318 1378 2347; x_wconf 90' lang='lat' dir='ltr'>autem</span> 
     </span>
     <span class='ocr_line' id='line_1_45' title="bbox 313 2363 1378 2413; baseline -0.002 -11"><span class='ocrx_word' id='word_1_299' title='bbox 313 2365 419 2413; x_wconf 90' lang='lat' dir='ltr'>quod</span> <span class='ocrx_word' id='word_1_300' title='bbox 457 2363 626 2413; x_wconf 91' lang='lat' dir='ltr'>quolibet</span> <span class='ocrx_word' id='word_1_301' title='bbox 653 2364 755 2400; x_wconf 90' lang='lat' dir='ltr'>malo</span> <span class='ocrx_word' id='word_1_302' title='bbox 785 2364 828 2401; x_wconf 92' lang='lat' dir='ltr'>fit</span> <span class='ocrx_word' id='word_1_303' title='bbox 855 2363 996 2411; x_wconf 89' lang='lat' dir='ltr'>aliquid</span> <span class='ocrx_word' id='word_1_304' title='bbox 1030 2363 1194 2400; x_wconf 90' lang='lat' dir='ltr'>deterius</span> <span class='ocrx_word' id='word_1_305' title='bbox 1219 2369 1241 2400; x_wconf 81' lang='lat'>¹.</span> <span class='ocrx_word' id='word_1_306' title='bbox 1277 2364 1378 2412; x_wconf 90' lang='lat' dir='ltr'>Ergo</span> 
     </span>
     <span class='ocr_line' id='line_1_46' title="bbox 314 2417 1049 2456; baseline -0.01 -1"><span class='ocrx_word' id='word_1_307' title='bbox 314 2419 420 2456; x_wconf 90' lang='lat' dir='ltr'>Deus</span> <span class='ocrx_word' id='word_1_308' title='bbox 448 2429 526 2455; x_wconf 92' lang='lat' dir='ltr'>non</span> <span class='ocrx_word' id='word_1_309' title='bbox 554 2418 636 2454; x_wconf 89' lang='lat' dir='ltr'>vult</span> <span class='ocrx_word' id='word_1_310' title='bbox 663 2417 776 2453; x_wconf 89' lang='lat' dir='ltr'>mala.</span> <span class='ocrx_word' id='word_1_311' title='bbox 1037 2442 1049 2448; x_wconf 35' lang='lat' dir='ltr'>c</span> 
     </span>
    </p>

    <p class='ocr_par' dir='ltr' id='par_1_20' title="bbox 312 2469 1381 3210">
     <span class='ocr_line' id='line_1_47' title="bbox 368 2469 1380 2518; baseline -0.002 -10"><span class='ocrx_word' id='word_1_312' title='bbox 368 2472 594 2508; x_wconf 67' lang='lat' dir='ltr'>Responmzo</span> <span class='ocrx_word' id='word_1_313' title='bbox 622 2482 806 2507; x_wconf 73' lang='lat' dir='ltr'>DtCENDUM</span> <span class='ocrx_word' id='word_1_314' title='bbox 835 2469 952 2518; x_wconf 92' lang='lat' dir='ltr'>quod,</span> <span class='ocrx_word' id='word_1_315' title='bbox 983 2481 1071 2507; x_wconf 91' lang='lat' dir='ltr'>cum</span> <span class='ocrx_word' id='word_1_316' title='bbox 1101 2469 1194 2506; x_wconf 91' lang='lat' dir='ltr'>ratio</span> <span class='ocrx_word' id='word_1_317' title='bbox 1224 2469 1315 2506; x_wconf 91' lang='lat' dir='ltr'>boni</span> <span class='ocrx_word' id='word_1_318' title='bbox 1335 2469 1380 2506; x_wconf 92' lang='lat' dir='ltr'>sit</span> 
     </span>
     <span class='ocr_line' id='line_1_48' title="bbox 313 2522 1378 2573; baseline -0.003 -11"><span class='ocrx_word' id='word_1_319' title='bbox 313 2524 406 2562; x_wconf 91' lang='lat' dir='ltr'>ratio</span> <span class='ocrx_word' id='word_1_320' title='bbox 445 2523 676 2573; x_wconf 90' lang='lat' dir='ltr'>appetibilis,</span> <span class='ocrx_word' id='word_1_321' title='bbox 705 2530 747 2560; x_wconf 91' lang='lat' dir='ltr'>ut</span> <span class='ocrx_word' id='word_1_322' title='bbox 775 2535 889 2572; x_wconf 91' lang='lat' dir='ltr'>supra</span> <span class='ocrx_word' id='word_1_323' title='bbox 912 2522 932 2544; x_wconf 49' lang='grc' dir='ltr'>’Β</span> <span class='ocrx_word' id='word_1_324' title='bbox 961 2523 1105 2560; x_wconf 89' lang='lat' dir='ltr'>dictum</span> <span class='ocrx_word' id='word_1_325' title='bbox 1135 2531 1204 2570; x_wconf 90' lang='lat' dir='ltr'>est,</span> <span class='ocrx_word' id='word_1_326' title='bbox 1234 2524 1378 2560; x_wconf 89' lang='lat' dir='ltr'>malurn</span> 
     </span>
     <span class='ocr_line' id='line_1_49' title="bbox 312 2576 1378 2626; baseline -0.003 -11"><span class='ocrx_word' id='word_1_327' title='bbox 312 2586 441 2615; x_wconf 89' lang='lat' dir='ltr'>autem</span> <span class='ocrx_word' id='word_1_328' title='bbox 461 2584 679 2626; x_wconf 89' lang='lat' dir='ltr'>opponatur</span> <span class='ocrx_word' id='word_1_329' title='bbox 698 2577 823 2621; x_wconf 81' lang='lat' dir='ltr'>bono3</span> <span class='ocrx_word' id='word_1_330' title='bbox 852 2576 1086 2625; x_wconf 88' lang='lat' dir='ltr'>impossibile</span> <span class='ocrx_word' id='word_1_331' title='bbox 1107 2584 1163 2613; x_wconf 91' lang='lat' dir='ltr'>est</span> <span class='ocrx_word' id='word_1_332' title='bbox 1190 2576 1295 2625; x_wconf 92' lang='lat' dir='ltr'>quod</span> <span class='ocrx_word' id='word_1_333' title='bbox 1315 2576 1378 2612; x_wconf 91' lang='lat' dir='ltr'>ali-</span> 
     </span>
     <span class='ocr_line' id='line_1_50' title="bbox 314 2629 1378 2680; baseline -0.002 -12"><span class='ocrx_word' id='word_1_334' title='bbox 314 2631 420 2680; x_wconf 92' lang='lat' dir='ltr'>quod</span> <span class='ocrx_word' id='word_1_335' title='bbox 448 2631 607 2675; x_wconf 87' lang='lat' dir='ltr'>malum,</span> <span class='ocrx_word' id='word_1_336' title='bbox 628 2629 854 2678; x_wconf 85' lang='lat' dir='ltr'>inquantum</span> <span class='ocrx_word' id='word_1_337' title='bbox 877 2629 1107 2676; x_wconf 80' lang='lat' dir='ltr'>huiusmodi,</span> <span class='ocrx_word' id='word_1_338' title='bbox 1129 2637 1327 2679; x_wconf 89' lang='lat' dir='ltr'>appetatur</span> <span class='ocrx_word' id='word_1_339' title='bbox 1346 2629 1378 2673; x_wconf 66' lang='lat'>²⁵⁶,</span> 
     </span>
     <span class='ocr_line' id='line_1_51' title="bbox 313 2682 1379 2733; baseline -0.002 -12"><span class='ocrx_word' id='word_1_340' title='bbox 313 2695 438 2733; x_wconf 90' lang='lat' dir='ltr'>neque</span> <span class='ocrx_word' id='word_1_341' title='bbox 468 2683 638 2732; x_wconf 89' lang='lat' dir='ltr'>appetitu</span> <span class='ocrx_word' id='word_1_342' title='bbox 666 2683 838 2727; x_wconf 87' lang='lat' dir='ltr'>naturali,</span> <span class='ocrx_word' id='word_1_343' title='bbox 867 2694 993 2730; x_wconf 91' lang='lat' dir='ltr'>neque</span> <span class='ocrx_word' id='word_1_344' title='bbox 1021 2682 1189 2730; x_wconf 87' lang='lat' dir='ltr'>animali,</span> <span class='ocrx_word' id='word_1_345' title='bbox 1220 2695 1344 2731; x_wconf 88' lang='lat' dir='ltr'>neque</span> <span class='ocrx_word' id='word_1_346' title='bbox 1366 2682 1379 2708; x_wconf 68' lang='lat' dir='ltr'>t</span> 
     </span>
     <span class='ocr_line' id='line_1_52' title="bbox 313 2735 1378 2785; baseline -0.001 -11"><span class='ocrx_word' id='word_1_347' title='bbox 313 2736 564 2782; x_wconf 86' lang='lat' dir='ltr'>intellectuali,</span> <span class='ocrx_word' id='word_1_348' title='bbox 591 2735 656 2784; x_wconf 91' lang='lat' dir='ltr'>qui</span> <span class='ocrx_word' id='word_1_349' title='bbox 685 2743 740 2773; x_wconf 90' lang='lat' dir='ltr'>est</span> <span class='ocrx_word' id='word_1_350' title='bbox 767 2736 956 2773; x_wconf 87' lang='lat' dir='ltr'>voluntas.</span> <span class='ocrx_word' id='word_1_351' title='bbox 988 2736 1064 2773; x_wconf 88' lang='lat' dir='ltr'>Sed</span> <span class='ocrx_word' id='word_1_352' title='bbox 1084 2744 1098 2767; x_wconf 62' lang='grc' dir='ltr'><strong><em>ἰ</em></strong></span> <span class='ocrx_word' id='word_1_353' title='bbox 1124 2736 1278 2785; x_wconf 89' lang='lat' dir='ltr'>aliquod</span> <span class='ocrx_word' id='word_1_354' title='bbox 1299 2747 1378 2772; x_wconf 89' lang='lat' dir='ltr'>ma-</span> 
     </span>
     <span class='ocr_line' id='line_1_53' title="bbox 314 2788 1379 2839; baseline -0.002 -12"><span class='ocrx_word' id='word_1_355' title='bbox 314 2791 392 2827; x_wconf 89' lang='lat' dir='ltr'>lum</span> <span class='ocrx_word' id='word_1_356' title='bbox 412 2789 599 2839; x_wconf 89' lang='lat' dir='ltr'>appetitur</span> <span class='ocrx_word' id='word_1_357' title='bbox 626 2801 695 2838; x_wconf 87' lang='lat' dir='ltr'>per</span> <span class='ocrx_word' id='word_1_358' title='bbox 719 2789 904 2835; x_wconf 89' lang='lat' dir='ltr'>accidens,</span> <span class='ocrx_word' id='word_1_359' title='bbox 925 2789 1151 2838; x_wconf 88' lang='lat' dir='ltr'>inquantum</span> <span class='ocrx_word' id='word_1_360' title='bbox 1181 2788 1379 2837; x_wconf 88' lang='lat' dir='ltr'>consequi-</span> 
     </span>
     <span class='ocr_line' id='line_1_54' title="bbox 313 2842 1381 2892; baseline -0.003 -11"><span class='ocrx_word' id='word_1_361' title='bbox 313 2851 374 2881; x_wconf 89' lang='lat' dir='ltr'>tur</span> <span class='ocrx_word' id='word_1_362' title='bbox 393 2844 442 2881; x_wconf 91' lang='lat' dir='ltr'>ad</span> <span class='ocrx_word' id='word_1_363' title='bbox 461 2842 614 2892; x_wconf 89' lang='lat' dir='ltr'>aliquod</span> <span class='ocrx_word' id='word_1_364' title='bbox 634 2843 792 2879; x_wconf 89' lang='lat' dir='ltr'>bonum.</span> <span class='ocrx_word' id='word_1_365' title='bbox 818 2843 867 2880; x_wconf 89' lang='lat' dir='ltr'>Et</span> <span class='ocrx_word' id='word_1_366' title='bbox 885 2843 960 2879; x_wconf 90' lang='lat' dir='ltr'>hoc</span> <span class='ocrx_word' id='word_1_367' title='bbox 979 2851 1136 2892; x_wconf 87' lang='lat' dir='ltr'>apparet</span> <span class='ocrx_word' id='word_1_368' title='bbox 1155 2843 1192 2879; x_wconf 90' lang='lat' dir='ltr'>in</span> <span class='ocrx_word' id='word_1_369' title='bbox 1212 2842 1381 2890; x_wconf 92' lang='lat' dir='ltr'>quolibet</span> 
     </span>
     <span class='ocr_line' id='line_1_55' title="bbox 314 2895 1379 2946; baseline -0.003 -12"><span class='ocrx_word' id='word_1_370' title='bbox 314 2896 493 2946; x_wconf 87' lang='lat' dir='ltr'>appetitu.</span> <span class='ocrx_word' id='word_1_371' title='bbox 530 2897 620 2933; x_wconf 92' lang='lat' dir='ltr'>Non</span> <span class='ocrx_word' id='word_1_372' title='bbox 651 2896 752 2932; x_wconf 89' lang='lat' dir='ltr'>enim</span> <span class='ocrx_word' id='word_1_373' title='bbox 782 2907 897 2943; x_wconf 87' lang='lat' dir='ltr'>agens</span> <span class='ocrx_word' id='word_1_374' title='bbox 925 2897 1093 2934; x_wconf 90' lang='lat' dir='ltr'>naturale</span> <span class='ocrx_word' id='word_1_375' title='bbox 1123 2895 1279 2933; x_wconf 91' lang='lat' dir='ltr'>intendit</span> <span class='ocrx_word' id='word_1_376' title='bbox 1305 2895 1379 2944; x_wconf 90' lang='lat' dir='ltr'>pri-</span> 
     </span>
     <span class='ocr_line' id='line_1_56' title="bbox 313 2948 1380 2997; baseline -0.003 -9"><span class='ocrx_word' id='word_1_377' title='bbox 313 2950 510 2988; x_wconf 86' lang='lat' dir='ltr'>vationem</span> <span class='ocrx_word' id='word_1_378' title='bbox 528 2949 549 2972; x_wconf 71' lang='lat'>&#39;³‘</span> <span class='ocrx_word' id='word_1_379' title='bbox 575 2950 638 2986; x_wconf 87' lang='lat' dir='ltr'>vel</span> <span class='ocrx_word' id='word_1_380' title='bbox 668 2948 972 2997; x_wconf 59' lang='lat' dir='ltr'>corruptionem</span> <span class='ocrx_word' id='word_1_381' title='bbox 1011 2950 1079 2986; x_wconf 89' lang='lat' dir='ltr'>sed</span> <span class='ocrx_word' id='word_1_382' title='bbox 1107 2949 1290 2995; x_wconf 89' lang='lat' dir='ltr'>formam,</span> <span class='ocrx_word' id='word_1_383' title='bbox 1322 2948 1380 2985; x_wconf 88' lang='lat' dir='ltr'>cui</span> 
     </span>
     <span class='ocr_line' id='line_1_57' title="bbox 316 3002 1379 3052; baseline -0.002 -12"><span class='ocrx_word' id='word_1_384' title='bbox 316 3003 555 3051; x_wconf 88' lang='lat' dir='ltr'>coniungitur</span> <span class='ocrx_word' id='word_1_385' title='bbox 581 3002 742 3052; x_wconf 86' lang='lat' dir='ltr'>privatio</span> <span class='ocrx_word' id='word_1_386' title='bbox 772 3002 921 3039; x_wconf 85' lang='lat' dir='ltr'>alterius</span> <span class='ocrx_word' id='word_1_387' title='bbox 954 3002 1119 3047; x_wconf 83' lang='lat' dir='ltr'>formae;</span> <span class='ocrx_word' id='word_1_388' title='bbox 1157 3010 1191 3038; x_wconf 91' lang='lat' dir='ltr'>et</span> <span class='ocrx_word' id='word_1_389' title='bbox 1225 3013 1379 3050; x_wconf 90' lang='lat' dir='ltr'>genera-</span> 
     </span>
     <span class='ocr_line' id='line_1_58' title="bbox 314 3055 1379 3105; baseline -0.002 -12"><span class='ocrx_word' id='word_1_390' title='bbox 314 3056 458 3093; x_wconf 84' lang='lat' dir='ltr'>tionem</span> <span class='ocrx_word' id='word_1_391' title='bbox 496 3055 628 3103; x_wconf 88' lang='lat' dir='ltr'>unius,</span> <span class='ocrx_word' id='word_1_392' title='bbox 660 3068 757 3104; x_wconf 86' lang='lat' dir='ltr'>quae</span> <span class='ocrx_word' id='word_1_393' title='bbox 787 3063 843 3092; x_wconf 89' lang='lat' dir='ltr'>est</span> <span class='ocrx_word' id='word_1_394' title='bbox 871 3056 1061 3105; x_wconf 90' lang='lat' dir='ltr'>corruptio</span> <span class='ocrx_word' id='word_1_395' title='bbox 1100 3055 1262 3092; x_wconf 89' lang='lat' dir='ltr'>alterius.</span> <span class='ocrx_word' id='word_1_396' title='bbox 1299 3055 1379 3092; x_wconf 89' lang='lat' dir='ltr'>Leo</span> 
     </span>
     <span class='ocr_line' id='line_1_59' title="bbox 316 3106 1380 3155; baseline -0.002 -9"><span class='ocrx_word' id='word_1_397' title='bbox 316 3109 429 3147; x_wconf 86' lang='lat' dir='ltr'>etiam</span> <span class='ocrx_word' id='word_1_398' title='bbox 443 3106 467 3155; x_wconf 81' lang='lat'>⁰,</span> <span class='ocrx_word' id='word_1_399' title='bbox 489 3109 666 3146; x_wconf 90' lang='lat' dir='ltr'>occidens</span> <span class='ocrx_word' id='word_1_400' title='bbox 687 3121 855 3155; x_wconf 88' lang='lat' dir='ltr'>cervum,</span> <span class='ocrx_word' id='word_1_401' title='bbox 877 3108 1035 3146; x_wconf 89' lang='lat' dir='ltr'>intendit</span> <span class='ocrx_word' id='word_1_402' title='bbox 1055 3109 1193 3155; x_wconf 90' lang='lat' dir='ltr'>cibum,</span> <span class='ocrx_word' id='word_1_403' title='bbox 1212 3108 1271 3145; x_wconf 91' lang='lat' dir='ltr'>cui</span> <span class='ocrx_word' id='word_1_404' title='bbox 1291 3120 1380 3144; x_wconf 91' lang='lat' dir='ltr'>con-</span> 
     </span>
     <span class='ocr_line' id='line_1_60' title="bbox 315 3161 1380 3210; baseline -0.002 -11"><span class='ocrx_word' id='word_1_405' title='bbox 315 3162 478 3210; x_wconf 87' lang='lat' dir='ltr'>iungitur</span> <span class='ocrx_word' id='word_1_406' title='bbox 505 3162 645 3199; x_wconf 88' lang='lat' dir='ltr'>occisio</span> <span class='ocrx_word' id='word_1_407' title='bbox 675 3162 860 3199; x_wconf 90' lang='lat' dir='ltr'>animalis.</span> <span class='ocrx_word' id='word_1_408' title='bbox 891 3161 1069 3199; x_wconf 88' lang='lat' dir='ltr'>Similiter</span> <span class='ocrx_word' id='word_1_409' title='bbox 1097 3162 1302 3198; x_wconf 87' lang='lat' dir='ltr'>fornicator</span> <span class='ocrx_word' id='word_1_410' title='bbox 1327 3161 1380 3198; x_wconf 92' lang='lat' dir='ltr'>in-</span> 
     </span>
    </p>
   </div>
   <div class='ocr_carea' id='block_1_17' title="bbox 314 3275 1380 3627">
    <p class='ocr_par' dir='ltr' id='par_1_21' title="bbox 315 3275 1379 3336">
     <span class='ocr_line' id='line_1_61' title="bbox 370 3275 1379 3309; baseline 0 -9"><span class='ocrx_word' id='word_1_411' title='bbox 370 3275 396 3309; x_wconf 82' lang='grc' dir='ltr'>α)</span> <span class='ocrx_word' id='word_1_412' title='bbox 411 3282 463 3300; x_wconf 86' lang='lat' dir='ltr'>non</span> <span class='ocrx_word' id='word_1_413' title='bbox 478 3275 573 3300; x_wconf 82' lang='lat' dir='ltr'>solum.</span> <span class='ocrx_word' id='word_1_414' title='bbox 585 3288 605 3296; x_wconf 85' lang='lat'>-</span> <span class='ocrx_word' id='word_1_415' title='bbox 616 3275 670 3301; x_wconf 81' lang='lat' dir='ltr'>sint</span> <span class='ocrx_word' id='word_1_416' title='bbox 689 3276 746 3300; x_wconf 83' lang='lat' dir='ltr'>add.</span> <span class='ocrx_word' id='word_1_417' title='bbox 762 3276 807 3301; x_wconf 84' lang='lat' dir='ltr'>Pb.</span> <span class='ocrx_word' id='word_1_418' title='bbox 821 3289 840 3294; x_wconf 93' lang='lat'>-</span> <span class='ocrx_word' id='word_1_419' title='bbox 853 3275 967 3300; x_wconf 81' lang='lat' dir='ltr'>Eaedem</span> <span class='ocrx_word' id='word_1_420' title='bbox 980 3282 1040 3308; x_wconf 86' lang='lat' dir='ltr'>post</span> <span class='ocrx_word' id='word_1_421' title='bbox 1054 3277 1150 3301; x_wconf 82' lang='lat' dir='ltr'>bonum</span> <span class='ocrx_word' id='word_1_422' title='bbox 1169 3279 1208 3301; x_wconf 85' lang='lat' dir='ltr'>est</span> <span class='ocrx_word' id='word_1_423' title='bbox 1228 3276 1286 3300; x_wconf 87' lang='lat' dir='ltr'>add.</span> <span class='ocrx_word' id='word_1_424' title='bbox 1298 3276 1363 3308; x_wconf 83' lang='lat' dir='ltr'>fieri</span> <span class='ocrx_word' id='word_1_425' title='bbox 1370 3282 1379 3303; x_wconf 89' lang='lat'><em>;</em></span> 
     </span>
     <span class='ocr_line' id='line_1_62' title="bbox 315 3310 837 3336; baseline -0.002 0"><span class='ocrx_word' id='word_1_426' title='bbox 315 3312 410 3336; x_wconf 74' lang='lat' dir='ltr'>bonum</span> <span class='ocrx_word' id='word_1_427' title='bbox 430 3313 470 3335; x_wconf 78' lang='lat' dir='ltr'>est</span> <span class='ocrx_word' id='word_1_428' title='bbox 525 3310 581 3336; x_wconf 81' lang='lat' dir='ltr'>vult</span> <span class='ocrx_word' id='word_1_429' title='bbox 594 3311 670 3335; x_wconf 80' lang='lat' dir='ltr'>mala</span> <span class='ocrx_word' id='word_1_430' title='bbox 687 3318 742 3336; x_wconf 90' lang='lat' dir='ltr'>om.</span> <span class='ocrx_word' id='word_1_431' title='bbox 756 3312 797 3336; x_wconf 89' lang='lat' dir='ltr'>ed.</span> <span class='ocrx_word' id='word_1_432' title='bbox 811 3318 837 3335; x_wconf 90' lang='lat' dir='ltr'>a.</span> 
     </span>
    </p>

    <p class='ocr_par' dir='ltr' id='par_1_22' title="bbox 369 3344 876 3378">
     <span class='ocr_line' id='line_1_63' title="bbox 369 3344 876 3378; baseline 0.002 -8"><span class='ocrx_word' id='word_1_433' title='bbox 369 3344 395 3378; x_wconf 79' lang='grc' dir='ltr'>β)</span> <span class='ocrx_word' id='word_1_434' title='bbox 415 3346 441 3370; x_wconf 82' lang='lat' dir='ltr'>in</span> <span class='ocrx_word' id='word_1_435' title='bbox 462 3352 524 3378; x_wconf 85' lang='lat' dir='ltr'>qua.</span> <span class='ocrx_word' id='word_1_436' title='bbox 540 3359 561 3367; x_wconf 87' lang='lat'>·-</span> <span class='ocrx_word' id='word_1_437' title='bbox 578 3345 734 3378; x_wconf 81' lang='lat' dir='ltr'>inquantum</span> <span class='ocrx_word' id='word_1_438' title='bbox 754 3346 876 3371; x_wconf 82' lang='lat' dir='ltr'>ABCDE.</span> 
     </span>
    </p>

    <p class='ocr_par' dir='ltr' id='par_1_23' title="bbox 368 3381 792 3415">
     <span class='ocr_line' id='line_1_64' title="bbox 368 3381 792 3415; baseline 0.005 -10"><span class='ocrx_word' id='word_1_439' title='bbox 368 3382 395 3414; x_wconf 89' lang='grc' dir='ltr'>γ)</span> <span class='ocrx_word' id='word_1_440' title='bbox 416 3381 496 3406; x_wconf 84' lang='lat' dir='ltr'>mala.</span> <span class='ocrx_word' id='word_1_441' title='bbox 513 3394 533 3400; x_wconf 89' lang='lat'><em>-</em></span> <span class='ocrx_word' id='word_1_442' title='bbox 543 3381 609 3415; x_wconf 81' lang='lat' dir='ltr'>fieri</span> <span class='ocrx_word' id='word_1_443' title='bbox 627 3382 698 3406; x_wconf 86' lang='lat' dir='ltr'>mala</span> <span class='ocrx_word' id='word_1_444' title='bbox 716 3382 792 3407; x_wconf 86' lang='lat' dir='ltr'>BDF.</span> 
     </span>
    </p>

    <p class='ocr_par' dir='ltr' id='par_1_24' title="bbox 314 3415 1380 3583">
     <span class='ocr_line' id='line_1_65' title="bbox 368 3415 1379 3449; baseline 0 -9"><span class='ocrx_word' id='word_1_445' title='bbox 368 3415 393 3449; x_wconf 81' lang='grc' dir='ltr'>ὃ)</span> <span class='ocrx_word' id='word_1_446' title='bbox 406 3416 444 3449; x_wconf 82' lang='lat' dir='ltr'>stt</span> <span class='ocrx_word' id='word_1_447' title='bbox 458 3416 554 3448; x_wconf 79' lang='lat' dir='ltr'>aliquis</span> <span class='ocrx_word' id='word_1_448' title='bbox 569 3415 694 3441; x_wconf 81' lang='lat' dir='ltr'>deterior.</span> <span class='ocrx_word' id='word_1_449' title='bbox 709 3417 757 3442; x_wconf 86' lang='lat' dir='ltr'>Illo</span> <span class='ocrx_word' id='word_1_450' title='bbox 770 3420 859 3442; x_wconf 81' lang='lat' dir='ltr'>autem</span> <span class='ocrx_word' id='word_1_451' title='bbox 872 3420 989 3442; x_wconf 86' lang='lat' dir='ltr'>auctore.</span> <span class='ocrx_word' id='word_1_452' title='bbox 1001 3430 1020 3436; x_wconf 87' lang='lat'>-</span> <span class='ocrx_word' id='word_1_453' title='bbox 1034 3417 1095 3442; x_wconf 90' lang='lat' dir='ltr'>Om.</span> <span class='ocrx_word' id='word_1_454' title='bbox 1105 3416 1142 3446; x_wconf 82' lang='lat' dir='ltr'>D;</span> <span class='ocrx_word' id='word_1_455' title='bbox 1157 3423 1204 3448; x_wconf 83' lang='lat' dir='ltr'>pro</span> <span class='ocrx_word' id='word_1_456' title='bbox 1220 3416 1268 3441; x_wconf 84' lang='lat' dir='ltr'>Illo</span> <span class='ocrx_word' id='word_1_457' title='bbox 1280 3419 1379 3445; x_wconf 84' lang='lat' dir='ltr'>autem,</span> 
     </span>
     <span class='ocr_line' id='line_1_66' title="bbox 317 3451 1380 3484; baseline -0.002 -6"><span class='ocrx_word' id='word_1_458' title='bbox 317 3452 373 3478; x_wconf 82' lang='lat' dir='ltr'>Sed</span> <span class='ocrx_word' id='word_1_459' title='bbox 392 3452 437 3476; x_wconf 87' lang='lat' dir='ltr'>illo</span> <span class='ocrx_word' id='word_1_460' title='bbox 456 3452 497 3477; x_wconf 85' lang='lat' dir='ltr'>ed.</span> <span class='ocrx_word' id='word_1_461' title='bbox 516 3458 547 3481; x_wconf 88' lang='lat' dir='ltr'>a,</span> <span class='ocrx_word' id='word_1_462' title='bbox 571 3451 620 3476; x_wconf 87' lang='lat'><em>1110</em></span> <span class='ocrx_word' id='word_1_463' title='bbox 637 3452 712 3477; x_wconf 83' lang='lat' dir='ltr'>AEF.</span> <span class='ocrx_word' id='word_1_464' title='bbox 730 3464 750 3472; x_wconf 88' lang='lat'><em>-</em></span> <span class='ocrx_word' id='word_1_465' title='bbox 769 3452 819 3477; x_wconf 83' lang='lat' dir='ltr'>Pro</span> <span class='ocrx_word' id='word_1_466' title='bbox 836 3460 895 3478; x_wconf 87' lang='lat' dir='ltr'>cum</span> <span class='ocrx_word' id='word_1_467' title='bbox 916 3452 1015 3477; x_wconf 84' lang='lat' dir='ltr'>dicitur</span> <span class='ocrx_word' id='word_1_468' title='bbox 1035 3452 1079 3476; x_wconf 80' lang='lat' dir='ltr'>illo</span> <span class='ocrx_word' id='word_1_469' title='bbox 1101 3452 1204 3476; x_wconf 80' lang='lat' dir='ltr'>volente</span> <span class='ocrx_word' id='word_1_470' title='bbox 1223 3451 1329 3481; x_wconf 84' lang='lat' dir='ltr'>dicitur,</span> <span class='ocrx_word' id='word_1_471' title='bbox 1342 3452 1380 3484; x_wconf 82' lang='lat' dir='ltr'>fit</span> 
     </span>
     <span class='ocr_line' id='line_1_67' title="bbox 316 3486 1380 3520; baseline -0.001 -8"><span class='ocrx_word' id='word_1_472' title='bbox 316 3487 419 3520; x_wconf 83' lang='lat' dir='ltr'>aliquid</span> <span class='ocrx_word' id='word_1_473' title='bbox 438 3486 551 3519; x_wconf 83' lang='lat' dir='ltr'>(aliquid</span> <span class='ocrx_word' id='word_1_474' title='bbox 571 3494 625 3511; x_wconf 88' lang='lat' dir='ltr'>om.</span> <span class='ocrx_word' id='word_1_475' title='bbox 637 3486 669 3518; x_wconf 85' lang='lat' dir='ltr'>B)</span> <span class='ocrx_word' id='word_1_476' title='bbox 691 3487 762 3519; x_wconf 79' lang='lat' dir='ltr'>quod</span> <span class='ocrx_word' id='word_1_477' title='bbox 771 3487 809 3520; x_wconf 82' lang='lat' dir='ltr'>fit</span> <span class='ocrx_word' id='word_1_478' title='bbox 823 3488 868 3513; x_wconf 83' lang='lat' dir='ltr'>illo</span> <span class='ocrx_word' id='word_1_479' title='bbox 888 3489 989 3513; x_wconf 84' lang='lat' dir='ltr'>volente</span> <span class='ocrx_word' id='word_1_480' title='bbox 1008 3488 1057 3516; x_wconf 82' lang='lat' dir='ltr'>PB,</span> <span class='ocrx_word' id='word_1_481' title='bbox 1076 3487 1175 3512; x_wconf 83' lang='lat' dir='ltr'>dicitur</span> <span class='ocrx_word' id='word_1_482' title='bbox 1193 3487 1296 3518; x_wconf 84' lang='lat' dir='ltr'>aliquid</span> <span class='ocrx_word' id='word_1_483' title='bbox 1313 3486 1380 3520; x_wconf 85' lang='lat' dir='ltr'>fieri</span> 
     </span>
     <span class='ocr_line' id='line_1_68' title="bbox 315 3522 1379 3555; baseline -0.002 -7"><span class='ocrx_word' id='word_1_484' title='bbox 315 3530 375 3548; x_wconf 86' lang='lat' dir='ltr'>cum</span> <span class='ocrx_word' id='word_1_485' title='bbox 395 3522 496 3547; x_wconf 79' lang='lat' dir='ltr'>dicitur</span> <span class='ocrx_word' id='word_1_486' title='bbox 514 3522 560 3546; x_wconf 81' lang='lat'><em>1&#39;110</em></span> <span class='ocrx_word' id='word_1_487' title='bbox 578 3522 681 3546; x_wconf 80' lang='lat' dir='ltr'>volente</span> <span class='ocrx_word' id='word_1_488' title='bbox 699 3522 737 3552; x_wconf 84' lang='lat' dir='ltr'>G,</span> <span class='ocrx_word' id='word_1_489' title='bbox 749 3523 815 3555; x_wconf 85' lang='lat' dir='ltr'>fieri</span> <span class='ocrx_word' id='word_1_490' title='bbox 833 3523 935 3555; x_wconf 79' lang='lat' dir='ltr'>aliquid</span> <span class='ocrx_word' id='word_1_491' title='bbox 954 3523 1053 3548; x_wconf 82' lang='lat' dir='ltr'>dicitur</span> <span class='ocrx_word' id='word_1_492' title='bbox 1071 3530 1129 3547; x_wconf 85' lang='lat' dir='ltr'>cum</span> <span class='ocrx_word' id='word_1_493' title='bbox 1151 3522 1195 3547; x_wconf 81' lang='lat' dir='ltr'>illo</span> <span class='ocrx_word' id='word_1_494' title='bbox 1220 3523 1320 3547; x_wconf 83' lang='lat' dir='ltr'>volente</span> <span class='ocrx_word' id='word_1_495' title='bbox 1340 3522 1379 3546; x_wconf 82' lang='lat' dir='ltr'>di-</span> 
     </span>
     <span class='ocr_line' id='line_1_69' title="bbox 314 3557 858 3583; baseline 0 0"><span class='ocrx_word' id='word_1_496' title='bbox 314 3558 388 3583; x_wconf 82' lang='lat' dir='ltr'>citur</span> <span class='ocrx_word' id='word_1_497' title='bbox 406 3558 447 3582; x_wconf 89' lang='lat' dir='ltr'>ed.</span> <span class='ocrx_word' id='word_1_498' title='bbox 466 3557 490 3582; x_wconf 83' lang='lat' dir='ltr'>b.</span> <span class='ocrx_word' id='word_1_499' title='bbox 509 3558 626 3582; x_wconf 85' lang='lat' dir='ltr'>Alterum</span> <span class='ocrx_word' id='word_1_500' title='bbox 646 3557 746 3582; x_wconf 79' lang='lat' dir='ltr'>dicitur</span> <span class='ocrx_word' id='word_1_501' title='bbox 763 3565 816 3582; x_wconf 91' lang='lat' dir='ltr'>om.</span> <span class='ocrx_word' id='word_1_502' title='bbox 830 3558 858 3583; x_wconf 80' lang='lat' dir='ltr'>F.</span> 
     </span>
    </p>

    <p class='ocr_par' dir='ltr' id='par_1_25' title="bbox 370 3592 990 3627">
     <span class='ocr_line' id='line_1_70' title="bbox 370 3592 990 3627; baseline 0.002 -10"><span class='ocrx_word' id='word_1_503' title='bbox 370 3592 391 3627; x_wconf 85' lang='grc' dir='ltr'>ε)</span> <span class='ocrx_word' id='word_1_504' title='bbox 412 3593 515 3625; x_wconf 78' lang='lat' dir='ltr'>aliquid</span> <span class='ocrx_word' id='word_1_505' title='bbox 532 3592 657 3618; x_wconf 84' lang='lat' dir='ltr'>deterius.</span> <span class='ocrx_word' id='word_1_506' title='bbox 676 3606 694 3611; x_wconf 94' lang='lat'><em>-</em></span> <span class='ocrx_word' id='word_1_507' title='bbox 712 3593 808 3625; x_wconf 84' lang='lat' dir='ltr'>aliquis</span> <span class='ocrx_word' id='word_1_508' title='bbox 826 3593 944 3618; x_wconf 84' lang='lat' dir='ltr'>deterior</span> <span class='ocrx_word' id='word_1_509' title='bbox 962 3593 990 3618; x_wconf 87' lang='lat' dir='ltr'>P.</span> 
     </span>
    </p>
   </div>
   <div class='ocr_carea' id='block_1_18' title="bbox 1405 718 1410 1382">
    <p class='ocr_par' dir='ltr' id='par_1_26' title="bbox 1405 718 1410 1382">
     <span class='ocr_line' id='line_1_71' title="bbox 1405 718 1410 1382; baseline 0 0"><span class='ocrx_word' id='word_1_510' title='bbox 1405 718 1410 1382; x_wconf 95' lang='lat' dir='ltr'> </span> 
     </span>
    </p>
   </div>
   <div class='ocr_carea' id='block_1_19' title="bbox 1406 2055 1410 3616">
    <p class='ocr_par' dir='ltr' id='par_1_27' title="bbox 1406 2055 1410 3616">
     <span class='ocr_line' id='line_1_72' title="bbox 1406 2055 1410 3616; baseline 0 0"><span class='ocrx_word' id='word_1_511' title='bbox 1406 2055 1410 3616; x_wconf 95' lang='lat' dir='ltr'> </span> 
     </span>
    </p>
   </div>
   <div class='ocr_carea' id='block_1_20' title="bbox 1431 714 2498 3201">
    <p class='ocr_par' dir='ltr' id='par_1_28' title="bbox 1436 714 2498 816">
     <span class='ocr_line' id='line_1_73' title="bbox 1436 714 2498 770; baseline 0.013 -20"><span class='ocrx_word' id='word_1_512' title='bbox 1436 714 1553 752; x_wconf 88' lang='lat' dir='ltr'>tendit</span> <span class='ocrx_word' id='word_1_513' title='bbox 1581 715 1890 765; x_wconf 86' lang='lat' dir='ltr'>delectationem,</span> <span class='ocrx_word' id='word_1_514' title='bbox 1922 719 1980 756; x_wconf 91' lang='lat' dir='ltr'>cui</span> <span class='ocrx_word' id='word_1_515' title='bbox 2015 722 2251 770; x_wconf 89' lang='lat' dir='ltr'>coniungitur</span> <span class='ocrx_word' id='word_1_516' title='bbox 2279 725 2498 764; x_wconf 88' lang='lat' dir='ltr'>deformitas</span> 
     </span>
     <span class='ocr_line' id='line_1_74' title="bbox 1436 768 1958 816; baseline 0.006 -13"><span class='ocrx_word' id='word_1_517' title='bbox 1436 768 1580 816; x_wconf 90' lang='lat' dir='ltr'>culpae.</span> <span class='ocrx_word' id='word_1_518' title='bbox 1954 783 1958 785; x_wconf 62' lang='grc'><strong><em>’</em></strong></span> 
     </span>
    </p>

    <p class='ocr_par' dir='ltr' id='par_1_29' title="bbox 1431 821 2497 1564">
     <span class='ocr_line' id='line_1_75' title="bbox 1489 821 2495 878; baseline 0.013 -22"><span class='ocrx_word' id='word_1_519' title='bbox 1489 821 1636 858; x_wconf 92' lang='lat' dir='ltr'>Malum</span> <span class='ocrx_word' id='word_1_520' title='bbox 1665 830 1792 859; x_wconf 90' lang='lat' dir='ltr'>autern</span> <span class='ocrx_word' id='word_1_521' title='bbox 1830 825 1935 871; x_wconf 91' lang='lat' dir='ltr'>quod</span> <span class='ocrx_word' id='word_1_522' title='bbox 1974 826 2211 875; x_wconf 84' lang='lat' dir='ltr'>coniungitur</span> <span class='ocrx_word' id='word_1_523' title='bbox 2239 830 2347 867; x_wconf 90' lang='lat' dir='ltr'>alicui</span> <span class='ocrx_word' id='word_1_524' title='bbox 2376 832 2495 878; x_wconf 90' lang='lat' dir='ltr'>bono,</span> 
     </span>
     <span class='ocr_line' id='line_1_76' title="bbox 1437 874 2497 934; baseline 0.012 -25"><span class='ocrx_word' id='word_1_525' title='bbox 1437 881 1491 910; x_wconf 90' lang='lat' dir='ltr'>est</span> <span class='ocrx_word' id='word_1_526' title='bbox 1508 874 1670 922; x_wconf 89' lang='lat' dir='ltr'>privatio</span> <span class='ocrx_word' id='word_1_527' title='bbox 1700 876 1850 913; x_wconf 90' lang='lat' dir='ltr'>alterius</span> <span class='ocrx_word' id='word_1_528' title='bbox 1876 878 1978 915; x_wconf 90' lang='lat' dir='ltr'>boni.</span> <span class='ocrx_word' id='word_1_529' title='bbox 2010 880 2218 928; x_wconf 89' lang='lat' dir='ltr'>Nunquam</span> <span class='ocrx_word' id='word_1_530' title='bbox 2247 882 2356 930; x_wconf 90' lang='lat' dir='ltr'>igitur</span> <span class='ocrx_word' id='word_1_531' title='bbox 2384 897 2497 934; x_wconf 90' lang='lat' dir='ltr'>appe-</span> 
     </span>
     <span class='ocr_line' id='line_1_77' title="bbox 1435 929 2497 981; baseline 0.012 -19"><span class='ocrx_word' id='word_1_532' title='bbox 1435 934 1574 963; x_wconf 89' lang='lat' dir='ltr'>teretur</span> <span class='ocrx_word' id='word_1_533' title='bbox 1606 929 1769 976; x_wconf 84' lang='lat' dir='ltr'>malum,</span> <span class='ocrx_word' id='word_1_534' title='bbox 1809 941 1880 967; x_wconf 91' lang='lat' dir='ltr'>nec</span> <span class='ocrx_word' id='word_1_535' title='bbox 1917 943 1986 980; x_wconf 90' lang='lat' dir='ltr'>per</span> <span class='ocrx_word' id='word_1_536' title='bbox 2023 933 2218 981; x_wconf 90' lang='lat' dir='ltr'>accidens,</span> <span class='ocrx_word' id='word_1_537' title='bbox 2253 935 2323 972; x_wconf 89' lang='lat' dir='ltr'>nisi</span> <span class='ocrx_word' id='word_1_538' title='bbox 2352 937 2497 974; x_wconf 90' lang='lat' dir='ltr'>bonum</span> 
     </span>
     <span class='ocr_line' id='line_1_78' title="bbox 1436 979 2496 1039; baseline 0.011 -24"><span class='ocrx_word' id='word_1_539' title='bbox 1436 979 1495 1016; x_wconf 87' lang='lat' dir='ltr'>cui</span> <span class='ocrx_word' id='word_1_540' title='bbox 1524 980 1760 1029; x_wconf 90' lang='lat' dir='ltr'>coniungitur</span> <span class='ocrx_word' id='word_1_541' title='bbox 1782 984 1939 1031; x_wconf 86' lang='lat' dir='ltr'>malum,</span> <span class='ocrx_word' id='word_1_542' title='bbox 1966 985 2086 1033; x_wconf 88' lang='lat' dir='ltr'>magis</span> <span class='ocrx_word' id='word_1_543' title='bbox 2115 995 2354 1036; x_wconf 89' lang='lat' dir='ltr'>appeteretur</span> <span class='ocrx_word' id='word_1_544' title='bbox 2381 1002 2496 1039; x_wconf 90' lang='lat' dir='ltr'>quam</span> 
     </span>
     <span class='ocr_line' id='line_1_79' title="bbox 1435 1033 2496 1086; baseline 0.012 -18"><span class='ocrx_word' id='word_1_545' title='bbox 1435 1033 1581 1070; x_wconf 93' lang='lat' dir='ltr'>bonum</span> <span class='ocrx_word' id='word_1_546' title='bbox 1602 1035 1706 1082; x_wconf 91' lang='lat' dir='ltr'>quod</span> <span class='ocrx_word' id='word_1_547' title='bbox 1725 1035 1895 1084; x_wconf 88' lang='lat' dir='ltr'>privatur</span> <span class='ocrx_word' id='word_1_548' title='bbox 1912 1049 1983 1086; x_wconf 90' lang='lat' dir='ltr'>per</span> <span class='ocrx_word' id='word_1_549' title='bbox 2002 1040 2157 1076; x_wconf 91' lang='lat' dir='ltr'>malum.</span> <span class='ocrx_word' id='word_1_550' title='bbox 2189 1041 2348 1078; x_wconf 91' lang='lat' dir='ltr'>Nullum</span> <span class='ocrx_word' id='word_1_551' title='bbox 2369 1052 2496 1081; x_wconf 88' lang='lat' dir='ltr'>autem</span> 
     </span>
     <span class='ocr_line' id='line_1_80' title="bbox 1435 1086 2494 1140; baseline 0.01 -18"><span class='ocrx_word' id='word_1_552' title='bbox 1435 1086 1581 1123; x_wconf 89' lang='lat' dir='ltr'>bonum</span> <span class='ocrx_word' id='word_1_553' title='bbox 1610 1088 1716 1124; x_wconf 87' lang='lat' dir='ltr'>Deus</span> <span class='ocrx_word' id='word_1_554' title='bbox 1742 1089 1862 1136; x_wconf 88' lang='lat' dir='ltr'>magis</span> <span class='ocrx_word' id='word_1_555' title='bbox 1891 1092 1972 1127; x_wconf 89' lang='lat' dir='ltr'>vult</span> <span class='ocrx_word' id='word_1_556' title='bbox 1990 1104 2104 1140; x_wconf 89' lang='lat' dir='ltr'>quam</span> <span class='ocrx_word' id='word_1_557' title='bbox 2135 1105 2252 1133; x_wconf 73' lang='lat' dir='ltr'>suam,</span> <span class='ocrx_word' id='word_1_558' title='bbox 2267 1095 2494 1133; x_wconf 90' lang='lat' dir='ltr'>bonitatem:</span> 
     </span>
     <span class='ocr_line' id='line_1_81' title="bbox 1433 1139 2497 1196; baseline 0.011 -21"><span class='ocrx_word' id='word_1_559' title='bbox 1433 1139 1515 1176; x_wconf 90' lang='lat' dir='ltr'>vult</span> <span class='ocrx_word' id='word_1_560' title='bbox 1551 1147 1679 1176; x_wconf 90' lang='lat' dir='ltr'>tamen</span> <span class='ocrx_word' id='word_1_561' title='bbox 1712 1141 1865 1190; x_wconf 88' lang='lat' dir='ltr'>aliquod</span> <span class='ocrx_word' id='word_1_562' title='bbox 1901 1144 2046 1181; x_wconf 90' lang='lat' dir='ltr'>bonum</span> <span class='ocrx_word' id='word_1_563' title='bbox 2084 1146 2204 1194; x_wconf 87' lang='lat' dir='ltr'>magis</span> <span class='ocrx_word' id='word_1_564' title='bbox 2242 1160 2357 1196; x_wconf 85' lang='lat' dir='ltr'>quarn</span> <span class='ocrx_word' id='word_1_565' title='bbox 2395 1149 2497 1186; x_wconf 87' lang='lat' dir='ltr'>aliud</span> 
     </span>
     <span class='ocr_line' id='line_1_82' title="bbox 1435 1192 2496 1251; baseline 0.01 -23"><span class='ocrx_word' id='word_1_566' title='bbox 1435 1192 1631 1240; x_wconf 89' lang='lat' dir='ltr'>quoddam</span> <span class='ocrx_word' id='word_1_567' title='bbox 1653 1194 1810 1231; x_wconf 89' lang='lat' dir='ltr'>bonum.</span> <span class='ocrx_word' id='word_1_568' title='bbox 1837 1196 1946 1233; x_wconf 90' lang='lat' dir='ltr'>Unde</span> <span class='ocrx_word' id='word_1_569' title='bbox 1967 1198 2112 1235; x_wconf 89' lang='lat' dir='ltr'>malum</span> <span class='ocrx_word' id='word_1_570' title='bbox 2132 1201 2276 1247; x_wconf 87' lang='lat' dir='ltr'>culpae,</span> <span class='ocrx_word' id='word_1_571' title='bbox 2299 1202 2403 1250; x_wconf 92' lang='lat' dir='ltr'>quod</span> <span class='ocrx_word' id='word_1_572' title='bbox 2422 1202 2496 1251; x_wconf 88' lang='lat' dir='ltr'>pri-</span> 
     </span>
     <span class='ocr_line' id='line_1_83' title="bbox 1433 1245 2495 1297; baseline 0.01 -16"><span class='ocrx_word' id='word_1_573' title='bbox 1433 1253 1498 1282; x_wconf 90' lang='lat' dir='ltr'>vat</span> <span class='ocrx_word' id='word_1_574' title='bbox 1513 1245 1688 1283; x_wconf 88' lang='lat' dir='ltr'>ordinem</span> <span class='ocrx_word' id='word_1_575' title='bbox 1704 1247 1753 1284; x_wconf 91' lang='lat' dir='ltr'>ad</span> <span class='ocrx_word' id='word_1_576' title='bbox 1769 1248 1914 1285; x_wconf 91' lang='lat' dir='ltr'>bonum</span> <span class='ocrx_word' id='word_1_577' title='bbox 1931 1249 2116 1297; x_wconf 81' lang='lat' dir='ltr'>divinum,</span> <span class='ocrx_word' id='word_1_578' title='bbox 2132 1253 2238 1289; x_wconf 89' lang='lat' dir='ltr'>Deus</span> <span class='ocrx_word' id='word_1_579' title='bbox 2253 1254 2355 1290; x_wconf 92' lang='lat' dir='ltr'>nullo</span> <span class='ocrx_word' id='word_1_580' title='bbox 2376 1255 2495 1292; x_wconf 91' lang='lat' dir='ltr'>modo</span> 
     </span>
     <span class='ocr_line' id='line_1_84' title="bbox 1432 1299 2495 1352; baseline 0.01 -18"><span class='ocrx_word' id='word_1_581' title='bbox 1432 1299 1523 1335; x_wconf 89' lang='lat' dir='ltr'>vult.</span> <span class='ocrx_word' id='word_1_582' title='bbox 1560 1299 1635 1335; x_wconf 92' lang='lat' dir='ltr'>Sed</span> <span class='ocrx_word' id='word_1_583' title='bbox 1665 1301 1809 1337; x_wconf 89' lang='lat' dir='ltr'>malum</span> <span class='ocrx_word' id='word_1_584' title='bbox 1838 1302 2015 1339; x_wconf 90' lang='lat' dir='ltr'>naturalis</span> <span class='ocrx_word' id='word_1_585' title='bbox 2043 1304 2231 1352; x_wconf 87' lang='lat' dir='ltr'>defectus,</span> <span class='ocrx_word' id='word_1_586' title='bbox 2259 1307 2321 1342; x_wconf 88' lang='lat' dir='ltr'>vel</span> <span class='ocrx_word' id='word_1_587' title='bbox 2351 1309 2495 1345; x_wconf 91' lang='lat' dir='ltr'>malum</span> 
     </span>
     <span class='ocr_line' id='line_1_85' title="bbox 1431 1352 2495 1405; baseline 0.011 -19"><span class='ocrx_word' id='word_1_588' title='bbox 1431 1363 1582 1399; x_wconf 87' lang='lat' dir='ltr'>poenae</span> <span class='ocrx_word' id='word_1_589' title='bbox 1602 1352 1694 1399; x_wconf 86' lang='lat' dir='ltr'>vult,</span> <span class='ocrx_word' id='word_1_590' title='bbox 1714 1353 1882 1390; x_wconf 89' lang='lat' dir='ltr'>volendo</span> <span class='ocrx_word' id='word_1_591' title='bbox 1903 1354 2057 1404; x_wconf 90' lang='lat' dir='ltr'>aliquod</span> <span class='ocrx_word' id='word_1_592' title='bbox 2077 1357 2235 1405; x_wconf 91' lang='lat' dir='ltr'>bonum,</span> <span class='ocrx_word' id='word_1_593' title='bbox 2258 1359 2317 1395; x_wconf 90' lang='lat' dir='ltr'>cui</span> <span class='ocrx_word' id='word_1_594' title='bbox 2341 1360 2495 1397; x_wconf 89' lang='lat' dir='ltr'>coniun-</span> 
     </span>
     <span class='ocr_line' id='line_1_86' title="bbox 1432 1404 2496 1459; baseline 0.009 -19"><span class='ocrx_word' id='word_1_595' title='bbox 1432 1404 1529 1452; x_wconf 88' lang='lat' dir='ltr'>gitur</span> <span class='ocrx_word' id='word_1_596' title='bbox 1556 1405 1628 1441; x_wconf 89' lang='lat' dir='ltr'>tale</span> <span class='ocrx_word' id='word_1_597' title='bbox 1657 1406 1823 1442; x_wconf 90' lang='lat' dir='ltr'>malurn:</span> <span class='ocrx_word' id='word_1_598' title='bbox 1853 1406 1963 1454; x_wconf 90' lang='lat' dir='ltr'>sicut,</span> <span class='ocrx_word' id='word_1_599' title='bbox 1993 1410 2161 1446; x_wconf 90' lang='lat' dir='ltr'>volendo</span> <span class='ocrx_word' id='word_1_600' title='bbox 2191 1410 2386 1459; x_wconf 89' lang='lat' dir='ltr'>iustitiam,</span> <span class='ocrx_word' id='word_1_601' title='bbox 2414 1415 2496 1450; x_wconf 86' lang='lat' dir='ltr'>vult</span> 
     </span>
     <span class='ocr_line' id='line_1_87' title="bbox 1431 1459 2493 1513; baseline 0.01 -20"><span class='ocrx_word' id='word_1_602' title='bbox 1431 1469 1621 1506; x_wconf 90' lang='lat' dir='ltr'>poenam;</span> <span class='ocrx_word' id='word_1_603' title='bbox 1662 1466 1697 1494; x_wconf 90' lang='lat' dir='ltr'>et</span> <span class='ocrx_word' id='word_1_604' title='bbox 1733 1459 1900 1496; x_wconf 85' lang='lat' dir='ltr'>volendo</span> <span class='ocrx_word' id='word_1_605' title='bbox 1939 1461 2114 1499; x_wconf 91' lang='lat' dir='ltr'>ordinem</span> <span class='ocrx_word' id='word_1_606' title='bbox 2148 1471 2303 1501; x_wconf 89' lang='lat' dir='ltr'>naturae</span> <span class='ocrx_word' id='word_1_607' title='bbox 2333 1467 2493 1513; x_wconf 90' lang='lat' dir='ltr'>servari,</span> 
     </span>
     <span class='ocr_line' id='line_1_88' title="bbox 1432 1511 2207 1564; baseline 0.008 -17"><span class='ocrx_word' id='word_1_608' title='bbox 1432 1511 1514 1548; x_wconf 90' lang='lat' dir='ltr'>vult</span> <span class='ocrx_word' id='word_1_609' title='bbox 1541 1511 1731 1560; x_wconf 88' lang='lat' dir='ltr'>quaedam</span> <span class='ocrx_word' id='word_1_610' title='bbox 1759 1513 1976 1550; x_wconf 88' lang='lat' dir='ltr'>naturaliter</span> <span class='ocrx_word' id='word_1_611' title='bbox 2004 1516 2207 1564; x_wconf 91' lang='lat' dir='ltr'>corrumpi.</span> 
     </span>
    </p>

    <p class='ocr_par' dir='ltr' id='par_1_30' title="bbox 1431 1565 2495 2520">
     <span class='ocr_line' id='line_1_89' title="bbox 1486 1565 2495 1618; baseline 0.009 -18"><span class='ocrx_word' id='word_1_612' title='bbox 1486 1565 1544 1600; x_wconf 85' lang='lat' dir='ltr'>An</span> <span class='ocrx_word' id='word_1_613' title='bbox 1573 1576 1710 1602; x_wconf 82' lang='lat' dir='ltr'><strong>PRIMUM</strong></span> <span class='ocrx_word' id='word_1_614' title='bbox 1738 1577 1836 1602; x_wconf 79' lang='lat' dir='ltr'>ERoo</span> <span class='ocrx_word' id='word_1_615' title='bbox 1864 1578 2047 1604; x_wconf 78' lang='lat' dir='ltr'>mci-:NDUM</span> <span class='ocrx_word' id='word_1_616' title='bbox 2076 1569 2180 1617; x_wconf 92' lang='lat' dir='ltr'>quod</span> <span class='ocrx_word' id='word_1_617' title='bbox 2210 1570 2364 1618; x_wconf 88' lang='lat' dir='ltr'>quidam</span> <span class='ocrx_word' id='word_1_618' title='bbox 2395 1571 2495 1608; x_wconf 86' lang='lat' dir='ltr'>dixe-</span> 
     </span>
     <span class='ocr_line' id='line_1_90' title="bbox 1433 1617 2494 1669; baseline 0.008 -16"><span class='ocrx_word' id='word_1_619' title='bbox 1433 1625 1520 1654; x_wconf 90' lang='lat' dir='ltr'>runt</span> <span class='ocrx_word' id='word_1_620' title='bbox 1539 1617 1656 1665; x_wconf 89' lang='lat' dir='ltr'>quod,</span> <span class='ocrx_word' id='word_1_621' title='bbox 1676 1617 1760 1654; x_wconf 87' lang='lat' dir='ltr'>licet</span> <span class='ocrx_word' id='word_1_622' title='bbox 1779 1619 1883 1656; x_wconf 89' lang='lat' dir='ltr'>Deus</span> <span class='ocrx_word' id='word_1_623' title='bbox 1912 1632 1990 1657; x_wconf 92' lang='lat' dir='ltr'>non</span> <span class='ocrx_word' id='word_1_624' title='bbox 2009 1621 2100 1657; x_wconf 87' lang='lat' dir='ltr'>velit</span> <span class='ocrx_word' id='word_1_625' title='bbox 2128 1623 2240 1669; x_wconf 86' lang='lat' dir='ltr'>mala,</span> <span class='ocrx_word' id='word_1_626' title='bbox 2260 1625 2341 1660; x_wconf 89' lang='lat' dir='ltr'>vult</span> <span class='ocrx_word' id='word_1_627' title='bbox 2368 1633 2494 1661; x_wconf 90' lang='lat' dir='ltr'>tamen</span> 
     </span>
     <span class='ocr_line' id='line_1_91' title="bbox 1434 1671 2492 1724; baseline 0.009 -18"><span class='ocrx_word' id='word_1_628' title='bbox 1434 1671 1535 1708; x_wconf 90' lang='lat' dir='ltr'>mala</span> <span class='ocrx_word' id='word_1_629' title='bbox 1555 1683 1636 1707; x_wconf 88' lang='lat' dir='ltr'>esse</span> <span class='ocrx_word' id='word_1_630' title='bbox 1651 1672 1713 1707; x_wconf 90' lang='lat' dir='ltr'>vel</span> <span class='ocrx_word' id='word_1_631' title='bbox 1731 1671 1831 1708; x_wconf 89' lang='lat' dir='ltr'>fieri:</span> <span class='ocrx_word' id='word_1_632' title='bbox 1852 1672 1951 1721; x_wconf 89' lang='lat' dir='ltr'>quia,</span> <span class='ocrx_word' id='word_1_633' title='bbox 1968 1673 2054 1710; x_wconf 90' lang='lat' dir='ltr'>licet</span> <span class='ocrx_word' id='word_1_634' title='bbox 2073 1675 2172 1711; x_wconf 89' lang='lat' dir='ltr'>mala</span> <span class='ocrx_word' id='word_1_635' title='bbox 2192 1688 2269 1713; x_wconf 90' lang='lat' dir='ltr'>non</span> <span class='ocrx_word' id='word_1_636' title='bbox 2289 1676 2360 1713; x_wconf 91' lang='lat' dir='ltr'>sint</span> <span class='ocrx_word' id='word_1_637' title='bbox 2379 1678 2492 1724; x_wconf 88' lang='lat' dir='ltr'>bona,</span> 
     </span>
     <span class='ocr_line' id='line_1_92' title="bbox 1433 1724 2492 1776; baseline 0.007 -16"><span class='ocrx_word' id='word_1_638' title='bbox 1433 1724 1580 1761; x_wconf 91' lang='lat' dir='ltr'>bonurn</span> <span class='ocrx_word' id='word_1_639' title='bbox 1600 1731 1727 1761; x_wconf 90' lang='lat' dir='ltr'>tamen</span> <span class='ocrx_word' id='word_1_640' title='bbox 1747 1732 1803 1762; x_wconf 92' lang='lat' dir='ltr'>est</span> <span class='ocrx_word' id='word_1_641' title='bbox 1822 1726 1922 1762; x_wconf 90' lang='lat' dir='ltr'>mala</span> <span class='ocrx_word' id='word_1_642' title='bbox 1947 1738 2028 1763; x_wconf 89' lang='lat' dir='ltr'>esse</span> <span class='ocrx_word' id='word_1_643' title='bbox 2048 1728 2109 1764; x_wconf 91' lang='lat' dir='ltr'>vel</span> <span class='ocrx_word' id='word_1_644' title='bbox 2130 1728 2212 1765; x_wconf 92' lang='lat' dir='ltr'>fieri</span> <span class='ocrx_word' id='word_1_645' title='bbox 2226 1735 2244 1765; x_wconf 79' lang='lat'>⁸.</span> <span class='ocrx_word' id='word_1_646' title='bbox 2271 1729 2388 1776; x_wconf 90' lang='lat' dir='ltr'>Quod</span> <span class='ocrx_word' id='word_1_647' title='bbox 2408 1730 2492 1767; x_wconf 89' lang='lat' dir='ltr'>ideo</span> 
     </span>
     <span class='ocr_line' id='line_1_93' title="bbox 1434 1777 2494 1830; baseline 0.006 -16"><span class='ocrx_word' id='word_1_648' title='bbox 1434 1777 1619 1824; x_wconf 90' lang='lat' dir='ltr'>dicebant,</span> <span class='ocrx_word' id='word_1_649' title='bbox 1641 1777 1730 1826; x_wconf 90' lang='lat' dir='ltr'>quia</span> <span class='ocrx_word' id='word_1_650' title='bbox 1754 1790 1799 1815; x_wconf 88' lang='lat' dir='ltr'>ea</span> <span class='ocrx_word' id='word_1_651' title='bbox 1827 1791 1924 1827; x_wconf 92' lang='lat' dir='ltr'>quae</span> <span class='ocrx_word' id='word_1_652' title='bbox 1953 1779 1992 1816; x_wconf 91' lang='lat' dir='ltr'>in</span> <span class='ocrx_word' id='word_1_653' title='bbox 2020 1792 2061 1817; x_wconf 89' lang='lat' dir='ltr'>se</span> <span class='ocrx_word' id='word_1_654' title='bbox 2081 1782 2181 1818; x_wconf 89' lang='lat' dir='ltr'>mala</span> <span class='ocrx_word' id='word_1_655' title='bbox 2200 1791 2298 1830; x_wconf 90' lang='lat' dir='ltr'>sunt,</span> <span class='ocrx_word' id='word_1_656' title='bbox 2319 1783 2494 1820; x_wconf 91' lang='lat' dir='ltr'>ordinan-</span> 
     </span>
     <span class='ocr_line' id='line_1_94' title="bbox 1432 1831 2493 1883; baseline 0.007 -16"><span class='ocrx_word' id='word_1_657' title='bbox 1432 1838 1493 1868; x_wconf 91' lang='lat' dir='ltr'>tur</span> <span class='ocrx_word' id='word_1_658' title='bbox 1520 1831 1569 1868; x_wconf 92' lang='lat' dir='ltr'>ad</span> <span class='ocrx_word' id='word_1_659' title='bbox 1597 1831 1749 1879; x_wconf 88' lang='lat' dir='ltr'>aliquod</span> <span class='ocrx_word' id='word_1_660' title='bbox 1782 1832 1948 1869; x_wconf 92' lang='lat' dir='ltr'>bonum:</span> <span class='ocrx_word' id='word_1_661' title='bbox 1984 1845 2101 1882; x_wconf 87' lang='lat' dir='ltr'>quem</span> <span class='ocrx_word' id='word_1_662' title='bbox 2133 1834 2288 1883; x_wconf 89' lang='lat' dir='ltr'>quidem</span> <span class='ocrx_word' id='word_1_663' title='bbox 2322 1836 2493 1874; x_wconf 90' lang='lat' dir='ltr'>ordinem</span> 
     </span>
     <span class='ocr_line' id='line_1_95' title="bbox 1432 1884 2493 1936; baseline 0.006 -16"><span class='ocrx_word' id='word_1_664' title='bbox 1432 1884 1626 1933; x_wconf 89' lang='lat' dir='ltr'>importari</span> <span class='ocrx_word' id='word_1_665' title='bbox 1665 1884 1869 1922; x_wconf 88' lang='lat' dir='ltr'>credebant</span> <span class='ocrx_word' id='word_1_666' title='bbox 1896 1885 1935 1922; x_wconf 93' lang='lat' dir='ltr'>in</span> <span class='ocrx_word' id='word_1_667' title='bbox 1961 1887 2036 1923; x_wconf 94' lang='lat' dir='ltr'>hoc</span> <span class='ocrx_word' id='word_1_668' title='bbox 2069 1888 2172 1935; x_wconf 93' lang='lat' dir='ltr'>quod</span> <span class='ocrx_word' id='word_1_669' title='bbox 2211 1888 2362 1936; x_wconf 87' lang='lat' dir='ltr'>dicitur⁷</span> <span class='ocrx_word' id='word_1_670' title='bbox 2392 1890 2493 1926; x_wconf 89' lang='lat' dir='ltr'>mala</span> 
     </span>
     <span class='ocr_line' id='line_1_96' title="bbox 1432 1937 2494 1990; baseline 0.006 -17"><span class='ocrx_word' id='word_1_671' title='bbox 1432 1949 1510 1974; x_wconf 88' lang='lat' dir='ltr'>esse</span> <span class='ocrx_word' id='word_1_672' title='bbox 1537 1937 1597 1974; x_wconf 80' lang='lat' dir='ltr'>vel</span> <span class='ocrx_word' id='word_1_673' title='bbox 1610 1937 1715 1985; x_wconf 89' lang='lat' dir='ltr'>fieri.</span> <span class='ocrx_word' id='word_1_674' title='bbox 1751 1938 1828 1975; x_wconf 91' lang='lat' dir='ltr'>Sed</span> <span class='ocrx_word' id='word_1_675' title='bbox 1861 1938 1936 1975; x_wconf 91' lang='lat' dir='ltr'>hoc</span> <span class='ocrx_word' id='word_1_676' title='bbox 1964 1951 2042 1976; x_wconf 92' lang='lat' dir='ltr'>non</span> <span class='ocrx_word' id='word_1_677' title='bbox 2075 1948 2175 1977; x_wconf 92' lang='lat' dir='ltr'>recte</span> <span class='ocrx_word' id='word_1_678' title='bbox 2212 1941 2354 1979; x_wconf 87' lang='lat' dir='ltr'>dicitur.</span> <span class='ocrx_word' id='word_1_679' title='bbox 2394 1942 2494 1990; x_wconf 88' lang='lat' dir='ltr'>Quia</span> 
     </span>
     <span class='ocr_line' id='line_1_97' title="bbox 1431 1990 2495 2044; baseline 0.006 -18"><span class='ocrx_word' id='word_1_680' title='bbox 1431 1991 1577 2027; x_wconf 88' lang='lat' dir='ltr'>malum</span> <span class='ocrx_word' id='word_1_681' title='bbox 1605 2002 1683 2027; x_wconf 91' lang='lat' dir='ltr'>non</span> <span class='ocrx_word' id='word_1_682' title='bbox 1703 1990 1897 2028; x_wconf 87' lang='lat' dir='ltr'>ordinatur</span> <span class='ocrx_word' id='word_1_683' title='bbox 1924 1993 1972 2029; x_wconf 90' lang='lat' dir='ltr'>ad</span> <span class='ocrx_word' id='word_1_684' title='bbox 1993 1993 2138 2030; x_wconf 90' lang='lat' dir='ltr'>bonurn</span> <span class='ocrx_word' id='word_1_685' title='bbox 2167 2006 2235 2042; x_wconf 91' lang='lat' dir='ltr'>per</span> <span class='ocrx_word' id='word_1_686' title='bbox 2262 2007 2314 2042; x_wconf 91' lang='lat' dir='ltr'>se,</span> <span class='ocrx_word' id='word_1_687' title='bbox 2336 1996 2402 2032; x_wconf 93' lang='lat' dir='ltr'>sed</span> <span class='ocrx_word' id='word_1_688' title='bbox 2426 2008 2495 2044; x_wconf 89' lang='lat' dir='ltr'>per</span> 
     </span>
     <span class='ocr_line' id='line_1_98' title="bbox 1433 2043 2492 2096; baseline 0.006 -16"><span class='ocrx_word' id='word_1_689' title='bbox 1433 2043 1619 2081; x_wconf 90' lang='lat' dir='ltr'>accidens.</span> <span class='ocrx_word' id='word_1_690' title='bbox 1650 2044 1804 2080; x_wconf 89' lang='lat' dir='ltr'>Praeter</span> <span class='ocrx_word' id='word_1_691' title='bbox 1826 2044 2074 2083; x_wconf 90' lang='lat' dir='ltr'>intentionem</span> <span class='ocrx_word' id='word_1_692' title='bbox 2095 2046 2197 2084; x_wconf 89' lang='lat' dir='ltr'>enim</span> <span class='ocrx_word' id='word_1_693' title='bbox 2215 2048 2406 2096; x_wconf 87' lang='lat' dir='ltr'>peccantis</span> <span class='ocrx_word' id='word_1_694' title='bbox 2426 2057 2492 2094; x_wconf 89' lang='lat' dir='ltr'>est,</span> 
     </span>
     <span class='ocr_line' id='line_1_99' title="bbox 1434 2096 2493 2150; baseline 0.005 -17"><span class='ocrx_word' id='word_1_695' title='bbox 1434 2096 1539 2146; x_wconf 92' lang='lat' dir='ltr'>quod</span> <span class='ocrx_word' id='word_1_696' title='bbox 1559 2109 1604 2133; x_wconf 87' lang='lat' dir='ltr'>ex</span> <span class='ocrx_word' id='word_1_697' title='bbox 1622 2097 1698 2134; x_wconf 87' lang='lat' dir='ltr'>hoc</span> <span class='ocrx_word' id='word_1_698' title='bbox 1716 2106 1896 2145; x_wconf 90' lang='lat' dir='ltr'>sequatur</span> <span class='ocrx_word' id='word_1_699' title='bbox 1914 2098 2068 2147; x_wconf 90' lang='lat' dir='ltr'>aliquod</span> <span class='ocrx_word' id='word_1_700' title='bbox 2089 2100 2251 2146; x_wconf 90' lang='lat' dir='ltr'>bonum;</span> <span class='ocrx_word' id='word_1_701' title='bbox 2273 2101 2367 2138; x_wconf 90' lang='lat' dir='ltr'>sicut</span> <span class='ocrx_word' id='word_1_702' title='bbox 2385 2114 2493 2150; x_wconf 84' lang='lat' dir='ltr'>prae-</span> 
     </span>
     <span class='ocr_line' id='line_1_100' title="bbox 1433 2150 2493 2202; baseline 0.005 -16"><span class='ocrx_word' id='word_1_703' title='bbox 1433 2158 1490 2187; x_wconf 90' lang='lat' dir='ltr'>ter</span> <span class='ocrx_word' id='word_1_704' title='bbox 1516 2150 1767 2187; x_wconf 87' lang='lat' dir='ltr'>intentionem</span> <span class='ocrx_word' id='word_1_705' title='bbox 1786 2158 2035 2199; x_wconf 89' lang='lat' dir='ltr'>tyrannorum</span> <span class='ocrx_word' id='word_1_706' title='bbox 2064 2152 2142 2199; x_wconf 82' lang='lat' dir='ltr'>fuit,</span> <span class='ocrx_word' id='word_1_707' title='bbox 2163 2154 2268 2202; x_wconf 92' lang='lat' dir='ltr'>quod</span> <span class='ocrx_word' id='word_1_708' title='bbox 2288 2166 2333 2190; x_wconf 81' lang='lat' dir='ltr'>ex</span> <span class='ocrx_word' id='word_1_709' title='bbox 2361 2167 2493 2191; x_wconf 89' lang='lat' dir='ltr'>eorum</span> 
     </span>
     <span class='ocr_line' id='line_1_101' title="bbox 1433 2203 2491 2255; baseline 0.005 -16"><span class='ocrx_word' id='word_1_710' title='bbox 1433 2203 1759 2252; x_wconf 89' lang='lat' dir='ltr'>persecutionibus</span> <span class='ocrx_word' id='word_1_711' title='bbox 1797 2204 2017 2242; x_wconf 88' lang='lat' dir='ltr'>claresceret</span> <span class='ocrx_word' id='word_1_712' title='bbox 2052 2206 2232 2254; x_wconf 89' lang='lat' dir='ltr'>patientia</span> <span class='ocrx_word' id='word_1_713' title='bbox 2268 2215 2491 2255; x_wconf 87' lang='lat' dir='ltr'>martyrum.</span> 
     </span>
     <span class='ocr_line' id='line_1_102' title="bbox 1435 2256 2493 2306; baseline 0.006 -14"><span class='ocrx_word' id='word_1_714' title='bbox 1435 2257 1484 2293; x_wconf 89' lang='lat' dir='ltr'>Et</span> <span class='ocrx_word' id='word_1_715' title='bbox 1511 2256 1598 2293; x_wconf 92' lang='lat' dir='ltr'>ideo</span> <span class='ocrx_word' id='word_1_716' title='bbox 1627 2268 1706 2293; x_wconf 88' lang='lat' dir='ltr'>non</span> <span class='ocrx_word' id='word_1_717' title='bbox 1733 2264 1857 2305; x_wconf 89' lang='lat' dir='ltr'>potest</span> <span class='ocrx_word' id='word_1_718' title='bbox 1886 2257 1958 2295; x_wconf 93' lang='lat' dir='ltr'>dici</span> <span class='ocrx_word' id='word_1_719' title='bbox 1986 2259 2090 2306; x_wconf 92' lang='lat' dir='ltr'>quod</span> <span class='ocrx_word' id='word_1_720' title='bbox 2116 2259 2197 2296; x_wconf 90' lang='lat' dir='ltr'>talis</span> <span class='ocrx_word' id='word_1_721' title='bbox 2226 2260 2321 2297; x_wconf 90' lang='lat' dir='ltr'>ordo</span> <span class='ocrx_word' id='word_1_722' title='bbox 2350 2261 2397 2297; x_wconf 90' lang='lat' dir='ltr'>ab</span> <span class='ocrx_word' id='word_1_723' title='bbox 2426 2261 2493 2297; x_wconf 93' lang='lat' dir='ltr'>bo-</span> 
     </span>
     <span class='ocr_line' id='line_1_103' title="bbox 1434 2309 2495 2361; baseline 0.005 -16"><span class='ocrx_word' id='word_1_724' title='bbox 1434 2322 1527 2346; x_wconf 90' lang='lat' dir='ltr'>num</span> <span class='ocrx_word' id='word_1_725' title='bbox 1556 2309 1781 2358; x_wconf 88' lang='lat' dir='ltr'>importetur</span> <span class='ocrx_word' id='word_1_726' title='bbox 1802 2322 1870 2359; x_wconf 92' lang='lat' dir='ltr'>per</span> <span class='ocrx_word' id='word_1_727' title='bbox 1890 2311 1965 2348; x_wconf 90' lang='lat' dir='ltr'>hoc</span> <span class='ocrx_word' id='word_1_728' title='bbox 1993 2312 2098 2359; x_wconf 88' lang='lat' dir='ltr'>quod</span> <span class='ocrx_word' id='word_1_729' title='bbox 2128 2312 2272 2359; x_wconf 88' lang='lat' dir='ltr'>dicitur,</span> <span class='ocrx_word' id='word_1_730' title='bbox 2293 2314 2397 2361; x_wconf 91' lang='lat' dir='ltr'>quod</span> <span class='ocrx_word' id='word_1_731' title='bbox 2416 2326 2495 2350; x_wconf 90' lang='lat' dir='ltr'>ma-</span> 
     </span>
     <span class='ocr_line' id='line_1_104' title="bbox 1434 2363 2495 2414; baseline 0.004 -15"><span class='ocrx_word' id='word_1_732' title='bbox 1434 2364 1512 2400; x_wconf 88' lang='lat' dir='ltr'>lum</span> <span class='ocrx_word' id='word_1_733' title='bbox 1534 2375 1615 2399; x_wconf 87' lang='lat' dir='ltr'>esse</span> <span class='ocrx_word' id='word_1_734' title='bbox 1643 2363 1706 2399; x_wconf 89' lang='lat' dir='ltr'>vel</span> <span class='ocrx_word' id='word_1_735' title='bbox 1725 2363 1807 2399; x_wconf 89' lang='lat' dir='ltr'>fieri</span> <span class='ocrx_word' id='word_1_736' title='bbox 1827 2363 1873 2400; x_wconf 89' lang='lat' dir='ltr'>sit</span> <span class='ocrx_word' id='word_1_737' title='bbox 1892 2364 2053 2402; x_wconf 88' lang='lat' dir='ltr'>bonum:</span> <span class='ocrx_word' id='word_1_738' title='bbox 2084 2366 2172 2414; x_wconf 91' lang='lat' dir='ltr'>quia</span> <span class='ocrx_word' id='word_1_739' title='bbox 2191 2365 2281 2403; x_wconf 88' lang='lat' dir='ltr'>nihil</span> <span class='ocrx_word' id='word_1_740' title='bbox 2310 2366 2495 2403; x_wconf 88' lang='lat' dir='ltr'>iudicatur</span> 
     </span>
     <span class='ocr_line' id='line_1_105' title="bbox 1433 2415 2492 2467; baseline 0.003 -14"><span class='ocrx_word' id='word_1_741' title='bbox 1433 2416 1644 2453; x_wconf 87' lang='lat' dir='ltr'>secundum</span> <span class='ocrx_word' id='word_1_742' title='bbox 1675 2415 1765 2452; x_wconf 92' lang='lat' dir='ltr'>illud</span> <span class='ocrx_word' id='word_1_743' title='bbox 1798 2417 1903 2464; x_wconf 91' lang='lat' dir='ltr'>quod</span> <span class='ocrx_word' id='word_1_744' title='bbox 1933 2419 2113 2467; x_wconf 86' lang='lat' dir='ltr'>competit</span> <span class='ocrx_word' id='word_1_745' title='bbox 2141 2418 2174 2455; x_wconf 91' lang='lat' dir='ltr'>ei</span> <span class='ocrx_word' id='word_1_746' title='bbox 2201 2431 2270 2467; x_wconf 90' lang='lat' dir='ltr'>per</span> <span class='ocrx_word' id='word_1_747' title='bbox 2298 2419 2492 2465; x_wconf 91' lang='lat' dir='ltr'>accidens,</span> 
     </span>
     <span class='ocr_line' id='line_1_106' title="bbox 1433 2469 2438 2520; baseline 0.003 -15"><span class='ocrx_word' id='word_1_748' title='bbox 1433 2469 1499 2506; x_wconf 90' lang='lat' dir='ltr'>sed</span> <span class='ocrx_word' id='word_1_749' title='bbox 1529 2469 1741 2506; x_wconf 86' lang='lat' dir='ltr'>secundum</span> <span class='ocrx_word' id='word_1_750' title='bbox 1770 2469 1860 2506; x_wconf 90' lang='lat' dir='ltr'>illud</span> <span class='ocrx_word' id='word_1_751' title='bbox 1889 2471 1993 2518; x_wconf 90' lang='lat' dir='ltr'>quod</span> <span class='ocrx_word' id='word_1_752' title='bbox 2022 2472 2202 2520; x_wconf 89' lang='lat' dir='ltr'>competit</span> <span class='ocrx_word' id='word_1_753' title='bbox 2231 2471 2264 2508; x_wconf 92' lang='lat' dir='ltr'>ei</span> <span class='ocrx_word' id='word_1_754' title='bbox 2290 2484 2359 2520; x_wconf 89' lang='lat' dir='ltr'>per</span> <span class='ocrx_word' id='word_1_755' title='bbox 2387 2485 2438 2508; x_wconf 92' lang='lat' dir='ltr'>se.</span> 
     </span>
    </p>

    <p class='ocr_par' dir='ltr' id='par_1_31' title="bbox 1433 2524 2495 2825">
     <span class='ocr_line' id='line_1_107' title="bbox 1486 2524 2494 2573; baseline 0.003 -15"><span class='ocrx_word' id='word_1_756' title='bbox 1486 2524 1544 2559; x_wconf 82' lang='lat' dir='ltr'>AD</span> <span class='ocrx_word' id='word_1_757' title='bbox 1573 2534 1761 2559; x_wconf 79' lang='lat' dir='ltr'>SECUNDUM</span> <span class='ocrx_word' id='word_1_758' title='bbox 1790 2534 1972 2560; x_wconf 79' lang='lat' dir='ltr'>DlCENDUM</span> <span class='ocrx_word' id='word_1_759' title='bbox 2001 2525 2104 2571; x_wconf 89' lang='lat' dir='ltr'>quod</span> <span class='ocrx_word' id='word_1_760' title='bbox 2126 2525 2270 2561; x_wconf 84' lang='lat' dir='ltr'>malum</span> <span class='ocrx_word' id='word_1_761' title='bbox 2298 2537 2376 2562; x_wconf 93' lang='lat' dir='ltr'>non</span> <span class='ocrx_word' id='word_1_762' title='bbox 2404 2537 2494 2573; x_wconf 92' lang='lat' dir='ltr'>ope-</span> 
     </span>
     <span class='ocr_line' id='line_1_108' title="bbox 1433 2575 2493 2623; baseline 0.003 -12"><span class='ocrx_word' id='word_1_763' title='bbox 1433 2583 1536 2612; x_wconf 90' lang='lat' dir='ltr'>ratur</span> <span class='ocrx_word' id='word_1_764' title='bbox 1563 2575 1611 2612; x_wconf 90' lang='lat' dir='ltr'>ad</span> <span class='ocrx_word' id='word_1_765' title='bbox 1629 2575 1902 2623; x_wconf 88' lang='lat' dir='ltr'>perfectionem</span> <span class='ocrx_word' id='word_1_766' title='bbox 1928 2584 1964 2613; x_wconf 92' lang='lat' dir='ltr'>et</span> <span class='ocrx_word' id='word_1_767' title='bbox 1982 2582 1995 2596; x_wconf 74' lang='lat'><em>²</em></span> <span class='ocrx_word' id='word_1_768' title='bbox 2020 2576 2198 2614; x_wconf 88' lang='lat' dir='ltr'>decorem</span> <span class='ocrx_word' id='word_1_769' title='bbox 2227 2577 2394 2614; x_wconf 87' lang='lat' dir='ltr'>universi</span> <span class='ocrx_word' id='word_1_770' title='bbox 2423 2577 2493 2614; x_wconf 87' lang='lat' dir='ltr'>nisi</span> 
     </span>
     <span class='ocr_line' id='line_1_109' title="bbox 1433 2628 2494 2679; baseline 0.003 -15"><span class='ocrx_word' id='word_1_771' title='bbox 1433 2640 1501 2677; x_wconf 92' lang='lat' dir='ltr'>per</span> <span class='ocrx_word' id='word_1_772' title='bbox 1520 2628 1706 2674; x_wconf 91' lang='lat' dir='ltr'>accidens,</span> <span class='ocrx_word' id='word_1_773' title='bbox 1726 2636 1768 2664; x_wconf 92' lang='lat' dir='ltr'>ut</span> <span class='ocrx_word' id='word_1_774' title='bbox 1795 2628 1937 2666; x_wconf 87' lang='lat' dir='ltr'>dictum</span> <span class='ocrx_word' id='word_1_775' title='bbox 1958 2638 2014 2666; x_wconf 90' lang='lat' dir='ltr'>est</span> <span class='ocrx_word' id='word_1_776' title='bbox 2032 2629 2060 2666; x_wconf 84' lang='lat'>*.</span> <span class='ocrx_word' id='word_1_777' title='bbox 2092 2630 2203 2667; x_wconf 91' lang='lat' dir='ltr'>Unde</span> <span class='ocrx_word' id='word_1_778' title='bbox 2233 2638 2268 2667; x_wconf 90' lang='lat' dir='ltr'>et</span> <span class='ocrx_word' id='word_1_779' title='bbox 2295 2631 2369 2667; x_wconf 93' lang='lat' dir='ltr'>hoc</span> <span class='ocrx_word' id='word_1_780' title='bbox 2389 2631 2494 2679; x_wconf 92' lang='lat' dir='ltr'>quod</span> 
     </span>
     <span class='ocr_line' id='line_1_110' title="bbox 1434 2680 2495 2732; baseline 0.002 -14"><span class='ocrx_word' id='word_1_781' title='bbox 1434 2681 1523 2718; x_wconf 89' lang='lat' dir='ltr'>dicit</span> <span class='ocrx_word' id='word_1_782' title='bbox 1550 2680 1768 2729; x_wconf 89' lang='lat' dir='ltr'>Dionysius,</span> <span class='ocrx_word' id='word_1_783' title='bbox 1790 2681 1895 2730; x_wconf 92' lang='lat' dir='ltr'>quod</span> <span class='ocrx_word' id='word_1_784' title='bbox 1914 2683 2058 2719; x_wconf 88' lang='lat' dir='ltr'>malum</span> <span class='ocrx_word' id='word_1_785' title='bbox 2081 2691 2136 2720; x_wconf 90' lang='lat' dir='ltr'>est</span> <span class='ocrx_word' id='word_1_786' title='bbox 2154 2684 2202 2721; x_wconf 93' lang='lat' dir='ltr'>ad</span> <span class='ocrx_word' id='word_1_787' title='bbox 2220 2683 2387 2720; x_wconf 91' lang='lat' dir='ltr'>universi</span> <span class='ocrx_word' id='word_1_788' title='bbox 2409 2696 2495 2732; x_wconf 88' lang='lat' dir='ltr'>per-</span> 
     </span>
     <span class='ocr_line' id='line_1_111' title="bbox 1433 2734 2495 2784; baseline 0.004 -14"><span class='ocrx_word' id='word_1_789' title='bbox 1433 2734 1636 2771; x_wconf 85' lang='lat' dir='ltr'>fectionem</span> <span class='ocrx_word' id='word_1_790' title='bbox 1665 2734 1874 2782; x_wconf 89' lang='lat' dir='ltr'>conferens,</span> <span class='ocrx_word' id='word_1_791' title='bbox 1897 2735 2087 2773; x_wconf 90' lang='lat' dir='ltr'>concludit</span> <span class='ocrx_word' id='word_1_792' title='bbox 2114 2736 2330 2774; x_wconf 91' lang='lat' dir='ltr'>inducendo</span> <span class='ocrx_word' id='word_1_793' title='bbox 2350 2734 2363 2757; x_wconf 57' lang='grc' dir='ltr'><strong>λ</strong></span> <span class='ocrx_word' id='word_1_794' title='bbox 2387 2737 2495 2784; x_wconf 87' lang='lat' dir='ltr'>quasi</span> 
     </span>
     <span class='ocr_line' id='line_1_112' title="bbox 1435 2787 1796 2825; baseline -0.003 0"><span class='ocrx_word' id='word_1_795' title='bbox 1435 2787 1482 2825; x_wconf 89' lang='lat' dir='ltr'>ad</span> <span class='ocrx_word' id='word_1_796' title='bbox 1511 2787 1796 2824; x_wconf 83' lang='lat' dir='ltr'>inconveniens.</span> 
     </span>
    </p>

    <p class='ocr_par' dir='ltr' id='par_1_32' title="bbox 1434 2841 2495 3201">
     <span class='ocr_line' id='line_1_113' title="bbox 1486 2841 2495 2890; baseline 0.003 -14"><span class='ocrx_word' id='word_1_797' title='bbox 1486 2842 1545 2877; x_wconf 82' lang='lat' dir='ltr'>An</span> <span class='ocrx_word' id='word_1_798' title='bbox 1573 2851 1731 2877; x_wconf 75' lang='lat' dir='ltr'>TERTmM</span> <span class='ocrx_word' id='word_1_799' title='bbox 1760 2852 1942 2877; x_wconf 65' lang='lat' dir='ltr'>monimum</span> <span class='ocrx_word' id='word_1_800' title='bbox 1971 2841 2086 2889; x_wconf 88' lang='lat' dir='ltr'>quod,</span> <span class='ocrx_word' id='word_1_801' title='bbox 2108 2842 2192 2879; x_wconf 91' lang='lat' dir='ltr'>licet</span> <span class='ocrx_word' id='word_1_802' title='bbox 2216 2843 2316 2879; x_wconf 90' lang='lat' dir='ltr'>mala</span> <span class='ocrx_word' id='word_1_803' title='bbox 2344 2842 2437 2890; x_wconf 80' lang='lat' dir='ltr'>fieri,</span> <span class='ocrx_word' id='word_1_804' title='bbox 2460 2850 2495 2879; x_wconf 88' lang='lat' dir='ltr'>et</span> 
     </span>
     <span class='ocr_line' id='line_1_114' title="bbox 1434 2893 2495 2944; baseline 0.003 -15"><span class='ocrx_word' id='word_1_805' title='bbox 1434 2894 1534 2930; x_wconf 91' lang='lat' dir='ltr'>mala</span> <span class='ocrx_word' id='word_1_806' title='bbox 1553 2899 1572 2920; x_wconf 57' lang='grc' dir='ltr'><em>μ</em></span> <span class='ocrx_word' id='word_1_807' title='bbox 1601 2905 1678 2929; x_wconf 91' lang='lat' dir='ltr'>non</span> <span class='ocrx_word' id='word_1_808' title='bbox 1706 2893 1803 2939; x_wconf 88' lang='lat' dir='ltr'>fieri,</span> <span class='ocrx_word' id='word_1_809' title='bbox 1834 2894 2121 2932; x_wconf 89' lang='lat' dir='ltr'>contradictorie</span> <span class='ocrx_word' id='word_1_810' title='bbox 2151 2903 2412 2944; x_wconf 90' lang='lat' dir='ltr'>opponantur;</span> <span class='ocrx_word' id='word_1_811' title='bbox 2442 2903 2495 2932; x_wconf 92' lang='lat' dir='ltr'>ta-</span> 
     </span>
     <span class='ocr_line' id='line_1_115' title="bbox 1434 2946 2495 2995; baseline 0 -11"><span class='ocrx_word' id='word_1_812' title='bbox 1434 2958 1524 2984; x_wconf 89' lang='lat' dir='ltr'>men</span> <span class='ocrx_word' id='word_1_813' title='bbox 1551 2946 1647 2982; x_wconf 88' lang='lat' dir='ltr'>velle</span> <span class='ocrx_word' id='word_1_814' title='bbox 1667 2946 1769 2982; x_wconf 90' lang='lat' dir='ltr'>mala</span> <span class='ocrx_word' id='word_1_815' title='bbox 1788 2946 1883 2992; x_wconf 88' lang='lat' dir='ltr'>fieri,</span> <span class='ocrx_word' id='word_1_816' title='bbox 1904 2954 1940 2983; x_wconf 90' lang='lat' dir='ltr'>et</span> <span class='ocrx_word' id='word_1_817' title='bbox 1958 2948 2057 2984; x_wconf 90' lang='lat' dir='ltr'>velle</span> <span class='ocrx_word' id='word_1_818' title='bbox 2079 2949 2179 2985; x_wconf 88' lang='lat' dir='ltr'>mala</span> <span class='ocrx_word' id='word_1_819' title='bbox 2205 2960 2283 2986; x_wconf 89' lang='lat' dir='ltr'>non</span> <span class='ocrx_word' id='word_1_820' title='bbox 2302 2948 2396 2995; x_wconf 91' lang='lat' dir='ltr'>fieri,</span> <span class='ocrx_word' id='word_1_821' title='bbox 2417 2960 2495 2984; x_wconf 94' lang='lat' dir='ltr'>non</span> 
     </span>
     <span class='ocr_line' id='line_1_116' title="bbox 1434 2999 2495 3049; baseline 0.001 -13"><span class='ocrx_word' id='word_1_822' title='bbox 1434 3006 1680 3048; x_wconf 89' lang='lat' dir='ltr'>opponuntur</span> <span class='ocrx_word' id='word_1_823' title='bbox 1709 2999 2009 3046; x_wconf 89' lang='lat' dir='ltr'>contradictorie,</span> <span class='ocrx_word' id='word_1_824' title='bbox 2031 3013 2119 3038; x_wconf 92' lang='lat' dir='ltr'>cum</span> <span class='ocrx_word' id='word_1_825' title='bbox 2142 3009 2346 3049; x_wconf 91' lang='lat' dir='ltr'>utrumque</span> <span class='ocrx_word' id='word_1_826' title='bbox 2375 3001 2420 3037; x_wconf 90' lang='lat' dir='ltr'>sit</span> <span class='ocrx_word' id='word_1_827' title='bbox 2443 3001 2495 3037; x_wconf 83' lang='lat' dir='ltr'>af-</span> 
     </span>
     <span class='ocr_line' id='line_1_117' title="bbox 1434 3052 2494 3102; baseline 0 -12"><span class='ocrx_word' id='word_1_828' title='bbox 1434 3052 1681 3090; x_wconf 89' lang='lat' dir='ltr'>firmativum.</span> <span class='ocrx_word' id='word_1_829' title='bbox 1712 3053 1818 3088; x_wconf 90' lang='lat' dir='ltr'>Deus</span> <span class='ocrx_word' id='word_1_830' title='bbox 1846 3052 1956 3100; x_wconf 88' lang='lat' dir='ltr'>igitur</span> <span class='ocrx_word' id='word_1_831' title='bbox 1974 3059 1985 3073; x_wconf 74' lang='lat'><strong><em>⁹</em></strong></span> <span class='ocrx_word' id='word_1_832' title='bbox 2015 3066 2137 3102; x_wconf 90' lang='lat' dir='ltr'>neque</span> <span class='ocrx_word' id='word_1_833' title='bbox 2164 3054 2246 3091; x_wconf 80' lang='lat' dir='ltr'>vult</span> <span class='ocrx_word' id='word_1_834' title='bbox 2272 3054 2371 3090; x_wconf 89' lang='lat' dir='ltr'>mala</span> <span class='ocrx_word' id='word_1_835' title='bbox 2399 3053 2494 3099; x_wconf 87' lang='lat' dir='ltr'>fieri,</span> 
     </span>
     <span class='ocr_line' id='line_1_118' title="bbox 1434 3106 2494 3155; baseline 0 -12"><span class='ocrx_word' id='word_1_836' title='bbox 1434 3118 1558 3154; x_wconf 91' lang='lat' dir='ltr'>neque</span> <span class='ocrx_word' id='word_1_837' title='bbox 1586 3106 1669 3142; x_wconf 88' lang='lat' dir='ltr'>vult</span> <span class='ocrx_word' id='word_1_838' title='bbox 1705 3106 1806 3142; x_wconf 86' lang='lat' dir='ltr'>mala</span> <span class='ocrx_word' id='word_1_839' title='bbox 1834 3117 1913 3142; x_wconf 92' lang='lat' dir='ltr'>non</span> <span class='ocrx_word' id='word_1_840' title='bbox 1940 3106 2040 3144; x_wconf 88' lang='lat' dir='ltr'>fieri:</span> <span class='ocrx_word' id='word_1_841' title='bbox 2070 3107 2137 3144; x_wconf 89' lang='lat' dir='ltr'>sed</span> <span class='ocrx_word' id='word_1_842' title='bbox 2168 3108 2248 3145; x_wconf 87' lang='lat' dir='ltr'>vult</span> <span class='ocrx_word' id='word_1_843' title='bbox 2279 3106 2494 3155; x_wconf 88' lang='lat' dir='ltr'>permittere</span> 
     </span>
     <span class='ocr_line' id='line_1_119' title="bbox 1435 3158 2096 3201; baseline 0.002 -5"><span class='ocrx_word' id='word_1_844' title='bbox 1435 3160 1535 3196; x_wconf 91' lang='lat' dir='ltr'>mala</span> <span class='ocrx_word' id='word_1_845' title='bbox 1563 3158 1655 3201; x_wconf 87' lang='lat' dir='ltr'>fieri.</span> <span class='ocrx_word' id='word_1_846' title='bbox 1677 3158 1725 3194; x_wconf 91' lang='lat' dir='ltr'>Et</span> <span class='ocrx_word' id='word_1_847' title='bbox 1752 3159 1826 3195; x_wconf 94' lang='lat' dir='ltr'>hoc</span> <span class='ocrx_word' id='word_1_848' title='bbox 1855 3166 1911 3195; x_wconf 89' lang='lat' dir='ltr'>est</span> <span class='ocrx_word' id='word_1_849' title='bbox 1939 3159 2096 3197; x_wconf 89' lang='lat' dir='ltr'>bonum.</span> 
     </span>
    </p>
   </div>
   <div class='ocr_carea' id='block_1_21' title="bbox 1436 3272 2498 3623">
    <p class='ocr_par' dir='ltr' id='par_1_33' title="bbox 1436 3272 2497 3340">
     <span class='ocr_line' id='line_1_120' title="bbox 1488 3272 2497 3306; baseline -0.001 -9"><span class='ocrx_word' id='word_1_850' title='bbox 1488 3274 1512 3306; x_wconf 82' lang='grc' dir='ltr'>ζ)</span> <span class='ocrx_word' id='word_1_851' title='bbox 1533 3273 1651 3301; x_wconf 85' lang='lat' dir='ltr'>animali,</span> <span class='ocrx_word' id='word_1_852' title='bbox 1672 3280 1762 3304; x_wconf 78' lang='lat' dir='ltr'>neque.</span> <span class='ocrx_word' id='word_1_853' title='bbox 1776 3286 1795 3292; x_wconf 93' lang='lat'>-</span> <span class='ocrx_word' id='word_1_854' title='bbox 1806 3273 1926 3305; x_wconf 84' lang='lat' dir='ltr'>appetitu</span> <span class='ocrx_word' id='word_1_855' title='bbox 1947 3273 2009 3304; x_wconf 87' lang='lat' dir='ltr'>(orn.</span> <span class='ocrx_word' id='word_1_856' title='bbox 2024 3272 2079 3304; x_wconf 83' lang='lat' dir='ltr'>FG)</span> <span class='ocrx_word' id='word_1_857' title='bbox 2100 3272 2211 3296; x_wconf 83' lang='lat' dir='ltr'>animali</span> <span class='ocrx_word' id='word_1_858' title='bbox 2227 3278 2309 3304; x_wconf 79' lang='lat' dir='ltr'>neque</span> <span class='ocrx_word' id='word_1_859' title='bbox 2321 3272 2440 3304; x_wconf 78' lang='lat' dir='ltr'>appetitu</span> <span class='ocrx_word' id='word_1_860' title='bbox 2455 3279 2497 3296; x_wconf 82' lang='lat' dir='ltr'>co-</span> 
     </span>
     <span class='ocr_line' id='line_1_121' title="bbox 1436 3307 1917 3340; baseline -0.004 -6"><span class='ocrx_word' id='word_1_861' title='bbox 1436 3310 1515 3334; x_wconf 84' lang='lat' dir='ltr'>dices.</span> <span class='ocrx_word' id='word_1_862' title='bbox 1532 3322 1551 3328; x_wconf 91' lang='lat'><em>-</em></span> <span class='ocrx_word' id='word_1_863' title='bbox 1570 3309 1618 3332; x_wconf 84' lang='lat' dir='ltr'>Pro</span> <span class='ocrx_word' id='word_1_864' title='bbox 1638 3307 1690 3340; x_wconf 85' lang='lat' dir='ltr'>qui,</span> <span class='ocrx_word' id='word_1_865' title='bbox 1711 3315 1778 3339; x_wconf 85' lang='lat' dir='ltr'>quae</span> <span class='ocrx_word' id='word_1_866' title='bbox 1796 3308 1917 3332; x_wconf 85' lang='lat' dir='ltr'>ABCDE.</span> 
     </span>
    </p>

    <p class='ocr_par' dir='ltr' id='par_1_34' title="bbox 1487 3342 1798 3375">
     <span class='ocr_line' id='line_1_122' title="bbox 1487 3342 1798 3375; baseline -0.003 -7"><span class='ocrx_word' id='word_1_867' title='bbox 1487 3345 1513 3375; x_wconf 90' lang='grc' dir='ltr'>η)</span> <span class='ocrx_word' id='word_1_868' title='bbox 1534 3343 1595 3368; x_wconf 82' lang='lat' dir='ltr'>Sed.</span> <span class='ocrx_word' id='word_1_869' title='bbox 1612 3356 1632 3364; x_wconf 91' lang='lat'><em>-</em></span> <span class='ocrx_word' id='word_1_870' title='bbox 1653 3342 1750 3367; x_wconf 84' lang='lat' dir='ltr'>Tamen</span> <span class='ocrx_word' id='word_1_871' title='bbox 1770 3343 1798 3367; x_wconf 86' lang='lat' dir='ltr'>P.</span> 
     </span>
    </p>

    <p class='ocr_par' dir='ltr' id='par_1_35' title="bbox 1489 3378 1809 3411">
     <span class='ocr_line' id='line_1_123' title="bbox 1489 3378 1809 3411; baseline 0 -7"><span class='ocrx_word' id='word_1_872' title='bbox 1489 3378 1512 3411; x_wconf 79' lang='grc' dir='ltr'>θ)</span> <span class='ocrx_word' id='word_1_873' title='bbox 1532 3379 1621 3404; x_wconf 86' lang='lat' dir='ltr'>etiam.</span> <span class='ocrx_word' id='word_1_874' title='bbox 1638 3391 1658 3398; x_wconf 88' lang='lat'>·-</span> <span class='ocrx_word' id='word_1_875' title='bbox 1675 3378 1744 3402; x_wconf 85' lang='lat' dir='ltr'>enim</span> <span class='ocrx_word' id='word_1_876' title='bbox 1764 3378 1809 3404; x_wconf 86' lang='lat' dir='ltr'>Pb.</span> 
     </span>
    </p>

    <p class='ocr_par' dir='ltr' id='par_1_36' title="bbox 1436 3411 2498 3480">
     <span class='ocr_line' id='line_1_124' title="bbox 1490 3411 2498 3447; baseline -0.002 -9"><span class='ocrx_word' id='word_1_877' title='bbox 1490 3415 1506 3446; x_wconf 89' lang='grc' dir='ltr'>ι)</span> <span class='ocrx_word' id='word_1_878' title='bbox 1522 3414 1593 3447; x_wconf 76' lang='lat' dir='ltr'>quia,</span> <span class='ocrx_word' id='word_1_879' title='bbox 1607 3414 1668 3438; x_wconf 83' lang='lat' dir='ltr'>licet</span> <span class='ocrx_word' id='word_1_880' title='bbox 1679 3413 1782 3446; x_wconf 74' lang='lat' dir='ltr'>...fier-i.</span> <span class='ocrx_word' id='word_1_881' title='bbox 1800 3427 1820 3433; x_wconf 91' lang='lat'>-</span> <span class='ocrx_word' id='word_1_882' title='bbox 1838 3413 1899 3438; x_wconf 91' lang='lat' dir='ltr'>Om.</span> <span class='ocrx_word' id='word_1_883' title='bbox 1914 3413 2014 3438; x_wconf 82' lang='lat' dir='ltr'>codices</span> <span class='ocrx_word' id='word_1_884' title='bbox 2030 3418 2055 3437; x_wconf 87' lang='lat' dir='ltr'>et</span> <span class='ocrx_word' id='word_1_885' title='bbox 2069 3419 2085 3436; x_wconf 90' lang='lat' dir='ltr'>a</span> <span class='ocrx_word' id='word_1_886' title='bbox 2096 3412 2119 3436; x_wconf 87' lang='lat' dir='ltr'>b.</span> <span class='ocrx_word' id='word_1_887' title='bbox 2132 3426 2151 3432; x_wconf 88' lang='lat'>-</span> <span class='ocrx_word' id='word_1_888' title='bbox 2164 3412 2244 3436; x_wconf 85' lang='lat' dir='ltr'>Paulo</span> <span class='ocrx_word' id='word_1_889' title='bbox 2259 3411 2325 3436; x_wconf 83' lang='lat' dir='ltr'>infra</span> <span class='ocrx_word' id='word_1_890' title='bbox 2338 3419 2384 3444; x_wconf 86' lang='lat' dir='ltr'>pro</span> <span class='ocrx_word' id='word_1_891' title='bbox 2399 3411 2498 3437; x_wconf 78' lang='lat' dir='ltr'>dicitur·</span> 
     </span>
     <span class='ocr_line' id='line_1_125' title="bbox 1436 3448 2229 3480; baseline -0.004 -5"><span class='ocrx_word' id='word_1_892' title='bbox 1436 3451 1506 3475; x_wconf 84' lang='lat' dir='ltr'>mala</span> <span class='ocrx_word' id='word_1_893' title='bbox 1519 3456 1580 3478; x_wconf 85' lang='lat' dir='ltr'>esse,</span> <span class='ocrx_word' id='word_1_894' title='bbox 1601 3449 1659 3473; x_wconf 90' lang='lat' dir='ltr'>edd.</span> <span class='ocrx_word' id='word_1_895' title='bbox 1678 3448 1756 3480; x_wconf 81' lang='lat' dir='ltr'>aliqui</span> <span class='ocrx_word' id='word_1_896' title='bbox 1777 3448 1883 3476; x_wconf 83' lang='lat' dir='ltr'>dicitur,</span> <span class='ocrx_word' id='word_1_897' title='bbox 1904 3449 1999 3473; x_wconf 82' lang='lat' dir='ltr'>bonum</span> <span class='ocrx_word' id='word_1_898' title='bbox 2018 3450 2057 3473; x_wconf 83' lang='lat' dir='ltr'>est</span> <span class='ocrx_word' id='word_1_899' title='bbox 2076 3448 2147 3472; x_wconf 89' lang='lat' dir='ltr'>mala</span> <span class='ocrx_word' id='word_1_900' title='bbox 2166 3454 2229 3472; x_wconf 84' lang='lat' dir='ltr'>esse.</span> 
     </span>
    </p>

    <p class='ocr_par' dir='ltr' id='par_1_37' title="bbox 1489 3484 1804 3516">
     <span class='ocr_line' id='line_1_126' title="bbox 1489 3484 1804 3516; baseline -0.006 -6"><span class='ocrx_word' id='word_1_901' title='bbox 1489 3485 1514 3516; x_wconf 82' lang='grc' dir='ltr'>κ)</span> <span class='ocrx_word' id='word_1_902' title='bbox 1535 3488 1568 3509; x_wconf 90' lang='lat' dir='ltr'>et.</span> <span class='ocrx_word' id='word_1_903' title='bbox 1586 3498 1605 3503; x_wconf 93' lang='lat'>—</span> <span class='ocrx_word' id='word_1_904' title='bbox 1624 3484 1664 3508; x_wconf 87' lang='lat' dir='ltr'>vel</span> <span class='ocrx_word' id='word_1_905' title='bbox 1682 3484 1804 3508; x_wconf 83' lang='lat' dir='ltr'>ABCDE.</span> 
     </span>
    </p>

    <p class='ocr_par' dir='ltr' id='par_1_38' title="bbox 1488 3517 2127 3552">
     <span class='ocr_line' id='line_1_127' title="bbox 1488 3517 2127 3552; baseline -0.003 -8"><span class='ocrx_word' id='word_1_906' title='bbox 1488 3519 1516 3552; x_wconf 87' lang='grc' dir='ltr'>λ)</span> <span class='ocrx_word' id='word_1_907' title='bbox 1536 3519 1693 3544; x_wconf 81' lang='lat' dir='ltr'>inducendo.</span> <span class='ocrx_word' id='word_1_908' title='bbox 1711 3532 1730 3537; x_wconf 94' lang='lat'>-</span> <span class='ocrx_word' id='word_1_909' title='bbox 1747 3518 1866 3543; x_wconf 83' lang='lat' dir='ltr'>ducendo</span> <span class='ocrx_word' id='word_1_910' title='bbox 1886 3519 1986 3543; x_wconf 82' lang='lat' dir='ltr'>codices</span> <span class='ocrx_word' id='word_1_911' title='bbox 2006 3524 2031 3543; x_wconf 80' lang='lat' dir='ltr'>et</span> <span class='ocrx_word' id='word_1_912' title='bbox 2049 3517 2090 3542; x_wconf 85' lang='lat' dir='ltr'>ed.</span> <span class='ocrx_word' id='word_1_913' title='bbox 2102 3525 2127 3542; x_wconf 88' lang='lat' dir='ltr'>a.</span> 
     </span>
    </p>

    <p class='ocr_par' dir='ltr' id='par_1_39' title="bbox 1490 3554 1996 3589">
     <span class='ocr_line' id='line_1_128' title="bbox 1490 3554 1996 3589; baseline -0.004 -10"><span class='ocrx_word' id='word_1_914' title='bbox 1490 3556 1517 3589; x_wconf 80' lang='grc' dir='ltr'>μ.)</span> <span class='ocrx_word' id='word_1_915' title='bbox 1538 3555 1616 3579; x_wconf 81' lang='lat' dir='ltr'>mala.</span> <span class='ocrx_word' id='word_1_916' title='bbox 1634 3567 1653 3574; x_wconf 80' lang='lat'>-</span> <span class='ocrx_word' id='word_1_917' title='bbox 1671 3554 1732 3579; x_wconf 91' lang='lat' dir='ltr'>Om.</span> <span class='ocrx_word' id='word_1_918' title='bbox 1752 3554 1853 3578; x_wconf 85' lang='lat' dir='ltr'>codices</span> <span class='ocrx_word' id='word_1_919' title='bbox 1873 3559 1898 3578; x_wconf 92' lang='lat' dir='ltr'>et</span> <span class='ocrx_word' id='word_1_920' title='bbox 1917 3554 1956 3578; x_wconf 88' lang='lat' dir='ltr'>ed.</span> <span class='ocrx_word' id='word_1_921' title='bbox 1972 3561 1996 3577; x_wconf 88' lang='lat' dir='ltr'>a.</span> 
     </span>
    </p>

    <p class='ocr_par' dir='ltr' id='par_1_40' title="bbox 1490 3588 1889 3623">
     <span class='ocr_line' id='line_1_129' title="bbox 1490 3588 1889 3623; baseline 0 -9"><span class='ocrx_word' id='word_1_922' title='bbox 1490 3592 1512 3622; x_wconf 91' lang='grc' dir='ltr'>ν)</span> <span class='ocrx_word' id='word_1_923' title='bbox 1534 3590 1625 3623; x_wconf 79' lang='lat' dir='ltr'>igitur.</span> <span class='ocrx_word' id='word_1_924' title='bbox 1644 3603 1661 3608; x_wconf 93' lang='lat'>-</span> <span class='ocrx_word' id='word_1_925' title='bbox 1679 3589 1748 3614; x_wconf 89' lang='lat' dir='ltr'>enim</span> <span class='ocrx_word' id='word_1_926' title='bbox 1768 3588 1889 3614; x_wconf 84' lang='lat' dir='ltr'>ABCDE.</span> 
     </span>
    </p>
   </div>
   <div class='ocr_carea' id='block_1_22' title="bbox 2518 2621 2730 2657">
    <p class='ocr_par' dir='ltr' id='par_1_41' title="bbox 2518 2621 2730 2657">
     <span class='ocr_line' id='line_1_130' title="bbox 2518 2621 2730 2657; baseline 0.005 -7"><span class='ocrx_word' id='word_1_927' title='bbox 2518 2621 2530 2639; x_wconf 66' lang='lat'>&#39;⁸</span> <span class='ocrx_word' id='word_1_928' title='bbox 2538 2629 2562 2650; x_wconf 88' lang='lat' dir='ltr'>In</span> <span class='ocrx_word' id='word_1_929' title='bbox 2573 2635 2633 2657; x_wconf 84' lang='lat' dir='ltr'>resp.</span> <span class='ocrx_word' id='word_1_930' title='bbox 2643 2630 2671 2651; x_wconf 84' lang='lat' dir='ltr'>ad</span> <span class='ocrx_word' id='word_1_931' title='bbox 2683 2635 2730 2657; x_wconf 85' lang='lat' dir='ltr'>arg.</span> 
     </span>
    </p>
   </div>
   <div class='ocr_carea' id='block_1_23' title="bbox 2521 2662 2595 2683">
    <p class='ocr_par' dir='ltr' id='par_1_42' title="bbox 2521 2662 2595 2683">
     <span class='ocr_line' id='line_1_131' title="bbox 2521 2662 2595 2683; baseline 0 -6"><span class='ocrx_word' id='word_1_932' title='bbox 2521 2662 2595 2683; x_wconf 79' lang='lat' dir='ltr'>praec.</span> 
     </span>
    </p>
   </div>
   <div class='ocr_carea' id='block_1_24' title="bbox 2618 2579 2632 2595">
    <p class='ocr_par' dir='ltr' id='par_1_43' title="bbox 2618 2579 2632 2595">
     <span class='ocr_line' id='line_1_132' title="bbox 2618 2579 2632 2595; baseline 0 0"><span class='ocrx_word' id='word_1_933' title='bbox 2618 2579 2632 2595; x_wconf 73' lang='grc' dir='ltr'><strong>Χ</strong></span> 
     </span>
    </p>
   </div>
   <div class='ocr_carea' id='block_1_25' title="bbox 2615 2732 2632 2757">
    <p class='ocr_par' dir='ltr' id='par_1_44' title="bbox 2615 2732 2632 2757">
     <span class='ocr_line' id='line_1_133' title="bbox 2615 2732 2632 2757; baseline 0 0"><span class='ocrx_word' id='word_1_934' title='bbox 2615 2732 2632 2757; x_wconf 90' lang='grc' dir='ltr'>λ</span> 
     </span>
    </p>
   </div>
  </div>
 </body>
</html>
