2768 4178
968 253 1234 300 QUAESTIO
1264 254 1368 300 XLI,
1397 255 1692 292 ARTICULUS
1722 256 1754 291 II

270 332 440 380 perfecta
461 331 645 369 nativitas.
680 332 788 368 Talia
807 332 905 368 enim
935 338 1067 368 cuncta
1096 337 1223 368 creata
1242 337 1337 377 sunt,

276 384 403 432 qualia
431 385 535 421 Deus
563 396 641 421 esse
667 384 804 421 voluit:
831 384 950 421 Filius
978 391 1124 430 autem,
1154 390 1263 421 natus
1291 396 1340 420 ex

275 438 371 483 Deo,
400 437 483 473 talis
509 437 680 483 subsistit,
709 437 829 485 qualis
857 442 893 473 et
917 438 1021 474 Deus
1049 442 1111 474 est.

329 491 387 526 AD
415 501 552 527 PmMUM
579 501 677 527 ERGO
705 501 888 526 DICENDUM
917 489 1022 537 quod
1050 489 1252 526 auctoritas
1279 489 1340 526 illa

276 542 466 579 inducitur
485 550 614 579 contra
633 542 716 590 illos
735 542 800 590 qui
820 554 842 578 a
860 542 1103 589 generatione
1123 541 1206 578 Filii
1226 542 1338 579 etiam

278 595 610 632 concomitantiam
637 599 818 643 paternae
845 595 1050 631 voluntatis
1077 596 1337 641 removebant,

278 648 445 686 dicentes
464 647 517 684 sic
538 659 625 683 eum
645 655 779 684 natura
798 647 972 694 genuisse
992 647 1142 693 Filium,
1162 653 1204 683 ut
1223 647 1311 685 inde
1325 653 1340 671 ¹⁰

276 701 454 738 voluntas
469 699 675 748 generandi
696 699 729 736 ei
748 711 827 736 non
843 699 1006 745 adesset3
1027 699 1122 737 sicut
1136 711 1206 736 nos
1221 701 1339 737 multa

276 752 436 790 naturali
454 752 678 789 necessitate
698 759 828 789 contra
846 752 1081 790 voluntatem
1100 751 1277 801 patimur,
1298 761 1340 790 ut

277 813 460 852 mortem,
490 813 739 851 senectutem,
770 812 807 841 et
832 805 1052 843 huiusmodi
1082 806 1260 843 defectus.
1291 807 1340 843 Et

275 859 350 895 hoc
364 865 468 906 patet
484 869 554 906 per
580 857 845 906 praecedentia
875 866 910 895 et
937 858 1205 907 subsequentia
1223 856 1246 895 ⁰.
1278 859 1339 896 Sic

277 910 378 948 enim
407 910 458 947 ibi
487 910 640 947 dicitur:
669 911 760 947 Non
796 911 915 957 enim,
946 911 1091 948 nolente
1123 913 1251 958 Patre,
1281 912 1340 948 vel

276 968 426 1001 coactas
457 964 589 1009 Pater,
624 963 684 1000 vel
720 963 887 1000 naturali
921 964 1133 1001 necessitate
1170 964 1338 1001 inductus

275 1028 362 1054 cum
390 1016 503 1054 nollet
519 1023 542 1063 ¹,
571 1016 704 1066 genuit
728 1016 879 1053 Filium.

328 1071 387 1106 An
407 1081 596 1107 SECUNDUM
615 1081 798 1106 mOENDuM
818 1069 922 1117 quod
941 1070 1147 1118 Apostolus
1166 1069 1339 1106 nominat

275 1122 471 1159 Christum
505 1122 644 1158 Filium
677 1122 880 1158 dilectionis
906 1122 1000 1168 Dei,
1030 1122 1254 1171 inquantum
1285 1129 1340 1159 est

276 1187 298 1212 a
326 1175 410 1212 Deo
439 1175 792 1223 superabundanter
811 1174 988 1211 dilectus:
1016 1187 1095 1211 non
1114 1175 1220 1222 quod
1250 1174 1338 1211 dile-

277 1227 348 1265 ctio
377 1227 423 1264 sit
449 1227 676 1279 principium
704 1227 955 1275 generationis
984 1227 1075 1264 Filii.
1308 1242 1313 1244 ·

275 1282 400 1322 ὴΑΛΜ)
415 1278 574 1318 mannii
602 1292 785 1317 mcENDUM
813 1280 918 1328 quod
941 1279 1055 1316 etiam
1074 1279 1263 1325 voluntas,
1284 1279 1338 1315 in—

276 1340 462 1382 quantum
491 1341 546 1370 est
573 1340 708 1370 natura
735 1333 937 1381 quaedam,
959 1331 1099 1380 aliquid
1124 1331 1339 1368 naturaliter

274 1386 376 1432 vult;
405 1386 500 1423 sicut
517 1386 694 1423 voluntas
722 1385 886 1422 hominis
914 1384 1132 1421 naturaliter
1154 1383 1271 1421 tendit
1289 1383 1337 1420 ad

240 1488 242 1490 ι
275 1438 560 1476 beatitudinem.
586 1439 636 1475 Et
655 1438 821 1475 similiter
839 1439 945 1475 Deus
965 1437 1182 1474 naturaliter
1201 1437 1283 1473 vult
1303 1443 1339 1472 et

276 1498 380 1531 amat
398 1491 579 1540 seipsum.
602 1492 679 1528 Sed
700 1490 799 1527 circa
821 1490 891 1527 alia
905 1502 927 1527 a
947 1502 999 1537 se,
1015 1490 1191 1527 voluntas
1206 1489 1278 1526 Dei
1298 1501 1338 1525 se

326 1613 355 1646 η)
373 1613 444 1638 ἔκαε.
459 1626 480 1633 -
497 1616 586 1638 tamen
605 1613 635 1637 P.
651 1626 671 1632 -
688 1613 756 1636 Ante
774 1619 822 1636 nos
840 1612 938 1636 addunt
955 1615 982 1636 et
1000 1611 1045 1636 Pb.

274 1663 275 1666 =
326 1646 352 1682 θ)
370 1648 563 1681 subsequentia.
580 1661 600 1667 -
616 1647 753 1680 sequentia
772 1647 883 1672 codices.

328 1683 347 1717 ι)
365 1691 425 1709 cum
444 1684 533 1709 nollet.
553 1697 568 1702 -
587 1691 646 1708 cum
666 1683 743 1708 vellet
761 1683 858 1711 DFGa,
876 1682 998 1707 omittunt
1017 1682 1129 1707 PACEb.

2377 258 2454 303 423

1393 332 1508 369 habet
1527 333 1576 370 ad
1594 341 1800 382 utrumque
1820 335 2125 384 quodammodo,
2141 343 2183 372 ut
2199 336 2340 374 dictum
2357 343 2412 373 est
2421 336 2452 373 ²¹⁶.

1395 385 1552 433 Spiritus
1573 394 1700 424 autem
1723 388 1882 424 Sanctus
1901 389 2072 436 procedit
2089 396 2131 425 ut
2149 390 2280 435 Amor,
2296 389 2454 437 inquan-

1394 445 1474 474 tum
1504 439 1609 475 Deus
1633 447 1736 476 amat
1754 438 1934 488 seipsum.
1956 441 2067 478 Unde
2087 441 2302 478 naturaliter
2320 454 2454 490 proce-

1394 490 1463 537 dit,
1493 491 1670 539 quamvis
1697 505 1767 540 per
1793 492 1953 530 modurn
1982 493 2186 530 voluntatis
2213 495 2406 542 procedat.

1444 545 1503 580 An
1524 555 1696 585 QUARTUM
1715 557 1898 582 DiCENDUM
1922 546 2027 594 quod
2047 547 2160 583 etiam
2179 546 2219 583 in
2239 546 2452 595 conceptio-

1393 595 1504 632 nibus
1523 596 1832 634 intellectualibus
1851 598 1895 634 fit
1914 599 2082 635 reductio
2103 599 2151 636 ad
2170 599 2295 647 prima
2309 605 2333 645 '‘,
2355 611 2452 647 quae

1392 649 1607 685 naturaliter
1643 649 1905 698 intelliguntur.
1943 651 2048 688 Deus
2081 658 2209 688 autem
2238 651 2454 688 naturaliter

1390 700 1555 748 intelligit
1591 701 1771 750 seipsum.
1810 703 1859 739 Et
1887 704 2097 740 secundum
2130 705 2224 751 hoc,
2255 704 2451 752 conceptio

1391 753 1507 790 Verbi
1536 753 1650 790 divini
1679 762 1734 791 est
1761 755 1950 792 naturalis.

1443 808 1502 842 AD
1532 818 1694 848 QUINTUM
1719 819 1902 844 mctzNDuM
1922 807 2026 856 quod
2046 808 2302 844 necessarium
2323 808 2454 845 dicitur

1391 858 1531 906 aliquid
1558 871 1632 907 per
1657 871 1712 904 se,
1742 867 1778 896 et
1803 871 1877 907 per
1909 860 2022 896 atiud.
2062 861 2136 896 Per
2168 861 2269 897 aliud
2297 860 2452 907 quidem

1392 911 1599 960 dupliciter.
1630 912 1716 948 Uno
1745 912 1876 958 modo,
1898 912 1991 948 sicut
2009 924 2079 961 per
2098 924 2252 949 causam
2278 920 2452 960 agentem

1392 971 1428 1000 et
1456 971 1677 1011 cogentem:
1708 971 1744 1000 et
1772 964 1823 1001 sic
1842 964 2096 1001 necessarium
2122 964 2254 1001 dicitur
2272 965 2380 1013 quod
2398 972 2454 1001 est

1390 1016 1614 1053 violentum.
1644 1016 1728 1053 Alio
1748 1017 1880 1064 modo,
1902 1017 1995 1054 sicut
2012 1029 2082 1065 per
2102 1029 2256 1054 causam
2280 1018 2452 1054 finalem:

1391 1069 1484 1105 sicut
1513 1069 1647 1106 dicitur
1675 1069 1813 1118 aliquid
1843 1082 1925 1107 esse
1945 1070 2201 1106 necessarium
2220 1070 2259 1106 in
2278 1070 2334 1106 his
2353 1082 2451 1118 quae

1391 1129 1478 1158 sunt
1506 1121 1554 1158 ad
1582 1122 1721 1168 finem,
1750 1122 1974 1169 inquantum
2005 1122 2084 1159 sine
2113 1123 2188 1159 hoc
2217 1134 2295 1159 non
2329 1129 2454 1171 potest

1391 1186 1474 1210 esse
1492 1173 1578 1210 finis
1595 1172 1619 1220 λ,
1645 1175 1707 1211 vel
1730 1175 1828 1211 bene
1849 1186 1943 1211 esse.
1973 1175 2022 1211 Et
2040 1182 2174 1211 neutro
2194 1175 2350 1211 istorum
2370 1187 2453 1211 mo-

1391 1227 1530 1263 dorum
1551 1226 1676 1263 divina
1696 1227 1885 1274 generatio
1908 1234 1963 1264 est
1982 1227 2211 1264 necessaria:
2242 1227 2329 1276 quia
2347 1228 2453 1264 Deus

1391 1291 1469 1315 non
1508 1286 1563 1315 est
1595 1286 1751 1327 propter
1787 1279 1927 1326 finem,
1958 1292 2082 1328 neque
2118 1280 2261 1316 coactio
2291 1279 2388 1316 cadit
2415 1280 2454 1316 in

1389 1331 1526 1379 ipsum.
1543 1352 1567 1358 -
1582 1332 1656 1367 Per
1673 1343 1712 1367 se
1731 1339 1859 1368 autem
1879 1332 2010 1369 dicitur
2029 1332 2166 1380 aliquid
2185 1332 2451 1379 necessarium,

1391 1384 1497 1431 quod
1525 1396 1603 1420 non
1631 1391 1755 1432 potest
1782 1396 1861 1421 non
1886 1397 1980 1421 esse.
2011 1386 2059 1421 Et
2078 1384 2130 1421 sic
2149 1386 2275 1421 Deum
2295 1397 2378 1421 esse
2398 1392 2455 1421 est

1391 1436 1660 1473 necessarium.
1691 1437 1740 1473 Et
1767 1437 1842 1473 hoc
1870 1437 1988 1474 modo
2017 1438 2169 1474 Patrem
2194 1449 2373 1485 generare
2394 1437 2454 1474 Fi-

1391 1489 1483 1525 lium
1512 1497 1568 1525 est
1596 1489 1862 1526 necessarium.

1445 1612 1470 1643 κ)
1485 1612 1586 1643 prima.
1604 1625 1624 1630 -
1637 1612 1773 1644 principia
1791 1612 1889 1636 addunt
1907 1613 1959 1637 ΑΒ.

1444 1645 1472 1678 λ)
1488 1654 1539 1671 non
1550 1650 1641 1679 potest
1654 1654 1709 1672 esse
1714 1647 1790 1680 finis.
1808 1661 1827 1666 -
1845 1655 1896 1672 non
1911 1650 2001 1679 potest
2007 1647 2074 1679 finis
2088 1653 2143 1672 esse
2155 1647 2266 1672 codices.
2278 1659 2296 1666 —-
2314 1646 2394 1671 Iidem
2406 1654 2454 1679 pro

1393 1682 1514 1711 istorum,
1534 1682 1639 1707 horum.

956 1769 1286 1805 Commenta-ia
1309 1768 1558 1802 cardinalis
1580 1769 1779 1802 Caietam

335 1871 441 1892 mus
464 1859 685 1899 intelligendus
709 1865 755 1889 est
769 1858 812 1889 ita
835 1858 940 1899 ample
963 1865 999 1889 ut
1017 1865 1126 1889 sonat:
1150 1857 1182 1888 in
1207 1867 1338 1897 corpore

274 1873 475 1945 ⁴urnamque
498 1903 716 1943 distinguetur.
735 1902 807 1933 -ln
831 1912 964 1943 corpore
987 1902 1081 1932 unica
1107 1908 1153 1932 est
1179 1901 1337 1932 distinctio

274 1948 468 1985 bimembris,
489 1958 563 1979 cum
578 1947 709 1987 singulis
728 1946 986 1978 conclusionibus
1003 1946 1089 1977 iuxta
1102 1945 1171 1986 ipsa
1186 1946 1337 1976 membra.

331 1994 368 2024 11.
392 1992 559 2024 Distinctio
584 1998 638 2022 est.
662 1991 792 2032 Aliquid
816 2000 882 2021 esse
905 1991 955 2021 vel
978 1989 1044 2021 fieri
1067 1990 1239 2025 voluntate,
1265 1999 1338 2020 con-

275 2037 368 2078 tingit
386 2036 566 2077 dupliciter:
591 2035 708 2066 scilicet
730 2036 989 2072 concomitanter,
1013 2034 1063 2065 vel
1086 2034 1260 2065 causaliter
1281 2043 1338 2064 seu

269 2082 505 2124 principiative.
529 2079 722 2120 Exemplum
744 2078 848 2119 primi,
872 2078 1021 2109 Socrates
1043 2083 1090 2109 est
1103 2078 1196 2108 homo
1209 2087 1269 2108 sua
1287 2087 1338 2108 νο-

276 2127 421 2158 luntate:
444 2124 627 2164 exemplum
645 2122 784 2159 secundi,
801 2123 950 2154 Socrates
965 2122 1113 2164 aedificat
1135 2122 1262 2153 domum
1278 2131 1338 2152 sua

352 2174 450 2200 ntate.

276 2170 507 2245 leonclusio
523 2212 634 2252 prima,
650 2211 735 2242 iuxta
749 2210 890 2250 primum
908 2210 1105 2240 membrum:
1126 2210 1216 2240 Pater
1231 2209 1340 2249 genuit

276 2257 396 2290 Filium
403 2257 566 2288 voluntate
581 2255 849 2287 concomitante-
860 2254 902 2285 Et
915 2253 1147 2284 manifestatur:
1158 2253 1234 2294 quia
1246 2253 1339 2283 etiam

276 2303 368 2334 Pater
391 2308 437 2332 est
451 2302 538 2332 Deus
556 2300 720 2331 voluntate
735 2298 982 2334 concomitante;
1003 2307 1077 2338 ergo
1097 2307 1115 2327 a
1130 2297 1262 2333 fortiori,
1281 2303 1339 2327 etc.

333 2346 478 2378 Secunda
491 2343 756 2379 verorconclusio,
772 2342 859 2372 iuxta
877 2342 1053 2373 secundum
1068 2342 1259 2377 membrum,
1280 2347 1339 2371 est:

276 2390 368 2422 Pater
382 2390 491 2430 genuit
506 2389 624 2420 Filium
638 2394 758 2423 natura,
774 2396 840 2417 non
855 2386 1027 2422 voluntate,
1044 2385 1266 2426 principiante;
1286 2384 1341 2415 sed

276 2434 322 2466 sic
337 2434 487 2475 produxit
510 2439 693 2464 creaturam.
711 2448 730 2454 -
746 2431 834 2461 Haec
853 2430 1025 2465 conclusio,
1041 2429 1149 2470 quoad
1165 2439 1276 2459 omnes
1292 2428 1340 2458 sui

277 2485 396 2520 parte-5,
425 2477 530 2518 primo
560 2476 712 2516 probatur
739 2474 923 2505 auctoritate
953 2473 1080 2509 Hilarii;
1108 2473 1264 2509 secundo,
1294 2482 1340 2502 ra-

277 2522 381 2558 tione;
405 2522 514 2557 tertio,
539 2521 578 2551 ab
601 2518 749 2559 opposita
775 2517 895 2548 haeresi
917 2518 1042 2548 Ariana.
1067 2535 1086 2539 -
1109 2517 1150 2547 Et
1173 2516 1340 2547 auctoritas

275 2566 409 2607 quidem
432 2564 544 2595 Hilarii
567 2564 662 2604 plana
684 2568 731 2593 est
752 2562 785 2592 in
807 2562 918 2592 littera.

335 2609 429 2640 Ratio
451 2618 526 2639 vero
551 2607 686 2638 sumitur
701 2616 738 2636 ex
753 2604 952 2646 quadruplici
975 2605 1146 2636 differentia
1166 2611 1296 2635 naturae
1311 2610 1341 2634 et

277 2653 450 2685 voluntatis
465 2652 498 2682 in
515 2652 684 2687 causando,
702 2650 754 2680 sic.
775 2649 878 2680 Unius
896 2649 940 2679 rei
956 2659 1020 2679 una
1038 2656 1163 2680 tantum
1177 2655 1223 2679 est
1238 2648 1340 2678 forma

279 2697 429 2728 naturalis
451 2706 516 2737 qua
538 2702 600 2726 est:
624 2693 796 2725 voluntatis
819 2700 926 2724 autem
942 2702 1008 2723 non
1027 2703 1092 2723 una
1105 2699 1151 2724 est
1167 2692 1271 2723 forma
1286 2702 1341 2732 per

279 2751 377 2782 quam
400 2741 472 2780 agit,
490 2740 544 2770 sed
559 2740 675 2780 plureS,
691 2737 867 2768 secundum
882 2737 971 2777 quod
987 2744 1061 2767 sunt
1083 2737 1189 2777 plures
1205 2736 1340 2766 rationes

274 2785 462 2817 intellectae.
486 2785 571 2824 Ergo
589 2790 700 2814 natura
715 2789 762 2813 est
777 2780 981 2812 determinata
996 2782 1036 2811 ad
1051 2790 1170 2811 unum:
1194 2780 1341 2810 voluntas

278 2839 354 2860 vero
378 2839 454 2860 non.
478 2829 563 2868 Ergo
586 2826 727 2858 naturale
750 2835 854 2866 agenS,
878 2825 971 2866 quale
990 2825 1097 2865 ipsum
1113 2832 1168 2861 est,
1184 2825 1244 2856 tale
1261 2823 1339 2864 agit:

278 2873 494 2905 voluntarium
522 2878 630 2902 autem
659 2870 752 2911 quale
774 2869 843 2900 vult
865 2875 895 2900 et
917 2868 1075 2908 intelligit,
1101 2876 1131 2899 et
1153 2879 1219 2899 non
1248 2868 1341 2908 quale

279 2918 386 2958 ipsum
409 2923 471 2953 est,
497 2916 569 2956 agit.
598 2915 682 2955 Ergo
706 2921 817 2945 natura
840 2919 886 2943 est
908 2913 1100 2953 principium
1124 2922 1236 2943 eorum
1260 2921 1340 2952 quae

276 2971 347 2992 non
361 2967 497 3002 possunt
510 2959 570 2990 nisi
586 2959 630 2990 sic
649 2967 731 2989 esse:
755 2958 902 2988 voluntas
917 2963 1024 2987 autem
1040 2967 1152 2987 eorum
1167 2966 1248 2997 quae
1266 2965 1340 2996 pos—

280 3012 354 3036 sunt
380 3005 423 3036 sic
445 3005 496 3035 vel
519 3004 607 3034 aliter
635 3013 710 3033 esse.
739 3002 824 3041 Ergo
853 3007 981 3037 natura,
1013 3011 1079 3031 non
1107 3001 1271 3035 voluntas,
1296 3006 1342 3030 est

275 3049 471 3089 principium
493 3047 615 3078 divinae
638 3054 807 3087 personae:
832 3051 989 3075 creaturae
1012 3051 1128 3081 autem,
1144 3044 1302 3076 voluntas.
1322 3062 1341 3066 —

275 3093 385 3124 Prima
414 3091 639 3132 consequentia
666 3089 883 3120 manifestatur
909 3089 942 3119 in
964 3089 1079 3119 littera:
1111 3088 1186 3129 quia
1214 3088 1342 3119 effectus

281 3136 470 3167 assimilatur
490 3135 612 3166 formae
630 3134 748 3174 agentis
765 3143 820 3174 per
835 3143 933 3174 quam
948 3132 1020 3173 agit.
1038 3149 1056 3155 -
1073 3132 1192 3163 Ultima
1215 3138 1339 3162 autem:

276 3181 356 3221 quia
379 3190 514 3220 persona
537 3179 651 3215 divina,
674 3185 786 3219 utpote
809 3177 931 3207 divinae
955 3181 1097 3213 naturae,
1121 3177 1234 3217 procul
1257 3182 1302 3206 est
1325 3186 1343 3205 a

275 3225 326 3256 ,sic
349 3230 380 3255 et
402 3223 491 3254 aliter
513 3234 546 3254 se
569 3223 692 3257 habere.
716 3222 791 3263 quia
814 3222 900 3252 Deus
924 3228 971 3251 est
992 3231 1048 3261 per
1063 3231 1096 3252 se
1111 3230 1237 3251 necesse
1256 3228 1339 3250 esse:

283 3268 391 3309 quoad
405 3273 579 3298 creaturam
594 3277 679 3304 vero,
696 3266 771 3307 quia
787 3273 832 3296 est
848 3275 884 3296 ex
903 3265 1014 3296 nihilo.
1031 3282 1049 3287 —
1066 3265 1200 3305 Reliqua
1216 3270 1252 3294 ut
1266 3270 1343 3294 nota

278 3312 513 3352 relinquuntur.

338 3354 575 3386 Testimonium
597 3360 704 3385 autem
722 3354 760 3384 ab
784 3353 850 3384 Arii
875 3363 977 3384 errore
1000 3352 1133 3388 affertur,
1158 3352 1247 3393 quod
1270 3351 1343 3382 satis

276 3406 369 3441 patet
390 3399 424 3430 in
446 3398 557 3435 littera,
581 3408 656 3429 cum
677 3398 776 3438 ipsius
800 3396 1017 3428 confutatione
1040 3406 1078 3427 ex
1099 3395 1211 3426 Hilarii
1234 3402 1343 3426 aucto-

282 3444 371 3475 ritate
393 3443 529 3482 vulgata.

340 3488 391 3518 111.
417 3486 507 3517 Circa
522 3486 598 3516 haec
613 3485 703 3521 dicta,
721 3486 845 3516 adverte
863 3485 952 3526 quod
971 3484 1154 3516 communia
1177 3490 1251 3514 sunt
1269 3493 1343 3524 pro-

284 3531 426 3562 ductioni
452 3530 522 3560 Filii
546 3536 577 3560 et
599 3529 732 3570 Spiritus
755 3529 873 3566 Sancti;
898 3536 934 3560 ut
956 3536 1041 3569 patet
1071 3535 1101 3559 et
1124 3538 1161 3558 ex
1183 3528 1276 3558 titulo
1305 3527 1343 3557 de

276 3576 403 3606 actibus
434 3573 648 3605 notionalibus
676 3572 889 3604 universaliter
917 3579 1100 3614 quaerente,
1117 3579 1161 3612 ¹et
1189 3582 1225 3602 ex
1252 3571 1343 3602 tertio

1392 1864 1590 1897 argumento.
1614 1857 1774 1898 Expressit
1794 1865 1901 1889 autem
1923 1858 1955 1888 in
1980 1857 2236 1889 conclusionibus
2259 1860 2381 1888 Auctor
2402 1866 2453 1896 ge-

1392 1901 1587 1932 nerationem
1610 1902 1692 1938 Filii,
1716 1909 1868 1943 tanquam
1891 1902 2030 1942 priorem
2053 1902 2229 1933 secundum
2249 1901 2453 1937 intellectum,

1393 1952 1428 1976 ut
1451 1945 1483 1975 in
1507 1952 1578 1976 actu
1603 1946 1736 1976 exercito
1760 1953 1846 1977 actus
1863 1946 2049 1982 actionales,
2067 1946 2129 1976 sub
2142 1945 2226 1976 illius
2243 1945 2382 1981 nomine,
2399 1954 2453 1984 pa-

1391 1989 1537 2020 tefaceret
1560 1990 1727 2030 quomodo
1751 2000 1784 2020 se
1806 1990 1941 2020 habeant
1963 1990 2003 2020 ad
2026 1990 2231 2020 voluntatem.

1448 2034 1501 2064 IV.
1514 2033 1605 2064 Circa
1620 2033 1757 2074 primam
1772 2034 2011 2065 conclusionem
2025 2041 2055 2064 et
2070 2033 2304 2064 distinctionem
2314 2032 2332 2051 *
2347 2032 2452 2068 simul,

1392 2078 1517 2108 adverte
1540 2078 1628 2118 quod
1647 2078 1794 2108 voluntas
1814 2078 2030 2109 concomitans
2049 2084 2179 2108 vocatur
2193 2077 2340 2107 voluntas
2367 2085 2453 2106 com—

1393 2128 1499 2162 parata
1522 2123 1562 2152 ad
1584 2122 1662 2152 illud
1686 2129 1722 2153 ut
1745 2122 1783 2152 ad
1811 2122 1972 2152 obiectum
1994 2122 2147 2161 praecise:
2172 2121 2318 2151 voluntas
2348 2126 2455 2150 autem

1393 2165 1582 2206 principians
1605 2172 1736 2196 vocatur
1757 2166 1904 2196 voluntas
1928 2172 2109 2206 comparata
2132 2166 2171 2195 ad
2194 2165 2274 2195 illud
2298 2170 2334 2195 ut
2361 2173 2455 2194 causa

1393 2219 1448 2240 seu
1471 2209 1664 2250 principium
1687 2210 1726 2240 ad
1749 2209 1904 2240 effectum.
1929 2210 1969 2240 Et
1991 2217 2157 2250 propterea
2175 2209 2321 2239 voluntas
2341 2217 2455 2238 conco-

1393 2253 1508 2284 mitans
1523 2260 1628 2293 potest
1643 2253 1775 2284 inveniri
1792 2253 1972 2293 dupliciter:
1997 2253 2114 2284 scilicet
2129 2253 2354 2288 antecedenter,
2375 2251 2456 2281 sicut

1395 2307 1469 2328 cum
1488 2298 1630 2328 desidero
1646 2297 1789 2337 pluviam
1805 2297 1961 2334 futurarm
1987 2304 2017 2328 et
2032 2302 2269 2337 consequenter,
2287 2296 2368 2326 sicut
2382 2304 2455 2326 cum

1393 2342 1496 2381 placet
1518 2341 1626 2382 pluvia
1653 2351 1734 2382 quae
1763 2348 1809 2372 est
1835 2348 1890 2372 aut
1912 2341 1982 2372 fuit.
2011 2342 2127 2372 Utrum
2156 2346 2264 2370 autem
2292 2339 2454 2370 conclusio

1394 2385 1496 2426 prima
1514 2385 1690 2416 verificetur
1704 2386 1743 2416 de
1756 2385 1920 2416 voluntate
1944 2385 2176 2416 concomitante
2190 2390 2221 2414 et
2236 2384 2322 2424 prius
2339 2389 2369 2413 et
2382 2389 2456 2422 post

1393 2429 1570 2460 secundum
1592 2430 1802 2466 intellectum,
1826 2439 1867 2460 an
1890 2439 1971 2465 non,
1995 2429 2027 2459 in
2050 2429 2150 2459 littera
2173 2437 2239 2457 non
2262 2426 2454 2467 exprimitur.

1393 2473 1506 2504 Scotus
1529 2480 1645 2509 tamen,
1669 2473 1701 2503 in
1726 2473 1754 2509 Ι,
1779 2473 1849 2503 dist.
1865 2483 1896 2503 vl
1910 2473 1936 2509 *,
1962 2472 2062 2503 tenuit
2084 2479 2205 2512 partem
2219 2470 2453 2501 affirmativam:

1393 2527 1491 2558 quam
1518 2518 1611 2547 credo
1642 2527 1817 2547 consonam
1841 2527 1864 2546 s.
1879 2517 2034 2547 Thomae.
2059 2516 2146 2546 Tum
2173 2515 2344 2555 quoniam,
2369 2514 2455 2554 apud

1393 2561 1500 2600 ipsum
1523 2560 1677 2601 superius,
1701 2560 1734 2590 in
1757 2567 1877 2600 quaest.
1893 2570 1998 2596 xxxm,
2015 2566 2070 2590 art.
2091 2560 2118 2595 3,
2135 2559 2175 2589 ad
2196 2570 2221 2595 1,
2239 2558 2347 2589 docuit
2365 2558 2454 2598 quod

1394 2605 1538 2635 absoluta
1557 2604 1740 2635 communia
1760 2604 1818 2634 toti
1833 2603 1980 2634 Trinitati
2004 2610 2078 2634 sunt
2100 2603 2205 2643 priora
2229 2602 2452 2633 notionalibus.

1394 2649 1528 2680 Constat
1550 2655 1656 2679 autem
1680 2647 1768 2689 quod
1790 2648 1870 2678 velle
1894 2647 2130 2687 generationem
2152 2646 2232 2682 Filii,
2257 2646 2337 2676 sicut
2360 2646 2454 2676 etiam

1393 2693 1473 2723 velle
1496 2692 1663 2723 essentiam
1686 2691 1834 2728 divinam,
1859 2698 1905 2722 est
1928 2691 2120 2727 absolutum,
2138 2700 2373 2731 communeque
2396 2689 2454 2720 toti

1369 2753 1373 2755 ·
1394 2736 1555 2767 Trinitati:
1580 2746 1654 2776 ergo
1678 2736 1764 2776 prius
1787 2736 1878 2766 Pater
1904 2735 1973 2766 vult
1994 2735 2229 2775 generationem
2247 2734 2327 2770 Filii,
2357 2743 2454 2774 quam

1394 2787 1528 2820 generet.
1545 2798 1565 2802 —
1580 2781 1668 2810 Tum
1691 2779 1845 2820 quoniam
1867 2789 1924 2819 par
1945 2779 2068 2809 videtur
2090 2778 2169 2809 ratio
2194 2778 2232 2808 de
2255 2777 2454 2818 processione

1395 2824 1528 2865 Spiritus
1544 2823 1657 2860 Sancti,
1675 2833 1773 2864 quam
1795 2829 1917 2854 constat
1939 2822 2027 2863 prius
2046 2822 2152 2858 amari,
2170 2822 2345 2852 secundum
2362 2821 2454 2851 ratio-

1395 2878 1478 2904 nem,
1495 2878 1593 2908 quam
1607 2867 1696 2898 oriri:
1721 2866 1876 2908 quoniam
1892 2867 1992 2903 Pater,
2016 2867 2152 2897 amando
2176 2876 2207 2896 se
2232 2872 2262 2896 et
2284 2865 2402 2895 Filium
2425 2871 2455 2895 et

1395 2911 1549 2952 Spiritum
1572 2906 1740 2947 Sanctum,
1772 2918 1803 2955 et
1833 2911 1943 2941 eadem
1965 2910 2086 2941 ratione
2109 2909 2312 2950 spirationem
2341 2908 2452 2948 ipsam,

1396 2956 1491 2996 spirat
1519 2955 1671 2996 Spiritum
1699 2955 1859 2986 Sanctum.
1884 2971 1903 2977 -
1926 2954 1992 2985 Nec
2015 2955 2141 2985 obstant
2164 2953 2244 2983 dicta
2271 2953 2305 2982 in
2328 2953 2391 2993 Qq.
2414 2952 2454 2983 de

1395 3001 1540 3030 Potentia
1557 3000 1631 3037 Dei,
1656 3009 1709 3039 qu.
1727 3009 1758 3035 11,
1774 3005 1830 3029 art.
1850 2999 1865 3029 3
1881 2998 1914 3028 *z
1938 2998 2092 3039 quoniam
2114 2997 2157 3027 ibi
2185 3007 2240 3037 per
2257 2996 2454 3027 voluntatem

1396 3044 1633 3084 praecedentem
1656 3049 1687 3073 et
1708 3043 1906 3073 voluntatem
1921 3042 2059 3082 priorem
2081 3049 2238 3081 ternpore,
2255 3047 2365 3070 natura
2389 3040 2454 3070 sive

1395 3087 1564 3123 intellectu,
1588 3086 1733 3126 inteiligit
1746 3086 1943 3117 voluntatem
1967 3091 2001 3116 ut
2017 3086 2224 3126 principium,
2250 3091 2286 3114 ut
2308 3090 2394 3124 patet
2409 3083 2453 3113 di-

1396 3132 1526 3171 ligenter
1549 3130 1767 3161 consideranti.

1452 3176 1490 3206 V.
1516 3174 1605 3205 Circa
1621 3174 1776 3205 rationem
1799 3173 1967 3205 adductam
1983 3184 2041 3214 pro
2059 3172 2196 3203 secunda
2212 3171 2414 3202 conclusione
2426 3171 2452 3207 *,

1397 3220 1520 3250 adverte
1542 3218 1630 3259 quod
1653 3225 1714 3248 tres
1741 3217 1784 3248 ibi
1807 3217 1994 3248 differentiae
2021 3217 2101 3247 inter
2127 3217 2324 3246 voluntatem
2347 3222 2377 3246 et
2399 3225 2454 3245 na-

1397 3270 1500 3294 turam
1523 3262 1556 3292 in
1581 3262 1738 3292 causando
1762 3268 1935 3302 ponuntur,
1965 3268 1995 3292 et
2017 3267 2128 3301 quarta
2154 3260 2187 3290 in
2215 3259 2358 3290 essendo.
2381 3258 2454 3289 Alio

2483 345 2493 354 *
2504 344 2551 372 Qu.
2561 351 2608 372 xix,
2620 349 2662 368 art.
2669 351 2694 374 3.

2481 2038 2491 2047 '
2506 2036 2542 2058 Cf.
2557 2042 2623 2058 num.
2636 2042 2661 2057 n.

2482 2476 2491 2485 ¹
2506 2474 2558 2495 Art.
2573 2480 2589 2495 ¹.

2480 3001 2491 3012 ⁸
2505 3001 2551 3023 Ad.
2566 3007 2587 3023 2.

2481 3179 2491 3187 '
2507 3177 2542 3199 Cf.
2558 3183 2623 3198 num.
2637 3182 2662 3197 n.

1397 3314 1502 3338 tamen
1526 3306 1635 3336 ordine
1659 3316 1710 3336 eas
1733 3305 1968 3336 numeravimus
1991 3314 2089 3345 quam
2112 3304 2144 3334 in
2166 3303 2267 3334 littera
2285 3309 2452 3343 ponantur,
2499 3344 2501 3346 Ι

1397 3358 1432 3382 ut
1454 3351 1501 3380 vis
1523 3349 1671 3380 illationis
1694 3359 1712 3379 a
1734 3349 1831 3390 priori
1854 3348 1950 3380 fieret.
1973 3347 2153 3379 Differentia
2177 3357 2250 3387 ergo
2269 3347 2303 3377 in
2322 3347 2454 3377 essendo

1397 3395 1429 3425 in
1453 3394 1654 3424 antecedente
1676 3400 1837 3433 assumpta
1860 3399 1921 3429 est;
1945 3392 2082 3433 reliquae
2102 3399 2207 3423 autem
2226 3398 2286 3422 tres
2304 3391 2338 3421 in
2356 3390 2455 3421 tribus

1397 3438 1657 3478 consequentibus
1680 3437 1851 3468 successive
1874 3443 2046 3477 ponuntur.

1455 3483 1511 3512 Est
1526 3488 1631 3512 autem
1647 3491 1756 3511 sensus
1776 3480 1894 3520 primae
1913 3479 2110 3515 differentiae,
2127 3478 2215 3519 quod
2232 3478 2325 3509 unius
2342 3478 2385 3508 rei
2401 3487 2454 3507 na-

1398 3526 1503 3557 turalis
1520 3526 1552 3556 in
1571 3532 1641 3555 actu
1666 3525 1758 3555 unica
1773 3531 1819 3554 est
1837 3524 1949 3554 forma.
1974 3524 2014 3554 Et
2028 3530 2184 3564 quantum
2199 3523 2238 3552 ad
2253 3522 2455 3562 propositum

1398 3576 1523 3610 spectat,
1549 3569 1626 3599 nihil
1648 3568 1739 3599 refert
1755 3575 1863 3599 utrum
1886 3577 1949 3598 una
1972 3577 2019 3597 res
2043 3566 2191 3597 naturalis
2214 3566 2326 3597 habeat
2349 3566 2454 3606 plures
