2768 4178
23 533 33 544 ·
40 532 126 555 Contra
133 531 208 554 concl-
213 536 235 560 3.

954 267 1221 316 QUAESTIO
1250 267 1373 314 XLII,
1402 267 1699 304 ARTICULUS
1729 268 1743 304 I

260 351 357 383 tione.
377 351 419 382 Et
432 351 518 382 idem
532 357 579 381 est
593 350 747 381 iudicium
761 350 800 380 de
815 348 987 380 substantia
1003 358 1059 388 per
1074 348 1210 378 modum
1225 356 1324 387 quan·

261 395 357 427 titatis
380 402 517 436 sumpta.
535 395 666 435 Semper
679 392 1007 434 namquetaequalitas
1030 391 1163 423 includit
1185 390 1324 431 priorem

261 440 460 476 relationem,
485 445 516 470 et
537 439 624 469 addit
646 438 783 469 modum
805 435 1013 467 fundamenti.

319 484 359 515 V.
384 484 419 514 In
442 483 648 524 responsione
671 482 711 512 ad
733 481 871 516 tertium,
895 480 1020 510 adverte
1043 479 1133 520 quod
1156 478 1324 514 Aureolus,

262 528 348 569 apud
372 527 566 568 Capreolum
588 526 707 556 ibidem
720 525 747 562 '²‘‚
772 525 939 565 impugnat
962 523 1074 553 ultima
1096 524 1200 559 verba,
1214 522 1325 552 volens

262 572 351 613 quod
365 572 455 602 Pater
473 576 520 602 est
534 570 679 611 aequalis
694 575 725 600 et
743 573 903 609 aequatur
917 567 1009 597 Filio.
1027 567 1068 597 Et
1087 567 1263 597 consistunt
1279 576 1325 596 ra-

261 616 364 647 tiones
388 625 462 646 suae
476 615 509 645 in
527 614 600 645 hoc.
624 612 762 654 Aequari
781 622 847 642 non
867 610 1019 651 significat
1037 610 1257 651 aequalitatem
1276 620 1325 640 ac-

263 660 375 700 cipere,
393 660 448 690 sed
470 657 691 699 aequalitatem
713 656 827 686 habere
850 665 906 695 per
928 653 1064 685 modum
1087 654 1200 690 fluxus,
1223 660 1259 685 ut
1278 664 1326 684 ce-

263 711 328 735 tera
350 703 457 734 verba:
483 711 557 742 ergo
572 707 678 741 potest
700 699 868 731 convenire
890 698 984 729 Patri.
997 716 1018 720 -
1029 698 1226 729 Antecedens
1242 704 1327 738 patet

263 758 301 779 ex
324 757 366 784 se,
384 754 415 778 et
436 745 609 777 inductive:
634 744 769 775 dicimus
793 743 879 774 enim
901 742 990 783 quod
1007 743 1091 773 duae
1110 743 1213 773 lineae
1235 752 1326 773 coae-

263 796 416 833 quantur,
434 796 465 821 et
479 796 586 820 tamen
604 794 715 819 neutra
730 788 768 818 ab
792 788 887 818 altera
903 786 1123 827 aequalitatem
1142 787 1248 822 sumit,
1268 792 1325 817 etc.

321 835 373 866 Ad
395 834 457 864 hoc
480 833 606 869 dicitur,
629 832 718 873 quod
741 832 883 873 aequari,
906 831 1082 861 secundum
1104 830 1328 871 proprietatem

263 878 419 914 vocabuli,
435 876 588 918 significat
602 883 729 907 motum
748 885 803 906 seu
818 885 979 906 accessum
997 874 1158 915 quendam
1174 875 1213 904 ad
1229 874 1261 904 id
1277 874 1329 905 cui

264 929 431 963 aequatur:
456 921 541 952 unde
556 930 622 951 non
640 920 768 960 proprie
784 920 919 951 dicimus
937 919 1054 949 lineam
1073 918 1198 960 aequari
1217 918 1327 954 lineae,

264 966 325 997 nisi
348 976 423 997 cum
445 965 490 1002 fit,
507 965 684 995 secundum
701 974 769 995 rem
784 964 834 995 vel
853 962 1111 1003 designationem,
1128 962 1266 1003 aequalis
1286 963 1328 992 al-

239 1016 242 1019 *
265 1009 332 1042 teri.
361 1010 454 1041 Unde
484 1009 667 1049 negandum
695 1015 741 1039 est
771 1008 972 1039 antecedens:
998 1013 1028 1037 et
1050 1006 1191 1037 inductio
1221 1013 1267 1037 est
1290 1006 1330 1036 ad

35 2780 50 2792 ⁸
63 2779 100 2803 ef.
114 2785 180 2802 num.
190 2785 223 2801 vr.

0 3422 3 3434 '
41 3439 55 3452 ·
69 3439 105 3462 cr.
117 3438 175 3462 ibid.

265 1054 462 1095 oppositum.
478 1054 613 1089 Verum,
637 1052 735 1093 gratia
756 1052 913 1088 materiae,
937 1051 971 1082 in
994 1050 1107 1081 divinis
1131 1061 1227 1081 omne
1251 1050 1329 1081 acci-

265 1108 354 1140 pere,
379 1098 533 1134 accedere,
551 1104 620 1133 etc„
645 1103 764 1137 spectat
786 1097 827 1127 ad
849 1096 1020 1136 originem:
1045 1101 1076 1126 et
1098 1101 1264 1135 propterea
1286 1094 1330 1124 ibi

265 1142 408 1184 sequitur
431 1141 603 1172 differentia
625 1140 658 1171 in
681 1141 782 1172 littera
800 1140 903 1181 posita
921 1140 1001 1170 inter
1019 1148 1138 1169 nomen
1153 1146 1183 1169 et
1197 1139 1330 1169 verbum

266 1187 374 1229 quoad
391 1186 518 1217 Patrem
536 1192 567 1216 et
589 1185 717 1216 Filium.
735 1184 889 1223 Quamvis
913 1184 1008 1215 etiam
1029 1182 1063 1213 in
1083 1182 1240 1218 creaturis,
1256 1192 1331 1213 cum

265 1231 350 1261 linea
371 1236 524 1272 aequatur
546 1239 602 1270 per
617 1239 650 1259 se
673 1228 783 1265 lineae,
800 1229 839 1259 ab
862 1228 916 1258 illa
938 1233 1104 1268 aequatur;
1122 1226 1203 1257 sicut
1224 1226 1330 1266 imago

267 1273 409 1306 Caesaris
430 1284 451 1313 a
473 1273 608 1305 Caesare
629 1272 674 1304 fit.

293 1317 381 1350 Vl
405 1318 441 1349 In
459 1317 666 1358 responsione
684 1317 725 1347 ad
740 1322 899 1357 quartum,
916 1317 1041 1347 adverte
1059 1314 1246 1354 opinionem
1264 1313 1332 1344 Do-

267 1363 372 1399 ctoris,
388 1369 420 1393 et
442 1362 510 1393 eius
528 1361 744 1392 fundamenta.
764 1360 884 1401 Opinio
904 1366 965 1397 est,
984 1359 1074 1401 quod
1096 1358 1268 1401 aequalitas
1287 1357 1332 1388 di-

266 1407 413 1438 vinarum
436 1402 644 1447 personarum
666 1414 733 1435 non
757 1411 803 1435 est
824 1404 934 1435 relatio
958 1404 1064 1441 realis;
1087 1409 1118 1433 et
1141 1403 1231 1443 quod
1258 1412 1333 1432 cum

268 1450 391 1488 dicitur,
407 1451 505 1481 Pater
528 1454 558 1480 et
580 1449 685 1480 Filius
699 1454 775 1480 sunt
798 1449 959 1489 aequales,
975 1448 1009 1490 ly
1031 1447 1183 1488 aequales
1206 1446 1264 1477 tria
1286 1446 1332 1476 in-

267 1494 376 1532 cludit,
400 1494 516 1526 scilicet
538 1493 692 1524 unitatem
715 1492 876 1529 essentiae,
897 1492 1132 1523 distinctionem
1150 1490 1267 1521 realem
1285 1500 1332 1521 re-

266 1538 426 1570 lationum
449 1537 697 1573 subsistendum,
711 1536 795 1567 idest
813 1546 1030 1577 personarum,
1051 1543 1082 1567 et
1099 1535 1261 1566 relativam
1280 1542 1333 1575 ap-

266 1582 482 1624 pellationem,
498 1591 562 1622 qua
577 1580 752 1611 formaliter
765 1580 1012 1611 denominantur
1025 1579 1185 1621 aequales;
1201 1585 1232 1610 et
1245 1579 1335 1620 quod

267 1626 446 1658 secundum
462 1625 516 1656 illa
531 1626 608 1662 duo,
627 1625 799 1666 aequalitas
814 1625 906 1665 ponit
919 1624 1040 1666 aliquid
1058 1624 1139 1655 reale
1157 1623 1190 1654 in
1209 1623 1334 1659 divinis,

267 1671 445 1702 secundum
460 1669 590 1701 tertium
602 1675 719 1706 autem,
734 1669 920 1700 relationem
936 1675 1062 1700 tantum
1078 1667 1208 1699 rationis
1226 1667 1333 1708 ponit:

291 1714 359 1747 uod
373 1721 405 1746 et
419 1714 603 1745 auctoritate
618 1713 759 1754 Magistri
774 1712 988 1750 confirmatur,
1002 1713 1036 1743 in
1050 1723 1122 1743 xxx1
1135 1711 1335 1743 distinctione

321 1769 378 1790 rm.

327 1802 548 1834 Fundamenta
567 1807 674 1832 autem
692 1800 859 1842 positionis
879 1807 954 1832 sunt
969 1801 1045 1838 duo,
1061 1801 1238 1832 secundum
1255 1800 1333 1831 duas

270 1847 469 1879 conditiones
492 1845 656 1887 requisitas
675 1846 714 1876 ad
733 1851 860 1876 mutuas
879 1845 1046 1876 relationes
1070 1844 1166 1876 reales
1190 1844 1241 1875 hic
1260 1843 1334 1875 defi-

269 1892 396 1923 cientes.
421 1891 528 1922 Altera
551 1897 597 1921 est
620 1889 778 1920 distinctio
801 1889 892 1920 realis
920 1889 1215 1920 fundamentorum:
1240 1888 1336 1919 altera

269 1942 318 1967 est
339 1934 484 1966 fundatio
507 1945 574 1965 non
597 1943 691 1974 super
714 1934 775 1964 alia
796 1933 956 1965 relatione.

329 1979 398 2012 VII.
425 1979 546 2011 Verum
569 1985 678 2010 contra
700 1978 777 2009 haec
800 1978 940 2018 arguitur
963 1988 982 2008 a
1003 1977 1182 2009 tenentibus
1206 1976 1335 2018 opposi—

269 2030 357 2061 tum,
382 2023 421 2054 de
444 2033 585 2064 quorum
607 2032 742 2053 numero
766 2028 812 2052 est
834 2022 961 2059 Scotus,
985 2022 1019 2052 in
1041 2032 1113 2052 xxxx
1136 2020 1336 2052 distinctione

269 2067 378 2104 Primi,
396 2074 427 2099 et
441 2067 475 2098 in
502 2067 708 2104 delibeffs,
726 2076 780 2107 qu.
797 2076 837 2103 νῐ,
855 2066 910 2097 ubi
934 2072 1043 2097 contra
1065 2066 1141 2096 haec
1165 2065 1280 2096 obiicit.

329 2111 482 2152 Arguitur
503 2111 599 2151 igitur
620 2111 725 2151 primo
745 2117 854 2141 contra
872 2110 959 2141 illam
978 2110 1195 2141 conditionem
1210 2110 1248 2140 de
1262 2109 1336 2140 reali

271 2156 473 2188 distinctione
487 2155 779 2186 fundamentorum.
797 2155 979 2195 Aequalitas
992 2154 1142 2185 fundatur
1160 2163 1255 2194 super
1273 2164 1337 2185 una

271 2200 446 2243 quantitate
464 2199 684 2230 distinctorum
703 2206 930 2230 extremorum:
952 2208 1026 2239 ergo
1045 2208 1140 2238 super
1155 2198 1338 2238 simpliciter

271 2255 337 2276 una
368 2244 541 2286 quantitate
571 2243 791 2274 distinctorum
804 2266 812 2279 ‚
841 2243 944 2274 verior
972 2249 1018 2273 est
1046 2242 1216 2283 aequalitas
1239 2252 1338 2283 quam

271 2298 367 2330 super
380 2288 554 2330 quantitate
573 2297 637 2318 una
655 2287 831 2318 secundum
847 2287 939 2328 quid:
964 2296 1038 2326 ergo
1057 2296 1152 2327 super
1165 2286 1338 2327 quantitate

271 2343 337 2364 una
355 2342 490 2363 numero
513 2331 675 2362 verissima
697 2331 849 2362 fundatur
871 2331 1052 2372 aequalitas.

330 2377 494 2413 Secundo,
519 2376 595 2417 quia
617 2376 657 2406 ad
680 2375 845 2406 relationes
869 2375 966 2406 reales
989 2374 1150 2406 sufficiunt
1178 2381 1239 2405 tres
1264 2385 1338 2405 con-

273 2421 423 2453 ditiones:
448 2420 564 2451 scilicet
583 2419 741 2450 distinctio
760 2419 849 2450 realis
873 2426 1087 2450 extremorum
1105 2419 1247 2455 realium,
1268 2419 1338 2449 fun-

273 2466 461 2497 damentum
475 2464 567 2500 reale,
583 2470 613 2495 et
627 2464 716 2505 quod
734 2463 831 2494 insint
845 2463 989 2494 extremis
1004 2464 1122 2503 absque
1139 2462 1228 2493 omni
1244 2472 1339 2503 opere

272 2509 460 2541 intellectus.
482 2509 578 2548 Ergo.

332 2551 458 2594 Ter-tid,
482 2552 558 2593 quia
580 2551 624 2582 sic
647 2551 814 2582 relationes
838 2550 967 2591 originis
990 2560 1057 2580 non
1080 2557 1210 2590 possent
1233 2550 1339 2581 distin-

274 2597 330 2638 gui
352 2596 483 2627 realiter.
503 2595 668 2633 Quoniam
682 2595 707 2625 si
724 2594 856 2626 essentia
870 2601 916 2625 est
934 2594 1188 2631 fundamentum,
1208 2595 1276 2635 ipsa
1295 2601 1341 2625 est

274 2641 469 2672 indistincta:
494 2639 520 2670 si
543 2639 664 2677 relatio,
687 2639 790 2670 obstat
813 2638 951 2669 secunda
974 2638 1124 2669 conditio.

329 2685 371 2716 Et
386 2683 600 2715 confirmatur.
617 2682 702 2720 Quia
725 2682 750 2713 si
774 2693 838 2714 una
860 2682 972 2713 albedo
990 2690 1078 2724 ,esset
1092 2682 1126 2713 in
1142 2683 1265 2714 duabus
1288 2693 1339 2713 su-

275 2728 472 2771 perficiebus,
495 2727 567 2758 illae
590 2734 693 2757 essent
715 2726 843 2758 similes.

331 2773 415 2805 VIII.
430 2772 553 2803 Deinde
567 2771 707 2811 arguitur
722 2777 831 2801 contra
847 2770 1087 2801 conclusionem
1095 2769 1123 2807 ἦ,
1141 2770 1195 2801 sic.
1215 2773 1340 2812 Aequa-

275 2818 346 2849 litas
363 2824 409 2848 est
423 2817 456 2847 in
479 2815 561 2846 Filio
578 2825 615 2845 ex
629 2815 660 2845 vi
676 2814 893 2855 productionis
899 2823 908 2851 ;
933 2821 964 2846 et
979 2822 1025 2845 est
1043 2814 1145 2855 prima
1159 2815 1338 2855 aequalitas,

277 2862 363 2904 apud
386 2859 612 2901 Augustinum,
628 2859 671 2890 VI
687 2859 727 2890 de
747 2859 872 2896 Trinit„
890 2868 957 2899 cap.
975 2859 1047 2895 ult.;
1072 2866 1102 2889 et
1121 2865 1168 2889 est
1190 2858 1339 2899 perfectio

277 2905 469 2947 simpliciter,
494 2904 580 2944 apud
604 2903 750 2939 eundem,
775 2903 814 2933 de
840 2902 1027 2940 Quantitate
1049 2903 1195 2940 Animae,
1216 2912 1284 2943 cap.
1299 2913 1339 2933 1x.

277 2951 363 2991 Ergo
380 2956 427 2981 est
441 2948 550 2979 relatio
567 2947 668 2978 realis.
683 2964 702 2970 -
717 2947 758 2978 Et
773 2946 986 2978 confirmatur.
1002 2947 1095 2984 Quia,
1113 2947 1235 2977 secluso
1251 2946 1341 2977 omni

277 2994 447 3031 intellectu,
463 2992 563 3023 Filius
587 2999 632 3022 est
655 2990 776 3021 realiter
798 2990 937 3032 aequalis
952 2991 1049 3021 Patri:
1074 3000 1148 3030 ergo
1168 2990 1272 3031 aliqua
1291 3000 1340 3021 ae-

278 3038 428 3080 qualitate
451 3037 604 3078 aequalis:
630 3045 704 3076 ergo
720 3045 786 3066 non
803 3034 987 3076 aequalitate
1002 3044 1083 3075 quae
1107 3042 1153 3065 est
1169 3034 1278 3065 relatio
1294 3044 1340 3064 ra-

277 3082 382 3113 tionis.

336 3126 506 3162 Praeterea,
529 3125 633 3165 inquit
656 3124 782 3159 Scotus,
808 3122 833 3153 si
857 3129 937 3154 esset
958 3122 1162 3163 inaequalitas
1180 3122 1261 3153 inter
1282 3122 1340 3152 Pa-

279 3177 361 3201 trem
376 3176 407 3200 et
426 3169 542 3205 Flium,
563 3175 644 3199 esset
665 3168 774 3199 relatio
797 3167 902 3197 realis:
923 3176 997 3207 ergo
1021 3166 1190 3207 aequalitas
1214 3172 1260 3196 est
1278 3175 1342 3196 rea-

278 3214 327 3245 lis.
343 3232 363 3236 —
377 3214 418 3244 Et
441 3212 653 3244 confirmatur.
674 3211 833 3242 Invenitur
851 3211 1055 3252 inaequalitas
1078 3210 1214 3251 perfecta
1235 3210 1268 3240 in
1291 3217 1340 3240 re:

281 3268 355 3298 ergo
380 3264 411 3288 et
429 3257 609 3298 aequalitas.
635 3257 696 3287 Sed
715 3255 802 3286 nulla
818 3261 922 3296 potest
937 3264 1003 3285 esse
1022 3254 1080 3284 nisi
1096 3254 1129 3284 in
1149 3254 1260 3284 divinis
1276 3264 1343 3294 per-

281 3301 383 3332 sonis:
409 3301 563 3342 quoniam
579 3300 683 3331 omnis
700 3300 760 3330 alia
783 3299 939 3340 quantitas
963 3305 1009 3329 est
1030 3297 1222 3338 imperfecta.
1245 3298 1341 3338 Ergo,

339 3346 392 3376 IX.
417 3345 468 3375 Ad
492 3345 680 3375 evidentiam
703 3344 834 3380 horum,
859 3343 983 3373 adverte
1006 3342 1095 3383 quod
1119 3341 1258 3372 defectus
1281 3341 1342 3381 pri-

282 3399 353 3420 mae
377 3389 566 3420 conditionis
585 3389 706 3428 positae
724 3388 757 3418 in
773 3388 882 3423 littera,
903 3387 983 3417 idest
998 3386 1023 3416 si
1040 3396 1105 3416 non
1122 3392 1167 3416 est
1187 3385 1343 3416 distinctio

282 3433 372 3464 realis
396 3433 678 3463 fundamentorum
690 3432 716 3468 *‚
733 3431 826 3462 infert
844 3431 932 3472 quod
954 3429 1149 3471 impossibile
1169 3435 1216 3460 est
1234 3429 1344 3459 funda-

282 3485 329 3509 tas
353 3477 518 3508 relationes
543 3486 608 3506 esse
631 3476 736 3506 reales.
762 3475 925 3512 Quoniam
947 3474 1016 3514 ipsa
1038 3480 1112 3504 sunt
1134 3483 1215 3514 quae
1238 3472 1342 3513 primo

283 3522 473 3557 referuntur,
498 3520 579 3551 sicut
597 3519 708 3550 albedo
732 3519 836 3559 primo
865 3519 1034 3559 disgregat:
1059 3524 1090 3548 et
1112 3517 1150 3547 de
1174 3517 1218 3548 eis
1240 3516 1344 3557 primo

283 3565 480 3605 intelligitur,
504 3574 579 3595 cum
603 3563 715 3594 dicitur
737 3563 826 3604 quod
854 3563 985 3602 exigitur
1008 3561 1164 3592 distinctio
1193 3567 1345 3591 extremo-

284 3617 372 3641 rum:
397 3619 463 3640 esse
492 3608 577 3639 enim
605 3607 734 3648 aequale
762 3606 866 3647 primo
890 3606 1037 3637 convenit
1066 3611 1202 3646 quanto,
1228 3611 1259 3635 et
1281 3604 1345 3635 cui-

2362 266 2440 314 437

1378 355 1516 386 cumque
1539 347 1695 377 substrato
1718 346 1768 376 vel
1792 346 1962 377 coniuncto
1983 356 2049 376 non
2072 345 2217 376 convenit
2237 345 2297 376 nisi
2321 346 2442 377 ratione

1378 397 1498 431 quanti.

1434 434 1578 465 Secunda
1601 440 1708 465 autem
1736 434 1876 464 conditio
1900 444 1966 464 non
1990 433 2063 465 facit
2090 434 2255 465 relationes
2279 443 2344 464 non
2375 442 2441 464 esse

1379 478 1492 508 reales:
1516 478 1570 508 sed
1594 478 1666 509 facit
1689 488 1740 508 eas
1770 488 1832 508 non
1856 488 1924 509 esse
1946 479 2029 509 alias
2051 488 2072 509 a
2087 478 2324 519 fundamentis.
2349 477 2443 509 Unde

1379 522 1536 562 quaelibet
1559 522 1624 552 duo
1646 522 1828 553 correlativa
1851 522 1984 552 realibus
2003 522 2207 553 relationibus
2229 522 2440 562 oppositionIs

1379 572 1588 606 opponuntur
1606 566 1646 596 ad
1661 566 1806 602 invicem,
1824 566 1878 596 sed
1894 573 1968 596 sunt
1986 566 2105 597 illamet
2124 566 2320 597 correlativa:
2341 566 2442 606 seipsa

1380 609 1465 640 enirn
1488 610 1655 650 paternitas
1679 610 1853 650 opponitur
1875 610 2000 640 relative
2023 609 2176 640 filiationi.
2202 610 2243 640 Et
2266 616 2441 650 propterea,

1380 653 1404 684 si
1428 653 1530 694 prima
1553 653 1693 684 conditio
1712 664 1778 684 non
1802 653 1954 690 deficeret,
1972 654 2142 695 aequalitas
2161 654 2232 684 Filii
2255 654 2295 684 ad
2317 655 2442 684 Patrem

1381 704 1461 728 esset
1482 698 1551 738 ipsa
1573 696 1693 734 filiatio,
1710 704 1739 728 et
1757 698 1855 728 Patris
1879 698 1919 728 ad
1942 698 2059 728 Filium
2083 705 2162 729 esset
2184 698 2362 738 paternitas.

1440 742 1478 772 X.
1499 742 1591 772 Unde
1608 742 1647 772 ad
1662 742 1818 772 rationem
1833 741 1970 781 primam
1982 741 2000 761 *
2017 742 2138 778 dicitur,
2154 742 2243 782 quod
2257 742 2442 773 antecedens

1381 791 1427 816 est
1442 795 1515 816 sane
1538 785 1788 826 intelligendum.
1811 786 1919 816 Potest
1935 786 2019 816 enim
2034 785 2199 826 dupliciter
2217 786 2363 826 intelligi:
2381 786 2442 826 pri-

1382 839 1446 866 mo,
1471 836 1507 860 ut
1530 836 1643 860 sonant
1661 830 1764 865 verba,
1789 829 1905 860 scilicet
1923 830 2012 870 quod
2030 830 2133 860 unitas
2150 830 2331 870 quantitatis
2351 830 2444 860 faciat

1381 873 1525 914 aequale;
1549 873 1611 904 alio
1635 874 1748 910 modo,
1772 873 1861 914 quod
1883 873 2002 909 unitas,
2027 874 2106 904 idest
2128 873 2319 904 indistinctio
2343 884 2443 914 quan-

1381 917 1475 948 titatis
1505 918 1543 948 ab
1571 917 1630 947 alia
1658 918 1834 948 secundum
1862 917 1965 947 maius
1989 925 2019 948 et
2042 918 2162 954 minus,
2187 917 2280 948 faciat
2302 918 2442 958 aequale.

1382 962 1512 998 Rursus,
1529 962 1664 1002 aequale
1686 968 1790 1001 potest
1813 961 1977 1001 dupliciter
2000 962 2100 992 sumi:
2126 972 2192 992 uno
2214 962 2323 998 modo,
2345 968 2381 992 ut
2403 962 2443 992 si-

1382 1004 1508 1045 gnificat
1526 1005 1710 1036 relationem
1725 1005 1918 1047 aequalitatis
1938 1006 2068 1042 realem;
2089 1005 2151 1036 alio
2170 1006 2279 1042 modo,
2299 1012 2336 1036 ut
2351 1005 2444 1046 signi-

1383 1048 1455 1080 ficat
1469 1049 1691 1090 aequalitatem
1706 1049 1892 1086 indistincte,
1908 1049 1971 1079 sive
1986 1049 2161 1080 secundum
2175 1059 2242 1080 rem
2258 1050 2323 1080 sive
2336 1059 2443 1081 non.-

1384 1093 1416 1124 Si
1440 1093 1544 1133 primo
1567 1093 1667 1123 modo
1691 1100 1834 1124 sumatur
1857 1094 2051 1130 antecedens,
2068 1103 2180 1124 verum
2196 1101 2242 1124 est
2260 1094 2298 1124 de
2322 1093 2445 1135 aequali

1384 1137 1524 1168 secundo
1548 1137 1662 1173 modo,
1687 1137 1767 1168 idest
1789 1137 1920 1168 confuse
1944 1144 2087 1178 sumpt03
2112 1144 2143 1168 et
2165 1147 2232 1168 non
2251 1137 2289 1168 de
2308 1137 2444 1179 aequali-

1385 1188 1455 1218 tate,
1479 1181 1560 1211 idest
1582 1181 1656 1211 reali
1670 1181 1834 1218 relatione;
1860 1187 1891 1212 et
1912 1181 1984 1211 ideo
2008 1181 2087 1212 ratio
2103 1181 2182 1212 nihil
2197 1182 2288 1213 valet.
2306 1200 2327 1204 -
2342 1182 2375 1213 Si
2399 1191 2444 1212 se-

1385 1224 1491 1255 cundo
1515 1225 1623 1260 modo,
1648 1225 1833 1255 antecedens
1856 1235 1968 1256 verum
1986 1232 2032 1256 est
2047 1225 2086 1255 de
2102 1225 2287 1267 aequalitate
2309 1226 2398 1256 reali:
2415 1232 2446 1257 et

1386 1275 1432 1299 est
1454 1268 1540 1298 radix
1563 1268 1730 1308 positionis
1754 1275 1888 1299 nostrae.

1451 1312 1493 1343 Et
1508 1322 1545 1343 ex
1559 1312 1606 1342 his
1625 1319 1711 1352 patet
1738 1312 1827 1353 quod
1850 1313 1988 1343 secunda
2010 1313 2088 1343 ratio
2117 1313 2198 1343 male
2228 1313 2447 1353 interpretatur

1386 1356 1583 1387 conditiones
1598 1356 1788 1387 relationum
1811 1357 1959 1387 realium:
1984 1357 2098 1387 debent
2120 1357 2206 1387 enim
2229 1364 2364 1388 extrema
2382 1368 2447 1388 rea-

1385 1400 1455 1432 liter
1483 1400 1633 1440 distingui
1667 1400 1842 1431 secundum
1862 1400 2104 1441 fundamenta,
2129 1401 2154 1432 si
2177 1401 2343 1432 relationes
2374 1408 2449 1433 sunt

1386 1444 1618 1486 praeexigentes
1642 1444 1857 1475 fundamenta.

1445 1489 1497 1519 Ad
1519 1488 1647 1519 tertium
1669 1495 1776 1519 autem
1800 1489 1911 1520 dicitur
1940 1489 2114 1530 dupliciter.
2138 1489 2262 1526 Primo,
2291 1490 2380 1530 quod
2401 1499 2448 1520 re-

1387 1533 1520 1564 lationes
1544 1532 1672 1573 originis
1697 1532 1868 1564 fundantur
1891 1543 1985 1573 super
2008 1533 2127 1564 actibus
2158 1534 2382 1565 notionalibus.
2407 1533 2448 1565 Et

1388 1587 1462 1608 cum
1481 1577 1602 1613 dicitur,
1623 1577 1672 1607 illi
1689 1582 1764 1608 sunt
1780 1587 1833 1608 res
1847 1578 2059 1618 respectivae:
2081 1578 2288 1618 respondetur
2306 1578 2394 1619 quod
2413 1588 2450 1608 ex

1387 1622 1450 1652 hoc
1472 1622 1552 1652 bene
1575 1621 1726 1662 sequitur,
1743 1631 1823 1663 ergo
1846 1622 2018 1652 relationes
2031 1622 2168 1662 originis
2184 1632 2246 1652 non
2266 1628 2342 1653 sunt
2364 1623 2450 1653 aliae

1388 1667 1562 1697 relationes
1576 1666 1617 1696 ab
1640 1666 1704 1697 illis
1709 1673 1722 1703 ;
1745 1672 1775 1696 et
1790 1675 1856 1696 non
1880 1666 2030 1706 sequitur,
2048 1675 2127 1707 ergo
2151 1675 2214 1696 non
2228 1672 2304 1697 sunt
2321 1667 2449 1698 relatio-

1389 1720 1445 1742 nes
1468 1710 1582 1741 reales.
1599 1728 1619 1732 -
1635 1709 1781 1741 Secundo
1805 1709 1927 1746 dicitur,
1943 1717 1974 1740 et
1992 1710 2116 1746 melius,
2132 1711 2220 1751 quod
2239 1711 2292 1741 illa
2308 1711 2449 1742 conditio

1388 1754 1571 1795 intelligitur
1585 1754 1623 1784 de
1638 1754 1841 1785 relationibus
1858 1753 2085 1794 inexigentibus
2101 1753 2354 1786 fundamentum.
2369 1755 2451 1786 Sunt

1389 1799 1475 1830 enim
1502 1798 1668 1829 relationes
1696 1798 1830 1839 duplicis
1858 1798 1987 1829 ordinis.
2018 1798 2184 1836 Quaedam
2211 1798 2315 1830 ferunt
2341 1809 2449 1830 secum

1389 1853 1455 1874 non
1471 1842 1578 1873 solum
1593 1842 1808 1879 fundamenta,
1826 1842 1880 1873 sed
1896 1842 1991 1873 etiam
2006 1842 2184 1883 supposita:
2202 1849 2232 1873 et
2247 1843 2305 1874 hae
2317 1850 2392 1874 sunt
2405 1853 2450 1874 re-

1388 1887 1520 1918 lationes
1539 1887 1679 1927 originis,
1693 1896 1772 1927 quas
1788 1886 1925 1917 diximus
1938 1885 1956 1904 ⁸
1976 1887 2164 1917 constituere
2180 1887 2373 1928 hypostases,
2391 1893 2448 1919 etc.

1390 1931 1556 1969 Quaedam
1578 1941 1653 1962 vero
1676 1941 1743 1961 non
1766 1930 1883 1967 ferunt,
1906 1931 1961 1961 sed
1983 1937 2171 1971 supponunt
2193 1930 2398 1962 fundamenta
2420 1938 2451 1962 et

1388 1976 1587 2017 hypostases:
1612 1982 1643 2006 et
1665 1975 1743 2006 tales
1765 1981 1839 2006 sunt
1859 1974 2029 2016 aequalitas
2053 1981 2084 2006 et
2106 1975 2291 2007 similitudo.
2316 1976 2357 2006 Et
2377 1976 2451 2006 ideo

1389 2020 1460 2050 illae
1482 2019 1590 2056 reales,
1606 2019 1683 2050 istae
1707 2029 1782 2050 non.
1796 2037 1816 2042 -
1831 2019 1872 2050 Et
1887 2029 1943 2059 per
1965 2018 2026 2049 hoc
2049 2025 2134 2059 patet
2153 2019 2270 2050 solutio
2289 2020 2450 2051 rationum

1390 2064 1475 2095 Scoti
1492 2064 1525 2094 in
1543 2063 1747 2101 Quodlibetis.
1767 2063 1946 2094 Procedunt
1968 2063 2053 2093 enim
2068 2073 2104 2093 ex
2125 2063 2196 2100 hoc,
2217 2064 2305 2105 quod
2320 2063 2451 2095 essentia

1391 2115 1437 2139 est
1452 2108 1696 2139 fundamentum
1714 2107 1905 2138 relationum
1921 2107 2065 2148 originis:
2082 2107 2171 2148 quod
2187 2117 2253 2138 non
2269 2115 2315 2139 est
2328 2118 2450 2145 verum,

1390 2152 1516 2193 proprie
1539 2152 1713 2193 loquendo.

1450 2197 1500 2227 Ad
1525 2195 1799 2226 confirmationem
1820 2206 1895 2226 vero
1920 2196 1958 2226 de
1974 2195 2126 2232 albedine,
2150 2202 2282 2235 negatur
2301 2197 2450 2237 quodibi

1392 2248 1472 2272 esset
1490 2240 1674 2276 similitudo,
1691 2250 1749 2280 pro
1773 2239 1923 2270 relatione
1939 2240 2026 2270 reali:
2047 2240 2105 2270 nisi
2125 2239 2205 2270 forte
2220 2240 2339 2271 ratione
2354 2240 2453 2271 diver-

1392 2294 1499 2315 sarum
1528 2283 1666 2324 partium
1693 2283 1793 2324 ipsius
1821 2283 1973 2314 albedinis
1997 2290 2156 2320 extensae,
2188 2285 2276 2325 quod
2300 2291 2346 2315 est
2369 2291 2453 2316 extra

1392 2328 1604 2370 propositum.

1449 2373 1502 2403 XI.
1527 2373 1578 2403 Ad
1594 2382 1629 2402 ea
1651 2382 1726 2403 vero
1750 2382 1831 2413 quae
1854 2371 1958 2412 primo
1983 2378 2091 2403 contra
2114 2372 2352 2403 conclusionem
2375 2373 2452 2403 obii-

1393 2418 1519 2448 ciuntur
1533 2417 1559 2453 *,
1576 2416 1670 2447 unica
1688 2422 1734 2447 est
1749 2416 1922 2456 responsio,
1938 2416 2027 2456 quod
2042 2416 2140 2447 Filius
2157 2423 2211 2453 est,
2227 2417 2348 2447 secluso
2364 2417 2453 2447 omni

1393 2461 1568 2497 intellectu,
1592 2470 1664 2490 vere
1692 2467 1722 2490 et
1744 2460 1865 2490 realiter
1887 2460 2026 2500 aequalis
2049 2460 2131 2490 Patri
2161 2461 2268 2501 quoad
2298 2461 2451 2491 unitatem

1394 2504 1543 2535 essentiae
1563 2511 1593 2534 et
1616 2503 1850 2534 distinctionem
1872 2513 2088 2543 personarum,
2109 2511 2140 2534 et
2162 2504 2268 2544 quoad
2291 2505 2453 2535 relativam

1393 2548 1638 2589 appellationem
1661 2547 1948 2578 fundamentaliter:
1974 2547 2049 2578 haec
2072 2547 2157 2578 enim
2179 2548 2273 2578 habet
2295 2558 2333 2579 ex
2349 2548 2380 2578 vi
2399 2559 2451 2589 ge-

1393 2591 1572 2623 nerationis.
1590 2591 1631 2622 Et
1647 2591 1690 2622 sic
1706 2598 1752 2622 est
1766 2591 1867 2631 prima
1882 2590 2065 2631 aequalitas;
2083 2598 2113 2622 et
2128 2601 2194 2622 non
2209 2602 2265 2632 per
2280 2592 2451 2623 realitatem

1393 2637 1515 2668 additae
1538 2635 1707 2666 relationis.
1731 2635 1818 2666 Sicut
1840 2635 1935 2665 etiam
1957 2635 2056 2666 Filius
2075 2642 2121 2666 est
2135 2635 2220 2666 idem
2239 2636 2297 2666 sibi
2312 2636 2372 2676 ipsi
2387 2646 2451 2667 rea-

1394 2681 1520 2717 lissime,
1546 2680 1668 2710 secluso
1693 2679 1782 2710 omni
1804 2679 1973 2715 intellectu,
1991 2686 2021 2710 et
2035 2679 2097 2710 hoc
2115 2679 2208 2710 habet
2223 2689 2241 2710 a
2256 2680 2355 2717 Patre,
2376 2687 2451 2717 etc.;

1394 2732 1425 2756 et
1443 2732 1548 2756 tamen
1563 2734 1629 2754 non
1648 2723 1797 2764 sequitur,
1815 2733 1894 2764 ergo
1917 2723 2031 2754 relatio
2048 2723 2221 2754 identitatis
2233 2725 2292 2755 sibi
2314 2730 2360 2755 est
2375 2734 2448 2755 rea-

1395 2771 1454 2807 lis;
1477 2775 1523 2799 est
1546 2768 1630 2799 enim
1653 2768 1738 2798 idern
1761 2767 1819 2797 sibi
1848 2767 2008 2797 identitate
2023 2767 2327 2808 fundamentaliter.
2347 2769 2388 2799 Et
2410 2768 2452 2799 ita

1394 2813 1492 2844 Filius
1515 2811 1653 2853 aequalis
1685 2811 1870 2852 aequalitate
1899 2811 2174 2842 fundamentaliter
2204 2819 2340 2852 sumpta.
2365 2813 2451 2843 Haec

1395 2857 1479 2888 enim
1501 2856 1648 2887 instantia
1663 2855 1840 2886 manifestat
1854 2854 1967 2885 vitium
1983 2855 2208 2886 obiectionum.
2222 2873 2242 2878 -
2257 2856 2322 2886 Nec
2339 2862 2384 2886 est
2399 2866 2451 2886 ve-

1394 2911 1467 2932 rum
1489 2900 1578 2941 quod
1596 2899 1774 2940 aequalitas,
1799 2898 1970 2930 formaliter
1988 2905 2123 2939 sumpta,
2144 2899 2184 2930 sit
2205 2898 2353 2939 perfectio
2377 2899 2452 2930 sim-

1394 2945 1523 2985 pliciter.
1554 2944 1620 2974 Nec
1649 2943 1848 2983 Augustinus
1878 2942 1940 2973 hoc
1964 2943 2054 2979 dicit,
2086 2943 2230 2984 quamvis
2253 2943 2335 2973 dicat
2363 2943 2452 2984 quod

1394 2989 1617 3029 aequalitatem
1628 2987 1849 3027 inaequalitati
1862 2988 1933 3017 iure
1938 2988 2122 3027 praeponis.
2134 2987 2253 3017 Album
2265 2987 2350 3017 enim
2361 2987 2451 3027 nigro

1395 3033 1462 3063 iure
1484 3041 1669 3072 praepones,
1685 3037 1716 3062 et
1733 3038 1839 3061 tamen
1862 3037 2011 3061 neutrum
2027 3037 2073 3061 est
2095 3030 2243 3071 perfectio
2259 3030 2450 3071 simpliciter.

1396 3077 1480 3107 Scito
1504 3083 1610 3106 tamen
1632 3075 1805 3113 veritatem,
1828 3075 1918 3115 quod
1938 3075 2084 3115 aequale,
2108 3084 2174 3105 non
2197 3075 2304 3115 quoad
2326 3075 2451 3106 relatio-

1395 3130 1479 3156 nem,
1496 3119 1550 3150 sed
1573 3119 1680 3160 quoad
1703 3118 1955 3154 fundamentum,
1971 3117 2174 3158 praeponitur
2194 3118 2360 3159 inaequali,
2378 3118 2453 3159 quia

1396 3174 1498 3195 unum
1514 3162 1720 3203 praeponitur
1734 3162 1847 3198 multo,
1859 3169 1890 3193 et
1903 3162 1984 3193 sicut
1996 3172 2098 3192 unum
2115 3162 2319 3202 praeponitur
2333 3162 2450 3193 multo:

1396 3218 1499 3239 unum
1515 3214 1621 3238 autem
1639 3206 1864 3247 perfectionem
1880 3206 2060 3246 simpliciter
2074 3216 2139 3236 non
2156 3205 2238 3242 dicit,
2256 3205 2315 3235 nisi
2331 3216 2385 3236 ens
2400 3206 2452 3236 de-

1397 3252 1598 3283 nominatum
1614 3260 1716 3281 unum
1731 3250 1771 3281 sit
1785 3250 1933 3290 perfectio
1950 3249 2140 3289 simpliciter.
2157 3250 2198 3280 Et
2215 3256 2380 3290 propterea
2403 3259 2452 3280 ae-

1397 3296 1489 3337 quale
1508 3305 1526 3325 a
1539 3304 1651 3335 genere
1666 3294 1896 3334 perfectionum
1912 3293 2092 3333 simpliciter
2109 3299 2156 3324 est
2173 3293 2263 3323 valde
2282 3299 2451 3324 remotum.

1455 3340 1521 3370 Nec
1536 3338 1657 3369 realitas
1678 3338 1916 3378 inaequalitatis,
1936 3337 1961 3367 si
1985 3343 2065 3367 esset
2087 3337 2120 3367 in
2143 3337 2265 3373 divinis,
2281 3337 2374 3368 infert
2388 3347 2453 3368 rea-

1398 3384 1518 3414 litatem
1541 3382 1745 3423 aequalitatis.
1771 3381 1933 3418 Quoniam
1956 3381 2008 3411 ina
2035 3380 2129 3411 habet
2158 3381 2236 3411 duas
2265 3381 2455 3422 quantitates

1398 3436 1531 3458 numero
1547 3426 1714 3462 distinctas,
1730 3425 1883 3455 maiorem
1897 3425 2011 3456 scilicet
2023 3431 2052 3455 et
2066 3424 2238 3455 minorem:
2255 3425 2332 3455 haec
2347 3431 2454 3456 autem

1399 3481 1497 3502 unam
1515 3476 1639 3501 tantum
1658 3470 1696 3500 de
1724 3469 1806 3500 facto
1825 3469 1927 3499 habet.
1942 3486 1962 3491 —
1976 3469 2023 3498 De
2050 3468 2240 3508 perfectione
2269 3475 2376 3499 autem
2405 3479 2454 3499 ae-

1399 3514 1556 3556 qualitatis
1579 3513 1742 3553 dupliciter
1761 3512 1914 3552 contingit
1930 3512 2036 3553 loqui:
2061 3511 2175 3543 scilicet
2193 3512 2346 3549 absolute,
2367 3519 2399 3543 et
2419 3519 2456 3543 ut

1399 3559 1487 3589 realis
1511 3557 1629 3588 relatio.
1653 3557 1694 3587 Et
1708 3563 1843 3597 utroque
1861 3556 1959 3586 modo
1984 3556 2123 3586 concedo
2137 3556 2226 3596 quod
2249 3556 2406 3587 invenitur
2421 3556 2454 3586 in

1400 3613 1432 3633 re
1447 3601 1582 3643 perfecta
1598 3600 1781 3641 aequalitas:
1806 3600 1861 3630 sed
1876 3600 1979 3640 primo
1995 3600 2093 3630 modo
2113 3607 2249 3640 sumpta,
2269 3600 2302 3630 in
2325 3600 2453 3636 divinis;

2469 749 2478 758 ”
2493 747 2529 770 Cf.
2543 753 2609 770 num.
2618 753 2659 769 vu.

2475 1890 2485 1902 ⁸
2500 1889 2548 1917 Qu.
2557 1895 2595 1916 ιι,
2610 1891 2652 1910 art.
2662 1895 2686 1916 4,

2476 1916 2607 1938 Comment-
2620 1921 2685 1937 num.

2475 1948 2523 1965 vm.

2480 2420 2490 2430 ·
2504 2419 2541 2442 Cf.
2555 2425 2618 2442 num.
2633 2423 2682 2441 vm.
