2768 4178
67 2374 76 2382 ·
92 2372 127 2394 Cf.
137 2377 202 2394 num.
214 2377 264 2399 seq.

66 2417 77 2428 ⁴*
91 2417 127 2438 Cf.
142 2422 206 2438 num.
217 2422 248 2438 iv.

66 2443 89 2455 ⁸*
104 2443 140 2465 Cf.
155 2449 218 2464 num.
229 2449 251 2464 v.

70 2901 79 2910 '
93 2899 129 2922 Cf.
144 2905 208 2921 num.
223 2904 247 2920 n.

69 3164 80 3175 ⁴
98 3163 134 3186 Cf.
150 3163 206 3186 ibid.

306 262 380 307 340

305 338 504 376 multitudo
525 338 578 374 sic
602 343 756 385 accepta
786 336 971 384 significat
990 348 1048 372 res
1069 336 1147 372 illas
1168 348 1255 372 cum
1275 335 1368 373 indi-

303 392 451 429 visione
471 390 485 416 t
505 390 602 427 circa
621 401 936 438 unamquamque
959 401 1104 425 earum.
1129 409 1153 415 -
1174 388 1369 425 Numerus

305 453 431 481 autem
452 443 518 491 qui
537 450 593 479 est
612 442 757 491 species
786 442 1014 490 quantitatis,
1043 440 1151 490 ponit
1170 440 1368 488 quoddam

305 498 479 535 accidens
508 495 678 533 additum
708 507 823 544 supra
850 507 918 532 ens
937 503 971 532 ηε
1002 502 1038 531 et
1061 493 1229 530 similiter
1246 506 1367 531 unum

305 550 409 599 quod
439 557 494 586 est
521 548 750 598 principium
779 548 940 585 numeri.

358 602 529 639 Termini
557 614 646 650 ergo
674 598 891 638 humerales
920 599 1131 648 significant
1163 600 1202 636 in
1232 600 1368 637 divinis

303 656 364 692 illa
385 655 431 692 de
451 654 588 704 quibus
617 654 803 701 dicuntur,
824 661 860 690 et
879 665 993 702 super
1020 652 1095 689 hoc
1114 652 1205 689 nihil
1224 653 1370 691 addunt

304 708 375 745 nisi
400 707 662 755 negationem,
692 714 734 744 ut
761 706 903 744 dictum
937 713 1011 742 est:
1042 712 1078 742 et
1105 713 1290 753 quantum
1319 707 1368 743 ad

304 762 389 808 hoc,
418 760 617 798 veritatem
647 760 738 797 dixit
765 759 945 807 Magister
972 759 1010 795 in
1035 759 1241 795 Sententiis.
1270 759 1321 796 Ut
1339 757 1367 805 ⁰,

305 826 393 851 cum
424 813 601 860 dicimus,
631 813 787 850 essentia
821 818 876 849 est
907 824 1004 857 una,
1033 823 1155 848 unum
1184 811 1368 859 significat

305 867 507 904 essentiam
541 866 765 903 indivisam:
796 878 884 902 curn
914 864 1094 911 dicimus,
1122 875 1289 912 persona
1317 870 1372 901 est

305 932 393 967 una,
410 919 594 968 significat
612 930 819 968 personam
839 917 1059 955 indivisam:
1086 929 1173 953 cum
1195 916 1366 964 dicimus,

298 985 486 1021 personae
517 978 605 1009 sunt
632 972 783 1020 plures,
822 970 1080 1019 significantur
1115 969 1200 1006 illae
1236 982 1367 1018 perso-

304 1038 388 1072 nae,
406 1033 441 1062 et
460 1025 634 1063 indivisio
657 1025 754 1061 circa
772 1035 1086 1072 unamquamque
1108 1035 1256 1069 earum3
1279 1023 1369 1071 quia

305 1079 353 1116 de
387 1078 530 1115 ratione
563 1077 806 1115 multitudinis
836 1084 910 1123 est,
945 1076 1051 1124 quod
1084 1087 1130 1112 ex
1162 1075 1368 1113 unitatibus

305 1138 460 1168 constet.

357 1186 415 1220 Ao
436 1196 573 1220 pRtMUM
601 1195 699 1220 ERGO
719 1194 903 1219 DICENDUM
933 1181 1038 1229 quod
1059 1194 1193 1228 unum,
1215 1194 1303 1218 cum
1324 1182 1369 1218 sit

306 1237 352 1274 de
381 1236 747 1283 transcendentibus,
779 1243 834 1272 est
863 1234 1107 1272 communius
1136 1247 1252 1283 quam
1282 1235 1368 1271 sub-

305 1290 439 1327 stantia
474 1297 509 1326 et
541 1301 658 1339 quam
696 1289 848 1326 relatio:
886 1296 922 1325 et
949 1287 1118 1324 similiter
1154 1287 1367 1325 multitudo.

305 1343 416 1380 Unde
443 1350 568 1392 potest
592 1349 599 1363 ⁴
628 1349 724 1379 stare
753 1341 793 1379 in
820 1340 957 1378 divinis
990 1348 1026 1378 et
1053 1353 1124 1390 pro
1163 1340 1370 1378 substantia

307 1404 342 1433 et
374 1409 443 1444 pro
474 1395 674 1442 relatione,
714 1394 926 1432 secundum
960 1394 1066 1443 quod
1104 1394 1285 1443 competit
1311 1393 1369 1430 his

306 1449 444 1498 quibus
473 1448 697 1497 adiungitur.
728 1449 777 1485 Et
804 1455 934 1485 tamen
962 1459 1031 1495 per
1058 1446 1278 1484 huiusmodi
1303 1457 1370 1483 no*-

306 1503 430 1549 mina,
461 1514 574 1551 supra
603 1501 806 1538 essentiam
833 1501 895 1538 vel
928 1499 1170 1547 relationem,
1200 1500 1368 1547 additur,

357 1634 384 1665 ζ)
402 1641 462 1658 cum
482 1632 647 1657 indivisione.
661 1646 680 1650 -
697 1639 756 1657 cum
776 1631 906 1656 divisione
923 1631 1025 1655 ABDG.

359 1670 385 1700 η)
405 1676 459 1694 ens.
476 1682 496 1687 -
514 1675 557 1693 res
576 1667 677 1692 codices
697 1672 723 1692 et
740 1667 790 1692 ab.
808 1680 827 1685 -
846 1667 896 1692 Pro
914 1666 1053 1696 similiter,
1072 1673 1155 1698 supra
1173 1667 1204 1692 B.

359 1703 382 1737 θ)
407 1705 449 1728 Ut.
461 1718 479 1722 -
498 1703 571 1728 Unde
589 1703 660 1735 BpD.
672 1716 691 1721 -
709 1703 759 1727 Pro
777 1710 836 1728 cum
856 1701 968 1727 dicimus
986 1702 1069 1726 tribus
1088 1702 1151 1726 locis
1169 1709 1229 1726 cum
1249 1701 1308 1727 dico
1327 1709 1370 1726 co-

306 1741 374 1765 dices
394 1745 418 1764 et
437 1739 513 1764 editio
532 1746 559 1763 a.

983 257 1250 304 QUAESTIO
1279 257 1405 304 XXX,
1435 257 1731 294 ARTICULUS
1762 258 1811 294 111

1425 347 1470 372 ex
1490 347 1625 372 eorum
1646 335 1920 383 significatione
1939 337 2105 386 propria,
2126 339 2276 387 negatio
2296 340 2487 388 quaedam

1425 388 1620 425 divisionis
1641 395 1670 436 ⁸,
1700 396 1741 425 ut
1770 389 1913 426 dictum
1944 397 1999 426 est
2017 390 2047 427 ²¹⁶.

1476 443 1535 478 AD
1565 453 1755 479 SECUNDUM
1789 454 1973 479 DICENDUM
2011 443 2116 491 quod
2149 444 2350 482 multitudo
2389 458 2487 494 quae

1422 494 1531 542 ponit
1559 494 1699 543 aliquid
1727 494 1767 532 in
1795 495 1908 532 rebus
1938 496 2082 543 creatis,
2113 504 2169 533 est
2196 497 2342 545 species
2370 510 2488 546 quan-

1423 546 1554 593 titatis3
1586 559 1683 596 quae
1717 560 1796 584 non
1825 549 2071 586 transumitur
2109 549 2147 585 in
2182 550 2353 587 divinam
2381 563 2489 599 prae-

1424 599 1670 646 dicationem;
1701 601 1768 638 sed
1796 608 1944 638 tantum
1971 602 2175 639 multitudo
2205 603 2487 650 transcendens,

1424 664 1523 700 quae
1551 665 1630 690 non
1654 653 1757 691 addit
1786 666 1900 703 supra
1929 666 1974 690 ea
2003 655 2049 692 de
2079 656 2215 705 quibus
2245 656 2389 703 dicitur,
2419 655 2490 692 nisi

1422 704 1691 743 indivisionem
1721 706 1819 744 circa
1847 707 2004 754 singula.
2034 709 2083 745 Et
2110 708 2192 745 talis
2213 709 2415 747 multitudo
2436 708 2490 746 di—

1423 758 1518 794 citur
1546 758 1593 795 de
1622 759 1719 796 Deo.

1476 812 1535 847 AD
1563 822 1723 848 TERTlUM
1751 824 1935 850 DICENDUM
1964 814 2069 863 quod
2097 826 2218 851 unum
2245 827 2324 852 non
2349 822 2406 852 est
2433 827 2489 851 re—

1422 863 1611 900 motivum
1640 864 1908 912 multitudinis,
1948 867 2015 904 sed
2050 866 2268 915 divisionis,
2307 880 2405 916 quae
2435 875 2491 904 est

1422 915 1537 965 prior,
1559 917 1773 953 secundum
1793 917 1993 966 rationem,
2023 931 2140 967 quam
2167 932 2288 957 unum
2309 921 2373 958 vel
2393 921 2489 957 mul-

1423 968 1556 1006 titudo.
1586 969 1791 1006 Multitudo
1821 977 1949 1007 autem
1978 983 2058 1008 non
2086 981 2260 1010 removet
2282 973 2487 1011 unitatem:

1424 1021 1492 1058 sed
1512 1029 1685 1059 removet
1714 1022 1940 1060 divisionem
1970 1023 2067 1061 circa
2093 1026 2397 1074 unumquodque
2426 1039 2490 1064 eo-

1424 1086 1510 1112 rum
1531 1086 1576 1111 ex
1596 1074 1734 1123 quibus
1754 1083 1901 1112 constat
1919 1076 2133 1114 multitudo.
2164 1078 2214 1114 Et
2231 1079 2327 1115 haec
2346 1079 2490 1128 supra*

1425 1127 1595 1176 exposita
1624 1135 1721 1175 sunt,
1743 1140 1832 1165 cum
1862 1129 1909 1165 de
1938 1129 2067 1166 divina
2093 1130 2236 1167 unitate
2265 1138 2447 1179 ageretur.

1479 1180 1687 1217 Sciendum
1702 1188 1831 1218 tamen
1852 1180 1928 1218 est²
1939 1182 2044 1230 quod
2060 1183 2300 1220 auctoritates
2315 1184 2354 1221 in
2369 1197 2489 1233 oppo-

1424 1234 1535 1271 situm
1555 1233 1732 1270 inductae
1745 1234 1777 1281 ³¹⁶,
1794 1246 1872 1271 non
1886 1235 2051 1283 probant
2069 1236 2300 1274 sufficienter
2316 1238 2490 1287 proposi-

1423 1294 1517 1324 tum.
1548 1286 1654 1323 Licet
1674 1287 1776 1323 enim
1795 1287 2006 1336 pluralitate
2032 1289 2252 1326 excludatur
2274 1290 2438 1328 solitudo
2457 1298 2489 1339 ι’,

1424 1347 1461 1377 et
1487 1340 1628 1376 unitate
1649 1339 1810 1376 deorum
1830 1340 2033 1389 pluralitas,
2063 1354 2142 1379 non
2165 1350 2295 1380 tamen
2322 1344 2492 1394 sequitur

1424 1392 1530 1441 quod
1549 1393 1606 1430 his
1626 1392 1846 1430 nominibus
1864 1394 1940 1430 hoc
1964 1395 2090 1431 solum
2110 1395 2350 1442 significetur.
2375 1398 2490 1435 Albe-

1425 1445 1512 1483 dine
1533 1445 1635 1482 enim
1657 1445 1867 1483 excluditur
1886 1446 2062 1494 nigredo:
2087 1460 2166 1485 non
2185 1455 2314 1486 tamen
2334 1449 2490 1488 nomine

1424 1498 1608 1536 albedinis
1628 1499 1859 1547 significatur
1877 1500 1957 1536 sola
1976 1499 2180 1548 nigredinis
2199 1502 2377 1540 exclusio.

1479 1630 1497 1663 ι)
1512 1634 1611 1662 potest.
1629 1644 1648 1649 -
1662 1634 1778 1662 possunt
1795 1632 1825 1655 B.
1838 1631 1941 1656 -Idem
1961 1639 2009 1663 pro
2028 1631 2195 1664 adiungitur,
2215 1632 2423 1666 coniunguntur.

1477 1666 1502 1698 κ)
1523 1666 1670 1692 divisionis.
1689 1680 1708 1684 -
1726 1666 1752 1691 in
1772 1666 1870 1691 divinis
1889 1666 1920 1696 G.
1941 1667 2108 1692 indivisionis
2127 1667 2204 1692 ceteri
2223 1673 2249 1692 et
2266 1668 2307 1693 ed.
2321 1676 2347 1694 a.

1476 1700 1505 1734 λ)
1525 1704 1613 1726 tamen
1633 1704 1680 1726 est.
1698 1715 1717 1720 —
1735 1705 1774 1726 est
1792 1704 1882 1726 autem
1901 1702 2012 1733 codices,
2031 1706 2119 1728 autem
2138 1706 2178 1728 est
2196 1703 2254 1728 edd.
2273 1704 2323 1729 ab.

1477 1735 1505 1771 μ)
1524 1736 1650 1761 solitudo.
1668 1750 1686 1755 —
1704 1736 1855 1762 sollicitudo
1873 1737 1928 1762 FG.

971 1832 1302 1865 Commentario.
1324 1832 1573 1865 Car-dinalis
1595 1831 1795 1864 Caietam

336 1935 356 1955 N
379 1924 482 1960 titulo,
508 1923 636 1954 termini
660 1923 843 1953 numerales
866 1928 940 1952 sunt
969 1931 1071 1959 unus,
1095 1921 1176 1959 duo,
1201 1927 1286 1960 tres,
1310 1927 1368 1951 etc.

309 1939 458 1999 IPonere
473 1967 606 2008 aliquid,
624 1973 670 1997 est
684 1965 857 2006 significare
879 1965 999 2007 aliquid
1012 1965 1196 2006 positivum.
1222 1965 1267 1996 Ita
1282 1965 1371 2006 quod

305 2023 415 2045 sensus
439 2019 499 2042 est:
525 2011 610 2042 Cum
634 2010 767 2040 dicimus
790 2010 879 2051 quod
901 2010 992 2040 Pater
1014 2016 1045 2040 et
1067 2009 1165 2040 Filius
1189 2016 1264 2040 sunt
1287 2009 1369 2046 duo,

305 2069 345 2088 an
368 2057 400 2098 ly
423 2057 486 2087 duo
510 2054 666 2096 praedicet
682 2054 801 2095 aliquid
815 2053 959 2094 positive,
980 2060 1016 2084 ut
1031 2055 1158 2094 sapiens
1178 2060 1233 2084 aut
1253 2054 1352 2084 Pater
1359 2061 1371 2091 ;

308 2113 348 2132 an
372 2101 474 2131 solam
497 2099 708 2139 negationem,
733 2105 770 2130 ut
793 2098 825 2139 ly
849 2099 1066 2138 incorporeus.

363 2146 400 2176 11.
419 2145 453 2175 In
469 2153 602 2184 corpore
625 2149 763 2183 quatuor
781 2142 863 2173 facit.
879 2142 998 2179 Primo,
1014 2142 1108 2173 refert
1124 2142 1202 2173 duas
1219 2148 1370 2173 extremas

306 2189 492 2230 opiniones:
517 2188 647 2218 alteram
669 2186 819 2226 Magistri,
836 2186 868 2217 in
892 2197 963 2216 xxrv
986 2186 1187 2218 distinctione
1202 2186 1308 2223 Primi,
1325 2193 1371 2217 te-

306 2233 408 2264 nentis
436 2232 538 2263 solam
561 2231 762 2270 negationem
794 2230 842 2261 his
866 2230 1007 2261 terminis
1031 2229 1212 2270 significari;
1241 2231 1371 2261 alteram

307 2277 498 2318 oppositam.
523 2275 680 2311 Secundo,
698 2274 789 2315 ponit
812 2274 973 2314 quandam
993 2273 1227 2305 distinctionem
1246 2274 1285 2304 de
1301 2274 1371 2314 plu-

306 2322 435 2357 ralitate,
459 2329 518 2360 pro
542 2319 751 2350 fundamento
776 2324 841 2349 tam
864 2317 1000 2349 veritatis
1023 2317 1248 2354 inveniendae,
1273 2328 1371 2358 quam

307 2365 418 2397 erroris
436 2363 555 2395 vitandi
570 2363 595 2394 *.
616 2362 736 2398 Tertio,
753 2362 1026 2402 praerecitatarum
1045 2362 1238 2402 opinionum
1253 2361 1370 2393 radices

307 2408 444 2441 ostendit
456 2408 483 2438 *.
509 2408 641 2445 Quarto,
666 2407 836 2447 respondet
859 2406 1096 2437 determinando
1110 2406 1154 2437 **.

365 2454 415 2484 111.
433 2452 550 2489 Quoad
567 2451 742 2482 secundum
762 2448 852 2493 (quia
864 2452 1009 2491 primum
1025 2448 1134 2493 patet),
1151 2450 1310 2482 distinctio
1325 2458 1371 2481 est

305 2498 381 2529 ista:
407 2496 571 2527 Pluralitas
595 2501 641 2526 est
663 2494 789 2535 duplex,
815 2495 930 2526 scilicet
953 2495 1142 2532 materialis,
1159 2501 1190 2526 et
1207 2499 1370 2525 transcen-

305 2543 392 2573 dens.
418 2541 458 2571 Et
473 2540 626 2581 probatur
648 2539 702 2570 sic.
727 2538 848 2569 Divisio
864 2545 911 2569 est
929 2538 1055 2579 duplex,
1080 2538 1198 2570 scilicet
1217 2538 1368 2576 continui,

306 2593 337 2617 et
351 2584 572 2626 oppositarum
584 2583 634 2614 vel
649 2583 843 2614 diversarum
854 2583 1044 2613 formarum:
1063 2592 1137 2623 ergo
1153 2589 1184 2613 et
1197 2582 1368 2622 pluralitas,

306 2629 460 2671 quoniam
483 2628 672 2658 divisionem
695 2627 847 2668 sequitur.

359 2674 400 2704 Et
423 2672 663 2703 manifestantur
685 2672 828 2702 membra
851 2670 1060 2702 distinctionis
1083 2680 1120 2702 ex
1148 2670 1272 2701 duabus
1302 2671 1370 2702 aliis

308 2717 497 2753 differentiis,
515 2723 636 2756 praeter
654 2716 846 2757 praedictam
869 2715 1055 2746 radicalem:
1080 2715 1154 2756 quia
1173 2715 1290 2746 scilicet
1304 2725 1370 2746 ma-

306 2761 420 2793 terialis
444 2767 490 2791 est
512 2760 630 2801 species
653 2759 844 2800 quantitatis,
865 2759 1086 2790 transcendens
1109 2766 1217 2790 autern
1232 2759 1265 2790 in
1281 2760 1370 2791 nullo

307 2813 354 2836 est
376 2814 496 2846 genere.
521 2804 563 2835 Et
585 2814 711 2840 rursus,
734 2803 788 2834 illa
811 2814 877 2834 non
893 2810 939 2834 est
955 2803 1014 2834 nisi
1030 2803 1063 2834 in
1080 2804 1219 2845 quantis,
1243 2803 1301 2834 ista
1325 2810 1371 2835 est

307 2850 340 2880 in
363 2848 510 2889 separatis
534 2859 552 2878 a
575 2848 713 2879 materia.

365 2893 416 2924 IV.
442 2892 560 2931 Quoad
582 2893 710 2923 tertium
726 2891 752 2928 *,
777 2898 910 2932 utraque
929 2891 1040 2932 opinio
1056 2891 1158 2923 solam
1177 2891 1371 2923 materialem

307 2937 563 2973 multitudinem,
595 2946 676 2977 quae
706 2945 860 2966 numerus
882 2942 1030 2972 vocatur,
1055 2935 1205 2976 inspexit:
1230 2936 1284 2967 sed
1307 2936 1370 2966 alio

308 2982 384 3013 calle
407 2981 542 3017 incessit,
562 2981 640 3011 dum
662 2979 935 3020 imperfectionem
957 2980 1061 3017 altera,
1082 2980 1178 3011 altera
1199 2990 1275 3011 vero
1299 2980 1371 3011 ulti-

308 3036 394 3056 mam
411 3024 626 3060 differentiam,
644 3024 734 3065 quasi
750 3024 869 3064 absque
884 3023 1133 3064 imperfectione,
1152 3023 1369 3055 consideravit.

308 3070 348 3101 Et
372 3069 415 3100 sic
437 3069 491 3099 illa
513 3069 553 3099 ad
576 3068 824 3104 removendum,
853 3068 911 3098 ista
934 3068 974 3098 ad
996 3069 1193 3109 ponendum,
1218 3068 1370 3100 terminos

308 3113 484 3144 numerales
508 3119 688 3153 assumptos
712 3111 797 3143 dixit.

365 3158 403 3189 V.
422 3157 538 3194 Quoad
553 3161 704 3198 quartum
721 3153 747 3192 *,
772 3155 935 3186 conclusio
951 3155 1133 3196 responsiva
1147 3156 1290 3197 quaesito
1307 3162 1368 3187 est:

308 3201 450 3232 Termini
473 3201 651 3232 numerales
674 3200 708 3230 in
726 3199 838 3230 divinis
861 3199 1037 3239 significant
1059 3200 1112 3230 illa
1135 3200 1174 3231 de
1192 3200 1309 3241 quibus
1325 3199 1370 3230 di-

309 3252 432 3282 cuntur,
449 3245 550 3276 solam
574 3244 775 3285 negationem
791 3243 945 3274 addendo.
959 3261 979 3266 -
993 3244 1033 3275 Et
1048 3244 1200 3284 probatur
1215 3253 1250 3275 ac
1267 3243 1368 3275 decla-

308 3297 402 3320 ratur.
426 3289 586 3320 Probatur
609 3288 739 3330 quidem
762 3287 815 3318 sic.
835 3287 979 3318 Termini
1004 3288 1181 3319 numerales
1203 3288 1237 3319 in
1256 3286 1369 3319 divinis

309 3343 375 3363 non
398 3340 568 3364 sumuntur
591 3343 609 3363 a
632 3342 766 3363 numero
790 3331 846 3373 qui
875 3338 922 3362 est
951 3331 1070 3372 species
1093 3331 1290 3372 quantitatis,
1314 3331 1369 3362 sed

309 3387 327 3407 a
342 3377 544 3408 multitudine
567 3376 821 3408 transcendente:
848 3385 921 3415 ergo
939 3374 1114 3415 significant
1129 3375 1182 3406 illa
1198 3376 1237 3407 de
1252 3375 1369 3417 quibus

309 3421 465 3457 dicuntur,
489 3421 557 3451 sola
580 3420 747 3460 negatione
769 3419 883 3450 addita.

366 3465 571 3501 Antecedens,
596 3464 703 3505 quoad
726 3470 848 3504 partem
871 3463 1059 3503 negativam,
1079 3473 1161 3504 quae
1185 3463 1299 3494 directe
1322 3468 1369 3494 est

310 3514 418 3538 contra
441 3508 576 3539 radicem
599 3509 763 3549 utriusque
786 3507 947 3548 opinionis
971 3507 1173 3547 praemissae,
1198 3507 1367 3548 probatur:

310 3551 385 3592 quia
413 3551 499 3582 aliter
522 3558 703 3592 sequeretur
733 3552 821 3593 quod
844 3561 909 3582 non
942 3551 1119 3583 dicerentur
1146 3551 1185 3582 de
1216 3551 1287 3582 Deo
1309 3549 1370 3582 nisi

311 3595 533 3636 metaphorice.
558 3596 599 3626 Et
622 3596 773 3636 probatur
795 3595 939 3636 sequela:
970 3595 1045 3636 quia
1073 3595 1278 3636 proprietates
1302 3603 1370 3626 cor-

1425 1920 1549 1961 porales
1573 1930 1640 1950 non
1663 1919 1723 1950 nisi
1746 1920 1959 1960 metaphorice
1991 1921 2029 1952 de
2052 1921 2122 1952 Deo
2147 1921 2313 1959 dicuntur,
2346 1930 2382 1955 ut
2404 1931 2490 1965 patet

1425 1965 1464 1994 de
1486 1964 1651 1995 latitudine
1668 1970 1698 1995 et
1711 1964 1920 2004 longitudine,
1939 1972 1996 1996 etc.
2010 1983 2030 1988 —
2046 1965 2163 2003 Quoad
2179 1965 2302 2006 partem
2316 1977 2391 1998 vero
2409 1968 2490 2000 affir-

1425 2008 1591 2044 mativam,
1615 2008 1687 2039 licet
1710 2008 1854 2049 explicite
1878 2019 1944 2039 non
1968 2009 2134 2050 probetur,
2159 2010 2302 2052 sequitur
2323 2017 2430 2043 tamen
2453 2023 2491 2044 ex

1426 2052 1598 2091 differentia
1620 2052 1700 2083 inter
1723 2058 1891 2093 utramque
1920 2053 2175 2090 multitudinem,
2208 2061 2239 2086 et
2261 2055 2430 2096 praecipue
2453 2067 2491 2088 ex

1424 2096 1478 2127 illa
1501 2106 1583 2137 quae
1606 2106 1639 2126 se
1662 2103 1747 2127 tenet
1769 2107 1807 2127 ex
1830 2104 1917 2137 parte
1941 2097 2071 2128 subiecti
2086 2097 2119 2128 *t
2145 2105 2268 2129 constat
2283 2099 2369 2130 enim
2385 2099 2491 2132 divina

1425 2150 1492 2171 esse
1517 2141 1555 2171 de
1578 2140 1688 2171 ordine
1711 2141 1978 2173 immaterialium.

1483 2184 1721 2225 Consequentia
1743 2195 1819 2216 vero
1843 2186 1995 2225 probatur
2018 2196 2055 2216 ex
2077 2185 2249 2218 differentia
2272 2187 2353 2218 inter
2371 2195 2490 2220 utram·

1425 2238 1488 2269 que
1500 2228 1749 2265 multitudinem,
1762 2239 1798 2259 ac
1813 2229 1978 2270 utriusque
1994 2229 2196 2270 principium,
2207 2231 2372 2269 unitatem,
2381 2233 2491 2273 quoad

1425 2271 1667 2313 significandum
1690 2271 1810 2313 aliquid
1833 2273 2008 2312 positivum
2025 2273 2076 2304 vel
2092 2274 2283 2314 negativum,
2301 2275 2354 2307 sic.
2383 2276 2489 2308 Unum

1425 2316 1687 2347 transcendenter
1710 2315 1863 2356 significat
1885 2327 1952 2347 rem
1976 2327 2058 2358 quae
2077 2327 2140 2348 una
2159 2318 2282 2355 dicitur,
2300 2319 2404 2350 addita
2422 2327 2490 2352 tan-

1425 2367 1496 2392 tum
1514 2361 1682 2400 negatione
1705 2360 1884 2390 divisionis:
1910 2371 1984 2402 ergo
1999 2362 2101 2392 multa
2117 2363 2383 2394 transcendenter
2398 2364 2491 2405 signi—

1424 2403 1497 2435 ficat
1519 2414 1568 2435 res
1584 2414 1666 2445 quae
1689 2404 1795 2444 plures
1819 2404 1977 2441 dicuntur,
1993 2405 2099 2436 addita
2121 2412 2246 2437 tantum
2260 2407 2428 2447 negatione
2443 2408 2489 2439 di—

1424 2448 1554 2479 visionis
1571 2449 1651 2479 circa
1666 2457 1944 2490 unamquamque:
1969 2449 2143 2480 multitudo
2163 2450 2249 2481 enim
2264 2460 2302 2481 ex
2317 2451 2490 2484 unitatibus

1425 2499 1558 2524 constat.
1582 2493 1693 2524 Unum
1715 2502 1790 2523 vero
1814 2493 1903 2533 quod
1927 2499 1973 2524 est
1989 2494 2185 2534 principz'um
2210 2496 2348 2534 numeri,
2373 2496 2490 2537 etipse

1425 2546 1587 2573 numeruS,
1604 2543 1725 2568 certum
1740 2536 1883 2567 accidens
1903 2537 2142 2579 positivumque
2160 2537 2327 2578 significat:
2347 2539 2490 2582 alioquin

1425 2580 1606 2622 quantitatis
1622 2581 1740 2621 species
1757 2590 1823 2611 non
1839 2587 1929 2617 esset,
1947 2587 2005 2612 etc.
2023 2581 2118 2622 Ergo,
2132 2581 2157 2612 si
2173 2582 2299 2613 termini
2312 2583 2491 2616 numerales

1425 2625 1457 2656 in
1477 2624 1590 2655 divinis
1609 2625 1729 2665 sumpti
1753 2631 1827 2655 sunt
1849 2635 1867 2655 a
1885 2625 2090 2656 multitudine
2109 2627 2350 2664 transcendenti,
2371 2627 2490 2668 signifi-

1426 2675 1497 2701 cant
1511 2679 1560 2700 res
1575 2669 1644 2700 illas
1660 2669 1776 2710 quibus
1795 2669 1965 2706 adduntur,
1987 2669 2055 2700 sola
2073 2669 2240 2710 negatione
2259 2671 2380 2702 addita:
2401 2672 2491 2713 quod

1425 2720 1490 2745 erat
1512 2714 1723 2754 probandum.

1483 2757 1718 2799 Manifestatur
1742 2765 1849 2789 autem
1873 2757 2062 2798 applicando
2086 2758 2126 2789 ad
2148 2758 2316 2790 essentiam
2334 2765 2365 2791 et
2383 2769 2490 2801 perso—

1425 2812 1490 2839 nas,
1514 2808 1551 2833 ut
1574 2802 1654 2832 clare
1677 2807 1762 2842 patet
1784 2801 1817 2832 in
1840 2801 1950 2833 littera.

1482 2846 1535 2877 VI.
1553 2845 1644 2877 Circa
1661 2845 1819 2886 praedicta
1842 2846 1966 2877 adverte
1976 2847 2095 2887 primo,
2113 2847 2203 2887 quod
2217 2857 2255 2877 ex
2269 2846 2370 2878 littera
2393 2847 2489 2878 habes

1425 2890 1515 2931 quod
1538 2889 1649 2930 opinio
1671 2889 1820 2920 Auctoris
1844 2889 1961 2929 differt,
1986 2890 2093 2931 quoad
2115 2890 2267 2927 radicem,
2292 2891 2331 2921 ab
2354 2897 2488 2932 utraque

1425 2934 1578 2975 opinione
1601 2933 1772 2975 praemissa
1791 2933 1818 2964 *.
1844 2934 1960 2971 Quoad
1984 2934 2223 2966 conclusionem
2245 2943 2339 2972 vero,
2364 2934 2488 2976 simpli-

1425 2978 1501 3010 citer
1518 2977 1620 3009 differt
1635 2988 1653 3008 a
1669 2978 1822 3009 secunda:
1846 2988 1944 3019 quam
1967 2984 2074 3009 tamen
2097 2979 2216 3020 absque
2238 2979 2359 3009 ratione
2382 2979 2489 3020 aliqua

1424 3022 1598 3063 approbare
1614 3022 1738 3053 videtur
1753 3022 1876 3058 Scotus‚
1891 3022 1924 3052 in
1945 3022 2151 3060 Quodlibetis,
2164 3032 2217 3064 qu.
2230 3033 2291 3059 xrv,
2307 3022 2388 3054 circa
2402 3023 2487 3064 prin-

1425 3066 1544 3107 cipium
1567 3073 1624 3098 art.
1646 3077 1656 3096 1
1670 3089 1678 3103 ,
1703 3066 1781 3097 dum
1803 3067 1882 3096 trini
1904 3076 2024 3097 nomen
2047 3066 2086 3097 de
2108 3065 2178 3097 Deo
2198 3067 2319 3098 dictum
2343 3076 2361 3097 a
2383 3066 2488 3108 specie

1424 3110 1606 3151 quantitatis
1630 3110 1779 3141 discretae
1802 3109 1960 3141 abstrahit.
1985 3112 2015 3141 Α
2037 3109 2140 3151 prima
2162 3120 2238 3141 vero
2258 3110 2359 3142 differt
2377 3120 2487 3142 secun-

1425 3155 1503 3185 dum
1527 3153 1666 3194 aliquid,
1698 3153 1773 3195 quia
1803 3153 1919 3185 scilicet
1942 3163 2008 3185 non
2031 3163 2110 3195 pure
2138 3155 2282 3194 negative
2314 3154 2487 3195 significare

1424 3198 1514 3235 dicit;
1538 3198 1683 3239 quamvis
1706 3197 1802 3229 etiam
1825 3198 2027 3238 negationem
2044 3198 2215 3238 importare
2234 3199 2396 3235 concedat,
2413 3208 2488 3230 cum

1423 3242 1494 3283 ipso
1517 3242 1679 3282 Magistro.
2032 3268 2037 3274 .

1481 3284 1549 3317 Vll.
1574 3286 1709 3317 Adverte
1731 3286 1888 3323 secundo,
1917 3286 2006 3328 quod
2029 3292 2103 3316 sunt
2125 3285 2175 3317 hic
2198 3286 2317 3317 multae
2340 3285 2488 3327 proposi-

1423 3330 1526 3361 tiones
1553 3330 1773 3370 disputabiles:
1798 3330 1930 3367 scilicet,
1962 3330 2051 3372 quod
2074 3339 2226 3361 numerus
2249 3336 2296 3361 est
2319 3339 2382 3361 una
2405 3335 2487 3361 cerm

1423 3374 1541 3414 species
1565 3373 1766 3415 quantitatis;
1799 3380 1830 3405 et
1853 3373 1942 3415 quod
1969 3383 2035 3404 non
2059 3373 2217 3405 invenitur
2243 3373 2304 3405 nisi
2333 3373 2366 3405 in
2393 3373 2486 3406 rebus

1423 3418 1564 3459 quantis;
1589 3424 1620 3449 et
1638 3418 1727 3459 quod
1750 3427 1852 3448 unum
1867 3417 2059 3459 principium
2077 3418 2201 3449 numeri
2220 3424 2267 3449 est
2285 3417 2416 3459 aliquod
2434 3427 2485 3448 ac-

1424 3461 1528 3492 cidens
1547 3461 1721 3502 positivum
1735 3461 1904 3493 materiale.
1929 3461 1991 3492 Sed
2010 3461 2164 3503 quoniam
2179 3461 2350 3503 praesentis
2369 3460 2486 3501 negotii

1424 3515 1489 3536 non
1514 3512 1596 3542 sunt,
1613 3505 1679 3542 erit,
1696 3505 1722 3536 si
1738 3512 1864 3545 tempus
1888 3505 2021 3542 dabitur,
2040 3506 2078 3536 de
2101 3506 2150 3536 his
2164 3505 2308 3547 quaestio
2331 3504 2484 3546 specialis.

1479 3549 1560 3581 VIII.
1585 3550 1720 3580 Adverte
1744 3550 1837 3580 tertio
1860 3549 1962 3590 quod,
1988 3559 2063 3580 cum
2086 3549 2120 3580 in
2142 3549 2243 3581 littera
2261 3549 2375 3580 dicitur
2397 3548 2486 3590 quod

1424 3592 1596 3624 multitudo
1628 3592 1706 3623 nihil
1739 3593 1824 3624 addit
1855 3602 1950 3633 supra
1982 3603 2030 3624 res
2062 3593 2122 3624 nisi
2152 3593 2374 3624 indivisionem
2406 3591 2485 3624 circa

2615 399 2630 415 κ

2517 424 2526 433 ·
2541 422 2567 445 ln
2582 429 2688 451 corpore.

2516 1082 2527 1093 ⁴
2537 1081 2590 1109 Qu.
2604 1087 2635 1109 xi,
2650 1085 2693 1104 art.
2707 1088 2729 1110 a,

2516 1107 2545 1129 ad
2559 1114 2582 1135 4.

2613 1186 2632 1212 λ

2515 1237 2614 1285 {rm-ug.
2620 1238 2669 1260 Sed
2675 1243 2731 1261 con-

2613 1301 2632 1327 l*
2683 1327 2686 1329 ,

2518 2103 2528 2113 ·
2542 2101 2580 2125 Cf.
2594 2108 2658 2126 num.
2671 2108 2706 2126 m.

2515 2938 2526 2950 '⁵
2537 2937 2574 2961 Cf.
2584 2943 2649 2961 num.
2659 2944 2727 2966 u,1v.
