2768 4178
97 733 107 742 ·
122 732 172 759 Qu.
188 737 219 758 tv,
236 735 278 753 art.
289 737 309 753 2.

95 1265 104 1273 ·
120 1263 180 1286 Ibid.
196 1267 267 1292 art.3.

197 1912 204 1927 ῐ

91 1960 103 1970 ’
108 1959 307 1988 Lib.1,cap.xxxu.

344 277 414 312 142

340 355 376 383 et
409 346 676 395 praedicantur
705 346 753 383 de
786 347 871 384 Deo
902 348 1212 396 substantialiter,
1249 348 1318 385 sed
1347 348 1412 385 de-

338 400 472 437 ficiunt
491 412 512 436 a
532 401 879 450 repraesentatione
907 401 1036 451 ipsius.
1067 401 1186 449 Quod
1214 402 1267 438 sic
1295 409 1410 450 patet.

340 453 563 502 Significant
597 453 700 491 enim
734 454 786 491 sic
818 455 974 492 nomina
1007 456 1157 502 Deum,
1196 455 1410 492 secundum

339 507 444 556 quod
477 507 686 545 intellectus
723 515 853 546 noster
891 508 1086 557 cognoscit
1122 508 1261 557 ipsum.
1302 509 1412 546 Intel-

337 562 456 598 lectus
489 568 619 598 autem
653 568 802 609 noster,
839 574 927 599 cum
960 569 1166 609 cognoscat
1202 563 1330 599 Deum
1365 575 1410 599 ex

339 614 539 662 creaturis,
574 614 628 651 sic
661 615 857 663 cognoscit
889 615 1032 664 ipsum,
1063 617 1275 653 secundum
1305 617 1410 665 quod

340 676 532 705 creaturae
561 668 687 716 ipsum
712 677 1007 717 repraesentant.
1039 669 1247 706 Ostensum
1270 678 1326 707 est
1345 682 1411 706 au-

338 729 417 759 tern
447 721 596 770 supra*
620 722 725 771 quod
753 723 860 759 Deus
889 722 927 760 in
956 735 997 759 se
1015 720 1253 772 praehabet⁰
1273 735 1409 760 omnes

336 775 590 825 perfectiones
610 783 882 820 creaturarum,
902 776 1011 825 quasi
1036 775 1254 825 simpliciter
1273 785 1310 814 et
1327 777 1410 813 uni-

337 829 533 867 versaliter
560 829 760 878 perfectus.
791 829 903 867 Unde
934 829 1125 878 quaelibet
1153 837 1326 867 creatura
1353 829 1409 868 in—

337 890 485 920 tantum
507 895 596 919 eum
617 891 887 931 repraesentat,
906 891 942 920 et
961 891 1017 920 est
1036 883 1070 920 ei
1090 883 1233 930 similis,
1250 884 1410 933 inquan-

336 944 418 974 tum
447 936 722 986 perfectionem
752 936 919 985 aliquam
948 937 1081 974 habet:
1111 949 1190 974 non
1210 945 1340 975 tamen
1358 938 1409 975 ita

338 990 442 1039 quod
464 998 720 1039 repraesentet
741 1002 829 1027 eum
850 990 945 1028 sicut
969 990 1111 1039 aliquid
1132 990 1304 1029 eiusdem
1325 1005 1408 1041 spe-

339 1043 407 1081 ciei
435 1044 498 1079 vel
526 1043 695 1091 generis,
725 1043 793 1080 'sed
822 1043 919 1080 sicut
949 1045 1134 1081 excellens
1162 1044 1406 1094 principium,

337 1110 359 1134 a
388 1096 494 1134 cuius
534 1097 656 1133 forma
694 1096 852 1134 effectus
890 1097 1093 1145 deficiunt,
1134 1098 1240 1135 cuius
1278 1106 1408 1137 tamen

336 1150 540 1198 aliqualem
577 1149 863 1187 similitudinem
903 1150 1061 1188 effeetus
1095 1160 1406 1201 consequuntur;

337 1204 432 1241 sicut
460 1203 607 1240 formae
638 1215 843 1252 corporum
872 1203 1095 1242 inferiorum
1124 1214 1409 1254 repraesentant

336 1258 517 1295 virtutem
547 1257 723 1294 solarem.
755 1258 803 1294 Et
822 1258 898 1295 hoc
922 1258 1072 1308 supra*
1101 1260 1318 1308 expositum
1340 1269 1407 1308 est,

337 1324 424 1349 cum
460 1311 507 1348 de
536 1310 773 1348 Perfectione
812 1311 941 1349 divina
969 1312 1162 1360 agebatur.
1203 1313 1266 1350 Sic
1299 1313 1410 1362 igitur

336 1364 530 1415 praedicta
545 1364 702 1401 nomina
725 1364 897 1403 divinam
913 1365 1162 1404 substantiam
1180 1367 1407 1415 significant:
1425 1371 1428 1373 ’

335 1418 554 1468 imperfecte
589 1426 740 1466 tamen,
771 1419 867 1456 sicut
896 1426 932 1456 et
961 1427 1155 1457 creaturae
1185 1420 1407 1470 imperfecte

336 1485 423 1510 eam
452 1479 748 1521 repraesentant.

390 1526 491 1562 Cum
524 1525 635 1573 igitur
669 1525 801 1562 dicitur
837 1527 942 1563 Deus
976 1532 1031 1563 est
1061 1528 1201 1574 bonus,
1238 1541 1317 1565 non
1351 1537 1405 1566 est

336 1591 487 1626 sensus,
522 1580 626 1616 Deus
654 1585 709 1616 est
734 1591 850 1616 causa
884 1580 1078 1627 bonitatis,
1106 1582 1168 1618 vel
1198 1583 1303 1619 Deus
1331 1595 1406 1619 non

335 1638 389 1670 est
415 1632 557 1670 malus:
586 1632 653 1669 sed
683 1640 739 1670 est
767 1645 913 1681 sensus,
943 1633 983 1670 id
1009 1635 1111 1683 quod
1132 1635 1334 1673 bonitatem
1353 1636 1407 1673 di-

335 1687 455 1723 cimus
490 1686 526 1723 in
561 1687 762 1733 creaturis,
796 1687 1021 1735 praeexistit
1053 1688 1090 1725 in
1124 1689 1228 1734 Deo,
1265 1697 1301 1726 et
1332 1690 1408 1726 hoc

336 1739 491 1789 quidem
512 1740 725 1777 secundum
745 1740 909 1778 modum
929 1741 1115 1779 altiorem.
1138 1742 1311 1779 Undeex
1333 1743 1408 1780 hoc

336 1806 415 1831 non
450 1793 620 1842 sequitur
652 1794 758 1843 quod
791 1795 877 1832 Deo
917 1802 1109 1844 competat
1143 1808 1225 1832 esse
1258 1796 1406 1833 bonum

334 1847 562 1896 inquantum
592 1855 722 1884 causat
750 1847 978 1885 bonitatem:
1013 1848 1081 1886 sed
1113 1849 1239 1898 potius
1269 1862 1288 1886 e
1319 1862 1408 1886 con-

334 1913 461 1947 verso,
480 1900 568 1950 quia
588 1909 644 1938 est
663 1901 800 1949 bonus,
822 1901 1032 1939 bonitatem
1053 1903 1166 1939 rebus
1195 1902 1372 1940 diffundit
1387 1910 1407 1949 ‘,

335 1955 549 1991 secundum
578 1954 669 1991 illud
698 1955 909 2003 Augustini,
935 1955 980 1991 de
999 1956 1108 1992 Doct.
1135 1956 1269 1993 Christ.
1285 1955 1321 1992 *ε
1352 1956 1408 1994 in-

335 2013 517 2057 quantum
546 2008 666 2045 bonus
694 2014 758 2054 est,
787 2020 928 2045 sumus.
1186 2024 1194 2028 -

387 2121 411 2155 θ)
432 2123 505 2147 Deus
525 2123 551 2147 in
571 2130 600 2147 se
613 2123 771 2155 praehabet.
785 2137 804 2142 -
817 2123 889 2148 Deus
910 2124 936 2148 in
955 2130 983 2148 se
1002 2123 1080 2149 habet
1097 2124 1174 2154 ΑΒΕ,
1193 2124 1267 2149 Deus
1281 2124 1307 2149 in
1320 2124 1407 2156 seipso

334 2158 411 2226 hab&
428 2158 505 2218 rGe‘bus
523 2193 659 2227 diffundit.
677 2207 695 2212 -
715 2194 740 2218 in
763 2194 838 2219 rebus
858 2194 978 2227 infundit
997 2195 1027 2220 Β.

1028 268 1296 315 QUAESTIO
1327 269 1432 316 XIII,

1461 269 1760 307 ARTICULUS
1790 271 1822 307 II

1519 350 1578 385 AD
1608 361 1746 387 PRIMUM
1774 362 1872 387 eaeo
1907 362 2092 388 DICENDUM
2127 352 2232 399 quod
2270 353 2536 391 Damascenus

1466 401 1554 438 ideo
1576 402 1663 439 dicit
1682 403 1787 451 quod
1809 404 1904 441 haec
1925 403 2084 441 nomina
2112 417 2192 442 non
2212 405 2424 453 significant
2444 408 2534 457 quid

1467 462 1522 491 est
1549 456 1668 502 Deus,
1694 456 1784 504 quia
1810 469 1832 494 a
1859 458 1963 494 nullo
1992 457 2152 495 istorum
2183 459 2386 497 nominum
2415 461 2536 510 expri-

1466 507 1582 545 mitur
1601 509 1694 558 quid
1723 518 1778 547 est
1796 511 1903 548 Deus
1923 511 2108 560 perfecte:
2139 511 2208 549 sed
2227 513 2535 563 unumquodque

1464 561 1685 611 imperfecte
1712 575 1804 600 eum
1831 563 2028 612 significat,
2058 565 2153 602 sicut
2183 573 2219 602 et
2247 574 2441 604 creaturae
2464 566 2534 604 im-

1464 616 1632 664 perfecte
1661 628 1750 653 eum
1780 625 2076 666 repraesentant.

1518 671 1577 706 AD
1606 681 1797 707 SECUNDUM
1825 683 2009 709 mCENDuM
2047 672 2153 721 quod
2185 672 2223 710 in
2258 672 2534 721 significatione

1464 722 1681 770 nominum,
1706 723 1810 760 aliud
1839 731 1894 761 est
1922 725 2157 774 quandoque
2177 738 2200 763 a
2219 738 2296 775 quo
2325 726 2536 776 imponitur

1463 788 1609 813 nomen
1637 776 1687 814 ad
1715 776 2021 825 significandum,
2053 787 2089 816 et
2117 779 2156 817 id
2185 780 2235 818 ad
2262 780 2369 828 quod
2394 779 2535 829 signifi-

1465 829 1631 866 candum
1651 842 1797 867 nomen
1816 830 2040 880 imponitur:
2068 832 2164 870 sicut
2182 834 2258 870 hoc
2277 845 2420 871 nomen
2440 834 2535 882 lapis

1463 881 1672 931 imponitur
1700 884 1748 920 ab
1779 895 1825 920 eo
1855 884 1962 933 quod
1989 886 2105 923 laedit
2130 887 2285 936 pedem,
2306 900 2385 924 non
2404 894 2535 925 tamen

1463 935 1674 984 imponitur
1701 936 1751 974 ad
1778 937 1854 974 hoc
1882 937 2175 986 significandum
2210 941 2317 990 quod
2350 940 2534 989 significet

1464 989 1615 1026 laedens
1636 990 1795 1038 pedem,
1830 991 1898 1028 sed
1927 991 1976 1028 ad
2010 992 2300 1040 significandam
2337 994 2533 1043 quandam

1463 1042 1633 1092 speciem
1654 1055 1879 1092 corporum;
1901 1044 2069 1093 alioquin
2089 1058 2206 1084 omne
2221 1047 2377 1085 laedens
2390 1048 2534 1096 pedem

1464 1104 1562 1134 esset
1590 1096 1697 1146 lapis.
1729 1096 1790 1134 Sic
1818 1096 1930 1145 igitur
1954 1098 2160 1136 dicendum
2181 1108 2237 1137 est
2265 1101 2372 1149 quod
2404 1100 2535 1138 huius-

1463 1150 1571 1188 modi
1595 1150 1725 1188 divina
1757 1151 1917 1188 nomina
1944 1151 2196 1201 imponuntur
2228 1154 2385 1203 quidem
2405 1167 2428 1192 a
2446 1167 2534 1204 pro-

1463 1204 1634 1241 cessibus
1654 1204 1821 1242 deitatis:
1852 1204 1948 1242 sicut
1981 1205 2083 1242 enim
2116 1207 2331 1244 secundum
2360 1208 2534 1245 diversos

1460 1270 1664 1307 processus
1691 1258 1983 1307 perfectionum,
2011 1266 2205 1297 creaturae
2225 1261 2353 1301 Deum
2383 1273 2532 1310 reprae-

1462 1319 1623 1358 sentant,
1658 1311 1744 1348 licet
1777 1311 2018 1361 imperfecte;
2048 1312 2099 1350 ita
2121 1313 2332 1351 intellectus
2364 1321 2493 1352 noster
2505 1320 2534 1362 ¹²,

1462 1365 1676 1403 secundum
1702 1378 2022 1415 unumquemque
2051 1379 2289 1415 processum,
2312 1369 2442 1405 Deum
2472 1380 2534 1404 co-

1462 1419 1609 1467 gnoscit
1628 1426 1665 1456 et
1684 1419 1869 1456 nominat.
1901 1419 1979 1457 Sed
1998 1427 2128 1458 tamen
2156 1421 2253 1458 haec
2276 1421 2436 1458 nomina
2455 1433 2551 1462 non,

1462 1472 1624 1522 imponit
1643 1473 1692 1510 ad
1711 1472 2001 1521 significandum
2021 1473 2126 1522 ipsos
2144 1487 2360 1524 processus,
2376 1482 2429 1521 ut,
2445 1486 2534 1512 cum

1463 1526 1598 1564 dicitur
1626 1527 1731 1564 Deus
1758 1532 1813 1563 est
1837 1527 1983 1573 vivens,
2013 1527 2060 1564 sit
2087 1540 2238 1574 sensus,
2266 1529 2316 1566 ab
2343 1540 2388 1565 eo
2406 1526 2419 1549 ²
2441 1539 2534 1578 pro-

1462 1580 1559 1617 cedit
1583 1580 1680 1617 vita.-
1718 1580 1786 1617 sed
1823 1581 1873 1618 ad
1910 1580 2202 1629 significandum
2237 1581 2366 1631 ipsum
2402 1593 2532 1619 rerum

1461 1633 1704 1683 principium,
1724 1641 1840 1683 prout
1857 1633 1896 1671 in
1916 1646 1962 1671 eo
1982 1634 2199 1683 praeexistit
2215 1635 2306 1683 vita,
2326 1634 2413 1672 licet
2440 1633 2534 1672 emi·

1462 1686 1625 1725 nentiori
1652 1687 1773 1725 modo
1803 1699 1921 1736 quam
1946 1687 2169 1737 intelligatur
2195 1689 2258 1726 vel
2287 1688 2531 1737 significetur.

1515 1742 1575 1778 An
1603 1752 1764 1778 TERTmM
1792 1752 1977 1778 montinum
2014 1743 2120 1790 quod
2158 1741 2363 1779 essentiam
2395 1741 2468 1779 Dei
2495 1741 2534 1779 in

1462 1795 1535 1831 hac
1570 1794 1650 1831 vita
1687 1806 1919 1842 cognoscere
1957 1806 2036 1831 non
2072 1807 2281 1844 possumus
2318 1794 2533 1832 secundum

1462 1847 1570 1896 quod
1588 1847 1627 1884 in
1647 1860 1687 1884 se
1709 1854 1764 1884 est
1777 1847 1814 1884 *z
1836 1847 1905 1884 sed
1925 1847 2194 1895 cognoscimus
2214 1859 2300 1885 eam
2320 1847 2535 1886 secundum

1463 1900 1569 1950 quod
1606 1907 1910 1950 repraesentatur
1942 1900 1981 1937 in
2013 1900 2308 1950 perfectionibus
2346 1908 2539 1939 creatura-

1464 1966 1560 1991 rum.
1596 1954 1645 1991 Et
1677 1953 1732 1991 sic
1764 1953 1924 1991 nomina
1956 1965 1979 1990 a
2011 1954 2123 1992 nobis
2156 1954 2334 2004 imposita
2367 1967 2455 1993 eam
2486 1954 2534 1992 si-

1463 2007 1654 2056 gnificant.

1515 2124 1542 2156 κ)
1562 2123 1710 2148 intellectus
1729 2126 1830 2149 noster.
1844 2136 1862 2142 -
1881 2122 1943 2149 Om.
1956 2123 1990 2154 1⁷3
2009 2122 2110 2148 omisso
2130 2125 2230 2153 noster,
2245 2122 2393 2148 intellectus
2411 2126 2472 2155 post
2490 2129 2537 2148 tn>

1463 2159 1549 2184 minat
1568 2159 1640 2192 ponit
1659 2159 1700 2184 ed.
1719 2166 1746 2184 a.

1517 2193 1545 2226 λ)
1565 2194 1598 2219 ab
1618 2201 1658 2219 eo.
1675 2208 1694 2213 —
1712 2201 1730 2218 a
1749 2193 1807 2219 Deo
1826 2194 1928 2219 codices
1948 2198 1973 2218 et
1991 2194 2044 2218 ab.

1015 2273 1350 2306 Commentariu-
1373 2273 1626 2307 cardinalis
1648 2273 1851 2308 Caietam·

366 2373 386 2393 N
410 2362 518 2398 titulo,
544 2372 658 2393 nomen
682 2362 822 2400 dicatur,
845 2362 925 2393 idest
949 2363 1124 2394 secundum
1149 2372 1243 2394 suum
1257 2362 1408 2404 formale

339 2376 584 2449 Isignificatum
609 2407 825 2438 attribuatur:
848 2414 878 2438 et
902 2417 978 2443 non,
1003 2407 1180 2438 secundum
1201 2407 1233 2437 id
1249 2407 1338 2448 quod
1355 2417 1406 2438 co-

336 2452 435 2493 pulat,
453 2458 508 2482 aut
524 2461 583 2492 pro
602 2461 669 2492 quo
686 2451 849 2492 supponit,
867 2458 924 2483 etc.
949 2451 1222 2489 Substantialiter,
1240 2458 1276 2482 ut
1299 2451 1408 2482 distin-

335 2496 443 2537 guitur
466 2502 575 2527 contra
593 2495 845 2533 accidentaliter,
869 2496 1015 2526 vocando
1030 2496 1180 2527 accidens
1197 2506 1294 2527 omne
1317 2496 1407 2537 quod

336 2547 383 2572 est
407 2547 491 2571 extra
514 2549 580 2571 esse
604 2540 662 2570 rei:
687 2540 731 2571 sic
755 2540 841 2570 enim
856 2540 949 2571 homo
974 2540 1087 2572 dicitur
1105 2541 1350 2573 substantialiter
1368 2541 1407 2571 de

336 2586 473 2621 Socrate,
490 2584 721 2625 disciplinabile
736 2595 811 2615 vero
836 2592 866 2616 et
878 2585 992 2621 album
1009 2585 1159 2616 dicuntur
1177 2585 1407 2628 accidentaliter

336 2630 375 2661 de
390 2630 514 2660 eodem.
538 2629 605 2660 Nec
621 2628 786 2669 restringes
802 2629 1037 2670 quaestionem:
1055 2630 1120 2667 sed,
1137 2629 1223 2661 iuxta
1238 2629 1321 2661 tituli
1340 2640 1406 2660 am-

336 2674 537 2715 plitudinem,
562 2673 626 2704 sive
649 2674 905 2704 substantialiter
928 2674 1101 2715 complete,
1126 2681 1162 2706 ut
1184 2674 1297 2706 ultima
1320 2674 1406 2705 diffe-

336 2718 436 2749 rentia
451 2718 501 2749 vel
521 2716 674 2754 definitio,
696 2717 760 2748 sive
783 2718 1038 2749 substantialiter
1060 2719 1264 2759 incomplete,
1282 2725 1318 2750 ut
1339 2720 1407 2750 ani-

337 2764 404 2794 mal
419 2768 561 2802 respectu
577 2762 726 2798 hominis,
743 2762 874 2799 dicatur,
891 2769 996 2794 totum
1013 2764 1072 2794 sub
1089 2763 1234 2805 quaesito
1250 2763 1406 2804 praesenti

337 2807 547 2843 concluditur,
567 2816 642 2837 cum
665 2807 864 2848 quaerimus:
889 2810 941 2838 An
964 2807 1096 2849 aliquod
1119 2818 1238 2839 nomen
1262 2808 1406 2839 substan·

336 2851 449 2883 tialiter
472 2851 510 2882 de
534 2851 604 2882 Deo
629 2851 758 2882 dicatur.

392 2895 429 2926 11.
455 2895 490 2925 In
514 2905 647 2936 corpore
671 2895 827 2937 quinque:
854 2896 969 2936 primo,
994 2896 1086 2937 ponit
1104 2896 1135 2927 in
1161 2896 1278 2938 quibus
1301 2896 1405 2927 nomi-

336 2941 430 2971 nibus
446 2939 540 2970 habet
554 2940 663 2970 locum
679 2939 756 2970 haec
775 2940 936 2980 quaestio;
961 2941 1112 2978 secundo,
1129 2941 1222 2972 refert
1237 2941 1316 2972 duas
1335 2941 1406 2982 opi-

336 2985 465 3020 niones;
490 2983 600 3020 tertio,
630 2985 778 3024 reprobat
808 2993 875 3021 eas;
905 2992 1035 3026 quarto,
1061 2986 1232 3026 respondet
1261 2985 1405 3027 quaesito

337 3029 537 3065 affirmative;
553 3028 677 3069 quinto,
694 3029 834 3059 ostendit
849 3029 920 3070 quis
937 3029 975 3060 sit
991 3039 1112 3066 sensus,
1130 3040 1205 3061 cum
1218 3029 1405 3061 huiusmodi

336 3073 469 3104 nomina
488 3073 558 3104 Deo
582 3072 805 3105 attribuuntur.
831 3073 872 3104 Et
895 3081 981 3114 patet
1003 3074 1230 3114 particularum
1246 3073 1405 3105 distinctio

335 3118 369 3149 in
391 3118 502 3149 littera.

390 3162 443 3193 111.
468 3161 585 3199 Quoad
602 3162 769 3202 primum,
795 3162 861 3192 duo
886 3162 969 3193 dicit.
994 3163 1112 3199 Primo,
1137 3163 1227 3204 quod
1251 3169 1325 3194 sunt
1348 3163 1406 3194 tria

336 3216 450 3247 genera
480 3205 652 3236 nominum
675 3206 714 3237 de
738 3206 824 3237 Deo:
850 3207 1011 3246 negativa,
1037 3214 1072 3238 ut
1095 3208 1323 3249 incorporeus,
1348 3208 1406 3238 im-

336 3260 476 3288 mensus,
501 3258 576 3286 etc.;
601 3250 738 3287 relativa,
764 3257 800 3282 ut
814 3251 985 3289 Dominus,
995 3251 1091 3292 finis,
1112 3251 1279 3293 effic-ian&
1303 3258 1334 3283 et
1348 3261 1407 3292 po-

336 3295 426 3326 sitiva
442 3295 596 3331 absoluta,
613 3301 649 3325 ut
665 3305 731 3333 ens,
748 3296 887 3336 sapiens,
905 3297 1024 3333 vivens,
1041 3302 1130 3327 etc.—
1141 3296 1300 3332 Secundo,
1316 3296 1406 3337 quod

336 3339 480 3381 quaestio
504 3349 569 3370 non
593 3345 640 3370 est
663 3339 702 3370 de
726 3339 830 3380 primo
855 3346 910 3371 aut
932 3340 1072 3371 secundo
1095 3350 1218 3381 genere,
1238 3340 1294 3371 sed
1313 3340 1404 3372 tertio

336 3391 477 3415 tantum:
502 3383 577 3424 quia
601 3390 724 3415 constat
746 3384 835 3425 quod
858 3383 911 3415 illa
930 3394 1044 3425 puram
1060 3385 1272 3425 negationem,
1289 3391 1344 3416 aut
1359 3394 1406 3416 re-

336 3428 488 3459 lationem
512 3427 697 3467 significant,
722 3428 803 3459 sicut
825 3428 933 3459 album
958 3438 1071 3469 puram
1095 3428 1289 3470 qualitatem.

391 3472 443 3502 IV.
469 3472 585 3509 Quoad
608 3473 799 3510 secundum,
826 3473 906 3503 duae
931 3480 1005 3504 sunt
1028 3473 1206 3513 opiniones.
1230 3473 1337 3504 Prima
1360 3479 1406 3504 est

337 3515 527 3557 ponentium
551 3516 682 3547 nomina
706 3517 782 3548 haec
810 3517 870 3548 dici
897 3517 935 3548 de
965 3517 1034 3548 Deo
1058 3517 1218 3558 negative:
1249 3517 1404 3554 secunda,

337 3560 474 3591 relative.
500 3560 540 3590 Et
563 3567 657 3600 patet.

391 3605 429 3635 V.
454 3604 570 3641 Quoad
595 3606 744 3643 tertium,
770 3613 879 3637 contra
902 3612 1070 3647 utramque
1094 3605 1282 3647 opinionem
1309 3605 1405 3636 simul

337 3648 497 3690 tripliciter
520 3648 659 3688 arguitur
679 3650 768 3681 clare.
795 3651 830 3680 In
850 3650 987 3681 secunda
1011 3657 1117 3681 tamen
1132 3650 1262 3687 ratione,
1280 3649 1404 3680 adverte

1463 2362 1551 2403 quod
1575 2361 1726 2393 fundatur
1749 2372 1845 2403 super
1867 2362 1921 2393 illa
1944 2361 2099 2393 maxima:
2124 2362 2231 2394 Omne
2254 2373 2374 2394 nomen
2393 2363 2535 2405 primum

1463 2406 1577 2437 dicitur
1596 2407 1634 2437 de
1659 2417 1698 2437 eo
1722 2407 1761 2450 de
1784 2416 1850 2448 quo
1875 2405 1989 2438 dicitur
2012 2406 2204 2443 formaliter,
2229 2417 2329 2448 quam
2351 2407 2390 2438 de
2415 2408 2533 2446 ceteris,

1463 2450 1710 2492 quomodolibet
1733 2450 1822 2482 aliter
1845 2450 1976 2482 dicatur.

1514 2495 1567 2527 vt.
1586 2495 1705 2533 Quoad
1727 2500 1890 2536 quartum,
1909 2494 2073 2527 conclusio
2093 2495 2278 2536 responsiva
2294 2496 2438 2538 quaesito
2454 2496 2534 2528 affir-

1462 2539 1579 2571 mative
1602 2547 1663 2571 est:
1689 2539 1887 2571 Huiusmodi
1909 2539 2043 2570 nomina
2065 2539 2214 2571 dicuntur
2238 2541 2277 2571 de
2299 2541 2370 2572 Deo
2394 2541 2537 2573 substan·

1462 2584 1589 2622 tialiter,
1613 2583 1796 2625 imperfecte
1818 2591 1935 2616 tamen.
1960 2602 1981 2606 -
2004 2584 2169 2615 Probatur.
2194 2584 2335 2616 Nomina
2358 2583 2535 2626 significant

1461 2629 1569 2660 Deum
1591 2635 1628 2660 ut
1650 2639 1669 2660 a
1691 2636 1801 2660 nostro
1820 2628 1980 2660 intellectu
2005 2628 2186 2669 cognitum:
2211 2638 2286 2670 ergo
2310 2636 2347 2661 ut
2370 2629 2535 2671 cognitum

1462 2682 1499 2704 ex
1522 2673 1684 2704 creaturis:
1710 2683 1785 2714 ergo
1810 2680 1845 2704 ut
1868 2679 2138 2714 repraesentatum
2154 2683 2191 2704 ex
2215 2674 2377 2705 creaturis:
2402 2683 2478 2715 ergo
2496 2680 2533 2706 ut

1461 2717 1675 2748 assimilantur
1690 2717 1718 2748 ei
1735 2724 1906 2749 creaturae:
1924 2727 1999 2758 ergo
2016 2725 2052 2749 ut
2067 2717 2307 2759 supereminens
2326 2717 2530 2760 principium,

1462 2762 1552 2793 cuius
1575 2761 1679 2793 forma
1703 2762 1854 2793 defective
1878 2761 2082 2803 participatur
2105 2762 2144 2794 ab
2168 2762 2226 2793 eis:
2252 2772 2327 2803 ergo
2347 2762 2534 2795 substantia-

1459 2806 1539 2838 liter.

1516 2851 1715 2882 Antecedens
1738 2857 1824 2891 patet
1847 2860 1884 2882 ex
1908 2850 1919 2881 1
1943 2851 2119 2882 Periherm.
2136 2850 2172 2887 ³,
2204 2860 2279 2882 cum
2302 2850 2407 2892 prima
2429 2858 2461 2883 et
2484 2861 2533 2884 se-

1462 2895 1566 2926 cunda
1586 2894 1821 2936 consequentia.
1846 2895 1954 2926 Tertia
1970 2902 2078 2927 autem
2101 2901 2149 2926 est
2170 2904 2227 2936 per
2250 2904 2282 2926 se
2301 2901 2388 2926 nota.
2412 2895 2534 2933 Quarta

1460 2949 1536 2971 vero
1551 2940 1704 2981 probatur
1719 2949 1757 2970 ex
1771 2949 1803 2970 ιν
1818 2939 2018 2980 quaestione:
2039 2939 2114 2982 quia
2130 2948 2197 2970 non
2211 2945 2247 2970 ut
2262 2946 2533 2980 repraesentatum

1462 2983 1668 3015 similitudine
1684 2982 1829 3024 specifica
1845 2991 1901 3015 aut
1914 2984 2072 3024 generica;
2096 2982 2192 3025 igitur
2206 2983 2350 3023 analoga,
2367 2990 2404 3015 ut
2418 2983 2532 3025 princi—

1461 3028 1563 3069 pium,
1583 3035 1642 3060 etc.
1663 3027 1783 3060 Ultima
1801 3035 1909 3059 autem
1933 3028 2098 3060 manifeste
2117 3026 2274 3068 sequitur:
2299 3027 2325 3058 si
2346 3027 2432 3058 enim
2447 3029 2532 3070 quod

1460 3073 1538 3115 quid
1560 3078 1607 3104 est
1635 3072 1790 3114 cuiusque
1813 3080 1972 3104 creaturae
1999 3072 2156 3104 diminuta
2173 3072 2332 3113 quaedam
2355 3072 2531 3104 similitudo

1461 3124 1508 3148 est
1530 3117 1722 3148 substantiae
1746 3116 1870 3148 divinae
1893 3116 2158 3159 simplicissimae,
2183 3122 2311 3157 oportet
2334 3123 2371 3148 ut
2393 3117 2462 3158 ipsa
2484 3117 2530 3149 di-

1460 3161 1534 3192 vina
1557 3161 1731 3202 substantia
1754 3161 1976 3203 participetur,
2005 3167 2269 3202 repraesentetur,
2302 3168 2530 3202 cognoscatur,

1461 3205 1655 3242 nominetur,
1680 3212 1711 3237 et
1733 3205 1934 3246 significetur,
1960 3212 2017 3237 etc.

1515 3250 1584 3282 VII.
1609 3250 1726 3288 Quoad
1749 3251 1916 3291 quintum,
1941 3259 2051 3281 sensus
2079 3249 2339 3290 propositionum
2372 3259 2409 3281 ex
2439 3249 2530 3282 dictis

1461 3295 1616 3335 aperitur,
1645 3294 1788 3335 explicite
1817 3295 1953 3326 dicendo
1977 3293 2082 3335 quod,
2109 3303 2184 3324 cum
2211 3293 2347 3324 dicimus
2370 3294 2462 3326 Deus·
2483 3299 2532 3326 est

1461 3339 1573 3376 bonus.
1590 3349 1701 3371 sensus
1725 3346 1781 3375 est,
1799 3340 1832 3370 id
1845 3339 1930 3380 quod
1951 3338 2121 3370 bonitatem
2146 3338 2178 3368 in
2203 3339 2364 3370 creaturis
2380 3338 2528 3377 dicimus,

1461 3389 1508 3414 est
1531 3385 1562 3414 in
1586 3384 1668 3422 Deo,
1693 3390 1723 3415 et
1746 3384 1808 3414 hoc
1831 3382 1933 3414 altiori
1956 3382 2067 3413 modo.

1516 3428 1653 3459 Adverte
1676 3427 1728 3459 hic
1751 3428 1828 3458 duo.
1844 3428 1966 3464 Primo,
1983 3426 2073 3467 quod
2093 3426 2125 3467 ly
2149 3432 2196 3458 est
2219 3426 2350 3458 denotat
2371 3426 2528 3458 habitudi-

1461 3481 1536 3502 nem
1559 3471 1746 3503 formalem:
1771 3471 1814 3503 ita
1837 3471 1926 3512 quod
1949 3470 2092 3507 intendit,
2118 3476 2164 3502 est
2187 3471 2220 3502 in
2239 3471 2309 3502 Deo
2323 3470 2526 3512 formaliter.

1459 3517 1535 3547 Non
1547 3516 1591 3547 sic
1607 3522 1712 3557 potest
1726 3515 1842 3556 exponi
1857 3516 1948 3546 Deus
1963 3520 2010 3546 est
2025 3524 2152 3556 corpus,
2166 3522 2224 3546 etc.
2235 3532 2255 3538 —
2266 3515 2424 3553 Secundo,
2438 3515 2528 3557 quod

1459 3560 1491 3601 ly
1508 3565 1539 3591 et
1560 3561 1620 3591 hoc
1634 3558 1744 3591 altiori
1766 3560 1859 3591 modo
1883 3570 1949 3590 non
1973 3566 2019 3591 est
2043 3559 2263 3600 accipiendum
2288 3565 2324 3591 ut
2338 3569 2409 3600 pars
2433 3558 2526 3600 signi-

1458 3603 1551 3635 ficati.
1575 3605 1650 3635 Non
1667 3604 1763 3641 enim,
1781 3613 1856 3635 cum
1880 3603 2014 3635 dicimus
2033 3603 2123 3635 Deus
2142 3608 2189 3635 est
2203 3603 2314 3642 bonus,
2335 3602 2528 3644 significatur

1460 3648 1584 3679 bonitas
1615 3647 1673 3679 Dei
1697 3655 1728 3679 et
1751 3648 1920 3680 eminentia
1945 3648 2028 3685 eius,
2053 3648 2107 3679 sed
2131 3647 2256 3679 bonitas
2283 3653 2424 3679 tantum:
2449 3648 2526 3679 emi-

2562 1858 2618 1881 ⁶1).
2631 1857 2688 1887 ⁴82.

2562 2861 2571 2872 ·
2589 2860 2674 2891 (Ἆρα,
2688 2867 2713 2886 ιι.
2722 2868 2743 2891 ι,
2752 2869 2768 2893 3.
