2768 4178
27 517 40 529 ⁸
53 516 112 544 cap.
121 522 144 544 v,
158 521 182 537 n.
191 521 212 537 2.

28 545 50 574 ’ξ
65 543 130 565 Loco
146 548 210 564 num.
226 548 241 563 v

967 257 1234 305 QUAESTIO
1263 258 1349 293 XLI
1359 285 1369 304 ,
1398 258 1694 295 ARTICULUS
1725 259 1757 294 11

268 338 402 369 activae:
427 339 482 369 sed
503 338 599 369 libere
627 344 657 368 et
679 337 861 368 naturaliter
884 337 1006 377 operari
1034 343 1108 367 sunt
1129 336 1333 367 huiusmodi:

268 392 353 422 erge.
377 400 399 405 -
420 383 576 413 Probatur
598 381 704 412 minor
727 391 763 412 ex
785 381 964 417 Aristotele,
989 388 1019 412 et
1041 381 1073 411 in
1097 381 1223 421 Pliysic.
1249 387 1280 411 et
1301 380 1334 410 in

266 427 452 467 Metaphys.
477 432 616 466 ponente
643 425 762 466 primas
785 424 972 455 differentias
995 424 1086 455 activi
1109 423 1254 465 principii
1278 433 1335 454 na-

268 471 376 502 turale
399 477 430 501 et
452 470 604 500 liberum:
628 470 687 499 sub
711 469 839 499 diversis
862 474 968 499 tamen
991 468 1187 504 nominibus,
1204 477 1279 498 nam
1301 467 1334 498 in

269 515 295 545 11
310 515 439 554 Physic.
455 513 474 531 ⁴*
496 520 628 544 vocatur
643 523 663 543 a
673 514 850 553 proposito,
868 519 899 543 et
913 512 947 542 in
963 512 1006 543 IX
1017 513 1201 553 Metaphys.
1218 511 1255 529 ’ὓ
1278 522 1333 542 vo-

270 565 357 590 catur
373 558 519 598 potentia
543 557 724 594 rationalis,
750 562 808 587 etc.

325 602 366 633 Et
389 600 604 632 confirmatur.
629 600 714 638 Quia
727 600 876 630 voluntas
890 599 990 630 tendit
1004 600 1037 630 in
1053 609 1090 630 ea
1108 610 1189 640 quae
1206 606 1280 630 sunt
1295 601 1334 630 ad

268 646 376 682 finem,
401 652 437 676 ut
459 644 600 685 potentia
621 644 732 674 libera:
757 653 832 683 ergo
851 644 910 674 sub
926 643 1048 674 ratione
1067 643 1162 674 etiam
1176 644 1334 684 potentiae

267 690 383 720 liberae
405 689 475 719 vult
496 688 604 728 ipsum
626 687 734 718 finem.
751 704 769 710 -
785 687 826 718 Et
848 693 933 718 tenet
956 687 1099 728 sequela:
1126 688 1201 728 quia
1224 688 1335 718 eadem

270 740 316 764 est
338 732 482 774 potentia
505 732 585 763 circa
607 737 791 771 utrumque.

326 777 394 808 XII.
410 777 581 811 Praeterea,
597 774 738 805 conditio
754 775 922 806 intrinseca
937 775 1096 815 potentiae
1115 776 1268 812 absolute,
1284 777 1334 807 vel

268 821 302 851 in
326 820 436 851 ordine
463 819 503 849 ad
526 825 633 849 actum
660 818 849 859 perfectum,
874 829 940 849 non
968 826 1123 860 repugnat
1150 820 1334 860 perfectioni

268 865 302 895 in
321 863 499 904 operando:
524 863 580 893 sed
601 863 726 893 libertas
746 869 792 894 est
810 863 1012 894 huiusmodi:
1037 873 1111 903 ergo
1135 871 1240 904 potest
1255 872 1334 896 stare

269 917 345 939 cum
367 907 549 938 conditione
572 906 708 947 perfecta
731 907 873 947 possibili
895 907 929 938 in
952 908 1125 947 operando.
1149 909 1236 939 Talis
1260 919 1334 939 con-

269 952 348 983 ditio
371 958 418 982 est
440 951 623 981 necessitas:
649 961 724 991 ergo
747 951 872 982 libertas
895 957 955 982 stat
978 962 1053 982 cum
1075 953 1266 984 necessitate.

324 996 366 1035 Et
384 994 597 1026 confirmatur.
618 994 763 1026 Firmitas
782 995 975 1035 operationis
998 995 1134 1036 perficit:
1160 997 1214 1027 sed
1230 1007 1334 1027 neces-

270 1040 344 1071 sitas
366 1039 517 1079 importat
546 1038 745 1075 firmitatem;
775 1049 850 1080 ergo
873 1039 994 1080 perficit
1017 1040 1235 1080 operationem
1258 1041 1334 1071 libe-

269 1093 348 1115 ram.
368 1101 387 1106 -
406 1083 448 1114 Et
462 1082 667 1114 confirmatur
689 1083 814 1114 ultimo.
839 1083 924 1121 Quia
938 1093 1005 1114 non
1022 1091 1069 1115 est
1087 1085 1198 1115 eadem
1222 1085 1333 1115 divisio

269 1128 303 1159 in
331 1127 524 1168 principium
552 1127 691 1158 activum
718 1127 928 1158 necessarium
956 1134 987 1159 et
1014 1128 1213 1168 contingens,
1243 1136 1273 1159 et
1300 1129 1334 1159 in

269 1172 412 1203 naturale
440 1178 470 1202 et
492 1171 644 1202 liberum:
674 1171 755 1202 sicut
780 1171 876 1211 igitur
903 1172 1034 1212 aliquod
1061 1173 1201 1203 naturale
1230 1179 1335 1213 potest

270 1215 488 1256 contingenter
511 1225 611 1255 agere,
635 1211 711 1255 quia
733 1222 838 1255 potest
859 1215 1016 1256 impediri,
1039 1215 1083 1246 ita
1109 1216 1240 1257 aliquod
1258 1217 1334 1247 libe-

270 1269 344 1291 rum
357 1266 463 1300 potest
475 1258 650 1291 necessario
670 1269 770 1299 agere.
787 1277 807 1282 -
821 1259 920 1290 Affert
938 1269 1069 1300 quoque
1092 1260 1132 1290 ad
1145 1259 1207 1290 hoc
1227 1267 1335 1291 aucto-

236 1321 242 1328 ·
269 1303 401 1335 ritatem
413 1302 584 1343 Augustini
601 1300 634 1332 *ε
657 1303 724 1334 Aut
747 1303 895 1334 voluntas
914 1313 977 1334 non
1002 1309 1059 1340 est,
1083 1309 1141 1334 aut
1164 1304 1264 1334 libera
1287 1305 1333 1335 di-

270 1347 371 1379 cenda
393 1353 451 1385 est,
471 1357 535 1388 qua
550 1347 633 1377 beati
653 1348 701 1377 sic
723 1356 791 1378 esse
813 1347 972 1385 volumus,
996 1352 1032 1377 ut
1055 1356 1123 1378 esse
1142 1349 1252 1378 miseri
1270 1359 1333 1379 non

268 1391 372 1423 solum
397 1401 460 1422 non
480 1391 626 1428 velimus,
648 1390 705 1421 sed
728 1400 928 1431 nequaquam
953 1391 1034 1422 velle
1048 1392 1221 1431 possimus.

325 1435 373 1466 Ex
395 1435 512 1476 quibus
535 1434 685 1465 omnibus
709 1435 774 1465 duo
797 1434 947 1465 intendit:
971 1435 1088 1466 scilicet
1115 1436 1203 1476 quod
1227 1436 1332 1467 omnis

269 1485 361 1511 actus
379 1479 551 1510 voluntatis
574 1485 620 1509 est
641 1478 734 1515 liber;
759 1485 790 1509 et
809 1479 898 1519 quod
913 1489 988 1509 cum
1010 1479 1150 1510 libertate
1169 1487 1256 1510 actus
1275 1487 1335 1512 stat

268 1523 439 1569 necessitas
458 1522 641 1562 simpliciter
664 1522 816 1553 eiusdem.
839 1523 881 1554 Et
904 1523 978 1554 dicit
993 1523 1147 1563 Spiritum
1165 1525 1334 1564 procedere

267 1567 366 1598 libere
387 1573 419 1598 et
440 1565 627 1597 necessario.

327 1611 411 1642 XIII.
434 1609 526 1641 Circa
548 1609 682 1640 eandem
705 1610 939 1641 distinctionem
963 1611 1152 1652 applicatam
1175 1613 1214 1642 ad
1237 1612 1333 1653 Spiri-

267 1661 339 1686 tum
353 1654 505 1686 Sanctum
515 1654 542 1690 *‚
559 1654 694 1685 dubium
710 1654 846 1685 occurrit
859 1654 900 1685 ad
914 1654 1089 1686 hominem.
1107 1655 1241 1696 Spiritus
1256 1657 1332 1688 San-

268 1705 338 1731 ctus
365 1705 413 1730 est
434 1708 453 1729 a
478 1698 642 1729 voluntate
670 1705 707 1729 ut
735 1698 907 1739 principio:
936 1708 1011 1740 ergo
1038 1699 1172 1740 Spiritus
1201 1700 1333 1732 Sanctus

267 1749 374 1784 potest
391 1742 436 1773 sic
459 1749 490 1773 et
510 1742 599 1773 aliter
622 1753 657 1773 se
676 1742 800 1773 habere.
815 1760 836 1765 —
849 1743 1046 1774 Antecedens
1069 1744 1235 1784 probatur:
1259 1745 1334 1786 quia

267 1786 415 1818 voluntas
432 1792 562 1827 paterna
584 1793 630 1818 est
652 1786 845 1826 principium
863 1786 996 1827 Spiritus
1012 1787 1126 1825 Sancti,
1147 1788 1227 1819 sicut
1244 1788 1334 1820 intel-

267 1830 367 1861 lectus
383 1836 532 1870 paternus
549 1836 595 1860 est
610 1829 802 1871 principium
817 1830 922 1862 Verbi.
939 1849 959 1853 —
976 1830 1213 1872 Consequentia
1227 1840 1334 1864 autem

268 1880 354 1906 tenet
376 1884 413 1904 ex
436 1873 525 1904 dictis
549 1873 581 1903 in
606 1883 739 1914 corpore
761 1874 856 1905 huius
880 1874 1017 1911 articuli,
1042 1876 1097 1906 ubi
1125 1876 1246 1907 dictum
1269 1884 1331 1908 est:

269 1918 368 1956 Quod
384 1924 431 1948 est
449 1928 467 1948 a
486 1917 648 1948 voluntate
671 1924 707 1949 ut
729 1918 896 1958 principio,
920 1925 1026 1958 potest
1048 1919 1135 1950 aliter
1157 1930 1190 1950 se
1208 1920 1331 1952 habere.

323 1962 365 1992 Et
383 1962 409 1992 si
424 1961 544 1992 dicatur
559 1962 648 2002 quod
665 1972 731 1992 esse
750 1972 768 1992 a
786 1963 950 1993 voluntate
965 1969 1001 1994 ut
1016 1963 1171 2004 principio
1186 1964 1333 1996 distincto

269 2012 378 2037 contra
401 2012 560 2042 naturam,
585 2006 639 2037 dat
661 2006 704 2036 sic
728 2012 758 2036 et
780 2006 868 2037 aliter
891 2016 923 2036 se
946 2006 1075 2043 habere;
1101 2017 1167 2038 esse
1190 2015 1297 2039 autem
1316 2020 1334 2040 a

267 2049 431 2080 voluntate
447 2056 483 2080 ut
498 2056 618 2086 natura,
642 2059 723 2080 non:
748 2057 866 2086 contra,
884 2050 1018 2090 Spiritus
1034 2051 1166 2082 Sanctus
1185 2059 1231 2083 est
1245 2063 1263 2083 a
1277 2063 1334 2084 vo-

267 2093 405 2130 luntate,
432 2100 467 2124 ut
489 2093 635 2124 voluntas
659 2100 705 2124 est
729 2093 872 2124 distincta
896 2101 1005 2125 contra
1023 2102 1184 2132 naturam3
1210 2106 1296 2136 ergo.
1314 2115 1333 2120 —

267 2137 465 2168 Antecedens
488 2138 641 2177 probatur
668 2137 837 2177 tripliciter.
867 2138 951 2175 Quia
974 2138 1063 2169 aliter
1085 2149 1237 2171 numerus
1260 2151 1333 2180 pro-

269 2181 450 2212 cessionum
479 2181 658 2212 divinarum
687 2181 770 2212 male
799 2181 910 2212 fuisset
940 2183 1092 2222 probatus
1124 2184 1269 2224 superius
1300 2185 1334 2215 in

269 2235 324 2267 qu.
340 2235 440 2262 xxvn,
464 2231 520 2256 art.
539 2226 572 2261 5,
596 2235 634 2256 ex
655 2225 717 2256 hoc
740 2226 829 2267 quod
851 2225 884 2256 in
908 2233 1020 2257 natura
1042 2227 1244 2258 intellectuali
1267 2238 1334 2258 non

269 2276 316 2302 est
338 2269 398 2301 nisi
419 2269 591 2310 intelligere
610 2275 641 2300 et
663 2269 753 2300 velle.
777 2269 935 2306 Secundo,
955 2270 1030 2311 quia
1048 2271 1196 2302 voluntas
1211 2271 1245 2302 in
1261 2282 1333 2312 pro-

269 2313 419 2346 ductione
435 2312 568 2353 Spiritus
591 2313 697 2344 Sancti
713 2313 872 2344 concurrit
894 2320 930 2344 ut
952 2314 1095 2354 potentia
1117 2315 1271 2352 distincta,
1289 2326 1335 2346 se-

269 2357 412 2388 cundum
434 2355 599 2394 rationem,
620 2357 659 2387 ab
676 2356 808 2388 essentia
831 2367 886 2387 seu
911 2364 1032 2395 natura,
1057 2365 1087 2389 et
1105 2359 1143 2389 ab
1160 2359 1332 2391 intellectu.

268 2401 379 2432 Tertio
402 2400 488 2442 quia,
506 2407 542 2431 ut
556 2401 589 2431 in
608 2401 666 2431 hac
682 2401 888 2441 responsione
911 2402 1034 2439 dicitur,
1052 2402 1186 2443 Spiritus
1201 2403 1334 2434 Sanctus

267 2445 411 2486 procedit
426 2454 491 2485 per
513 2445 640 2475 modum
665 2446 848 2476 voluntatis.

323 2489 407 2521 XIV.
431 2488 484 2519 Ad
506 2488 695 2519 evidentiam
719 2489 815 2520 huius
838 2488 1039 2526 difficultatis,
1063 2490 1282 2527 distinctionis,
1297 2501 1333 2521 ac

268 2532 415 2574 propriae
437 2528 625 2568 locutionis,
649 2533 774 2564 adverte
797 2533 901 2573 primo
925 2534 1030 2574 quod,
1059 2534 1333 2574 quemadmodum

238 2578 243 2585 “
268 2576 444 2607 intellectus
467 2575 618 2606 trifariam
646 2576 878 2613 consideratur;
902 2577 1007 2616 primo
1035 2577 1195 2614 absolute,
1229 2584 1265 2609 ut
1288 2586 1335 2609 est

269 2619 412 2660 potentia
438 2619 640 2656 intellectiva,
675 2626 706 2650 et
733 2620 776 2650 sic
798 2627 929 2650 vocatur
957 2621 1135 2652 intellectus
1144 2631 1159 2660 ;
1183 2623 1332 2659 secundo,

268 2669 366 2704 prout
388 2670 434 2694 est
450 2663 682 2703 cognoscitivus
698 2664 816 2705 absque
839 2663 992 2700 discursu,
1017 2671 1048 2695 et
1066 2665 1109 2696 sic
1132 2675 1263 2706 quoque
1276 2676 1333 2696 vo-

270 2714 358 2739 catur
385 2708 584 2745 intellectus;
608 2707 715 2744 tertio,
738 2714 835 2747 prout
858 2714 904 2738 est
927 2708 1131 2745 discursivus,
1157 2716 1187 2740 et
1210 2710 1254 2740 sic
1276 2720 1333 2740 νου

270 2757 359 2783 catur
375 2752 479 2782 ratio.-
502 2751 554 2787 ita‚
570 2751 859 2791 proportionaliter,
879 2761 946 2782 non
961 2752 1076 2783 eodem
1090 2759 1197 2783 tamen
1212 2754 1332 2790 ordine,

269 2795 418 2826 voluntas
442 2794 593 2826 trifariam
616 2795 700 2826 sumi
723 2801 845 2835 potest;
870 2795 986 2836 primo,
1010 2806 1069 2836 pro
1083 2797 1233 2837 ‚potentia
1255 2798 1334 2828 voli-

269 2839 342 2876 tiva,
359 2845 389 2870 et
407 2839 452 2869 sic
474 2845 606 2870 vocatur
628 2839 776 2870 voluntas
783 2849 798 2877 ;
822 2840 971 2876 secundo,
989 2850 1048 2880 pro
1068 2841 1178 2871 eadem
1193 2842 1335 2881 potentia

265 2883 462 2925 inquantum
478 2889 524 2914 est
539 2882 720 2914 naturaliter
743 2883 948 2914 determinata
965 2884 1005 2914 ad
1024 2884 1155 2925 aliquod
1174 2885 1335 2915 obiectum

270 2937 327 2958 seu
351 2937 448 2967 opus,
473 2933 505 2957 et
527 2927 571 2957 sic
593 2933 724 2957 vocatur
746 2927 895 2958 voluntas
918 2933 954 2958 ut
976 2933 1095 2958 natura
1104 2938 1119 2966 ;
1143 2928 1250 2964 tertio,
1275 2938 1334 2969 pro

271 2971 383 3002 eadem
404 2971 547 3011 potentia
564 2977 600 3002 ut
623 2977 669 3002 est
691 2971 931 3002 indeterminata
953 2971 995 3002 ad
1014 2971 1212 3008 utrumlibet,
1236 2979 1267 3003 et
1290 2972 1334 3003 sic

270 3021 401 3047 vocatur
415 3015 610 3056 quandoque
626 3015 760 3045 liberum
776 3015 956 3053 arbitrium,
967 3015 1161 3056 quandoque
1175 3016 1332 3047 voluntas.

325 3058 367 3091 Et
389 3058 464 3098 quia
488 3059 641 3099 contingit
663 3059 860 3089 voluntatem
889 3059 1087 3090 determinari
1111 3069 1148 3090 ex
1170 3070 1203 3089 se
1228 3060 1332 3100 dupli-

271 3101 364 3138 citer;
389 3111 455 3132 uno
479 3103 588 3139 modo,
613 3103 721 3143 quoad
743 3103 1006 3143 specficationem
1031 3109 1128 3139 actus,
1148 3103 1227 3134 idest
1245 3104 1334 3144 quod

271 3145 297 3175 si
325 3152 474 3185 operatur
503 3145 583 3176 circa
611 3147 673 3177 tale
701 3146 880 3182 obiectum,
910 3153 1036 3186 oportet
1063 3147 1143 3177 exire
1171 3147 1204 3177 in
1228 3154 1334 3178 actum

271 3189 376 3225 talem,
401 3189 444 3220 ita
462 3189 552 3230 quod
574 3199 640 3220 non
663 3190 859 3230 oppositum,
885 3190 965 3221 sicut
987 3190 1135 3221 voluntas
1154 3197 1261 3221 nostra
1282 3191 1334 3222 de—

271 3232 436 3264 terminata
455 3239 501 3264 est
515 3233 556 3263 ad
578 3234 821 3270 beatitudinem;
845 3234 908 3264 alio
924 3234 1034 3270 modo,
1050 3234 1159 3275 quoad
1173 3236 1258 3274 speci
1281 3245 1334 3266 ca-

272 3278 388 3307 tionem
413 3282 443 3308 et
465 3278 652 3309 exercitium
675 3285 773 3314 actus,
798 3278 878 3308 sicut
902 3277 1048 3309 voluntas
1070 3278 1204 3309 videntis
1227 3279 1334 3310 Deum

272 3320 496 3352 determinatur
511 3321 551 3351 ad
565 3321 739 3352 amandum
760 3322 877 3362 ipsum,
894 3321 936 3353 ita
951 3322 1041 3362 quod
1056 3332 1123 3352 non
1139 3322 1245 3353 solum
1267 3333 1334 3353 non

271 3371 377 3405 potest
398 3364 512 3394 habere
537 3370 643 3395 actum
665 3365 730 3396 odii
748 3375 819 3405 erga
833 3365 948 3406 ipsum,
967 3365 1021 3395 sed
1037 3365 1131 3396 etiam
1146 3376 1212 3396 non
1228 3373 1335 3406 potest

272 3408 462 3448 suspendere
485 3414 591 3438 actum
614 3409 740 3439 amandi
764 3410 918 3440 eundem:
944 3409 987 3439 ita
1006 3410 1171 3449 dupliciter
1186 3410 1332 3441 voluntas

271 3452 367 3482 habet
388 3452 544 3482 rationem
566 3458 703 3483 naturae.
727 3453 850 3489 Primo,
875 3460 911 3484 ut
934 3453 1138 3484 determinata
1161 3460 1208 3484 est
1230 3463 1267 3484 ex
1290 3465 1331 3490 se,

271 3502 415 3536 respectu
431 3495 564 3526 alicuius
583 3495 706 3532 obiecti,
723 3496 763 3526 ad
777 3497 866 3533 velle,
882 3497 926 3527 ita
941 3498 1029 3538 quod
1045 3507 1111 3527 non
1130 3503 1234 3538 potest
1248 3498 1332 3528 nolle

271 3538 363 3576 illud;
386 3539 437 3569 vel
453 3549 470 3570 e
487 3549 639 3569 converso
661 3540 701 3569 ad
716 3540 802 3570 nolle
824 3540 953 3582 aliquid,
978 3541 1020 3572 ita
1042 3542 1131 3582 quod
1147 3551 1213 3572 non
1229 3548 1334 3581 potest

271 3583 351 3614 velle
369 3583 458 3614 illud.
483 3583 524 3613 Et
539 3582 583 3613 sic
599 3583 794 3614 concorditer
813 3584 947 3615 dicimus
966 3585 1055 3626 quod
1073 3585 1221 3616 voluntas
1240 3585 1335 3616 habet

415 3644 523 3668 Summa
542 3643 643 3668 Tar-201..
662 3643 693 3667 D.
708 3643 821 3668 Tnomn
840 3643 872 3669 T.
890 3644 899 3668 1

2370 262 2445 306 425

1388 337 1543 367 rationem
1558 344 1686 368 naturae
1702 344 1844 377 respectu
1861 337 2062 368 beatitudinis
2079 345 2109 369 et
2123 338 2275 370 miseriae.
2299 339 2360 370 Sed
2376 349 2450 370 cum

1388 381 1446 411 hac
1470 381 1668 412 naturalitate
1687 387 1746 412 stat
1768 381 1894 412 libertas
1917 382 2025 422 quoad
2048 382 2228 413 exercitium
2251 389 2347 418 actus,
2371 383 2451 414 idest

1387 425 1467 455 velle
1490 432 1545 455 aut
1567 435 1634 455 non
1656 425 1749 461 velle;
1774 432 1805 456 et
1828 425 1969 456 similiter
1987 426 2072 456 nolle
2088 433 2144 457 aut
2161 436 2228 456 non
2250 427 2345 457 nolle.
2362 444 2380 450 -
2397 427 2450 458 Se-

1389 469 1505 505 cundo,
1530 475 1566 499 ut
1589 469 1794 500 determinata
1818 476 1864 499 est
1887 479 1924 499 ex
1946 470 2075 510 propria
2094 477 2216 506 natura,
2239 478 2382 510 respectu
2399 471 2451 501 ali-

1390 513 1479 543 cuius
1503 513 1632 549 obiecti,
1657 513 1697 543 ad
1719 513 1816 549 velle,
1841 522 1907 543 non
1930 514 2036 544 solum
2059 521 2095 545 ut
2118 514 2319 554 distinguitur
2342 522 2451 546 contra

1390 557 1490 593 nolle,
1515 557 1570 587 sed
1593 556 1688 587 etiam
1711 563 1747 587 ut
1771 556 1972 597 distinguitur
1995 564 2103 588 contra
2126 568 2192 588 non
2214 558 2309 594 velle;
2334 559 2451 589 scilicet

1389 601 1478 640 quod
1497 607 1623 641 oportet
1637 600 1741 640 ipsam
1757 610 1793 631 ex
1809 611 1842 631 se
1857 608 2090 641 praesentatum
2105 602 2166 632 tale
2182 602 2342 632 obiectum
2357 602 2447 638 velle,

1389 644 1508 685 absque
1535 644 1675 675 libertate
1698 644 1910 684 suspendendi
1939 652 2055 676 actum.
2086 646 2126 676 Et
2148 645 2181 676 in
2203 646 2265 676 hoc
2289 646 2450 677 dissentire

1389 688 1522 718 intendit
1549 688 1680 719 Scotus:
1705 688 1748 719 ita
1771 689 1860 729 quod
1888 690 1971 719 ratio
2000 695 2137 720 naturae
2160 690 2191 720 in
2215 690 2378 721 voluntate
2400 700 2448 720 re-

1388 738 1496 772 spectu
1520 733 1665 763 exercitii
1687 737 1788 770 actus,
1814 739 1861 763 est
1883 732 1916 763 in
1940 742 2003 775 qua
2023 733 2233 769 dissentimus,
2250 740 2280 765 et
2296 744 2378 774 quae
2391 734 2449 764 im-

1389 783 1557 816 pugnatur.

1443 820 1511 851 XV.
1528 820 1664 850 Adverte
1681 819 1820 850 secundo
1835 820 1934 860 quod,
1952 820 2026 861 quia
2041 820 2199 860 potentiae
2214 821 2450 861 distinguuntur

1388 873 1444 904 per
1467 870 1570 900 actus,
1596 870 1626 894 et
1648 870 1736 894 actus
1758 873 1814 903 per
1837 863 1976 900 obiecta;
2007 874 2203 905 consequens
2227 872 2273 896 est
2295 866 2399 906 quod,
2423 866 2448 896 si

1389 914 1475 938 actus
1506 908 1611 947 plures
1642 907 1759 938 habent
1780 907 1994 938 distinctiones
2017 918 2052 939 ac
2076 908 2278 945 differentias,
2307 916 2448 949 oportet,

1388 951 1622 991 distinguendo,
1638 951 1833 982 considerare
1852 952 1942 992 quod
1960 952 2148 983 differentiae
2164 959 2293 983 actuum
2308 963 2389 993 quae
2406 960 2449 984 at-

1388 996 1561 1026 tenduntur
1580 1005 1676 1036 penes
1699 1005 1756 1035 per
1778 1005 1810 1025 se
1833 995 1937 1035 primo
1957 996 2142 1027 differentias
2166 997 2364 1028 obiectorum
2387 997 2448 1028 for-

1388 1039 1540 1076 malium,
1574 1046 1648 1070 sunt
1680 1039 1872 1070 distinctivae
1901 1040 2125 1080 potentiarum.
2159 1041 2310 1081 Reliquae
2342 1048 2449 1072 autem

1389 1083 1577 1115 differentiae
1607 1090 1737 1114 actuum
1763 1093 1830 1114 non
1859 1083 2056 1124 distinguunt
2082 1084 2255 1124 potentia8‚
2279 1092 2448 1126 quantum-

1389 1138 1526 1168 cumque
1549 1128 1630 1158 inter
1645 1138 1677 1158 se
1693 1127 1755 1158 sint
1773 1127 1921 1158 diversae.
1945 1128 1987 1158 Et
2001 1135 2176 1168 propterea,
2200 1129 2227 1158 si
2245 1129 2395 1159 naturale
2418 1136 2448 1160 et

1389 1172 1522 1202 liberum
1546 1181 1613 1202 non
1637 1178 1711 1202 sunt
1733 1171 1922 1202 differentiae
1945 1179 2075 1203 actuum
2097 1182 2193 1211 penes
2216 1183 2272 1212 per
2295 1183 2327 1203 se
2343 1173 2447 1212 primo

1389 1215 1511 1246 obiecta
1530 1215 1707 1246 distinctiva
1729 1216 1953 1255 potentiarum,
1977 1226 2043 1247 non
2064 1215 2198 1247 inferent
2221 1226 2258 1247 ex
2281 1217 2338 1247 hac
2361 1224 2447 1257 parte

1388 1258 1622 1290 distinctionem
1644 1259 1868 1299 potentiarum.
2116 1287 2119 1291 .

1441 1303 1597 1333 Videntur
1609 1310 1717 1333 autem
1732 1304 1872 1333 naturale
1888 1310 1919 1334 et
1933 1303 2068 1334 liberum
2083 1314 2149 1334 esse
2165 1304 2353 1335 differentiae
2365 1307 2448 1337 modi

1388 1346 1519 1387 agendi,
1532 1347 1807 1387 quemadmodum
1822 1347 1991 1378 discurrere
2006 1354 2037 1378 et
2051 1347 2232 1388 simpliciter
2245 1348 2359 1379 intueri
2375 1357 2449 1381 sunt

1388 1390 1477 1420 modi
1493 1390 1696 1430 intelligendi.
1720 1391 1761 1421 Et
1776 1391 2050 1431 quemadmodum
2065 1391 2236 1432 intelligere
2252 1402 2308 1432 per
2331 1393 2447 1424 discur-

1388 1444 1460 1464 sum
1475 1440 1506 1465 et
1521 1434 1711 1474 simpliciter,
1728 1441 1802 1465 sunt
1818 1435 1948 1475 quidem
1964 1435 2102 1475 oppositi
2118 1436 2207 1466 modi
2226 1437 2446 1476 cognoscendi,

1388 1484 1419 1509 et
1440 1488 1497 1518 per
1520 1488 1552 1509 se
1575 1478 1679 1518 primo
1703 1488 1769 1508 non
1793 1478 1999 1510 diversificant
2021 1480 2210 1519 potentiam,
2235 1481 2289 1510 sed
2312 1482 2447 1512 modum

1388 1522 1556 1562 operandi;
1580 1522 1849 1563 praesuppositive
1872 1530 1979 1553 tamen
2002 1530 2137 1563 possunt
2159 1524 2219 1554 dici
2243 1524 2447 1556 diversificare

1387 1566 1573 1606 potentiam,
1596 1577 1655 1607 pro
1679 1573 1800 1607 quanto
1820 1566 1936 1598 scilicet
1958 1575 2221 1607 praesupponunt
2239 1568 2374 1599 diversas
2389 1579 2446 1609 po-

1387 1610 1508 1647 tentias,
1533 1621 1632 1641 unam
1654 1610 1697 1641 ita
1719 1610 1963 1641 intellectualem
1985 1612 2075 1652 quod
2096 1621 2162 1642 non
2185 1612 2380 1649 rationalem,
2404 1613 2446 1643 al-

1387 1661 1487 1685 teram
1509 1664 1584 1685 vero
1607 1654 1651 1685 ita
1673 1654 1859 1685 rationalem
1873 1655 1962 1695 quod
1985 1655 2078 1686 etiam
2101 1655 2344 1686 intellectualem
2367 1655 2447 1699 (non

1388 1699 1473 1729 enim
1487 1705 1592 1739 potest
1607 1708 1673 1729 esse
1689 1699 1848 1729 rationalis
1870 1700 1989 1739 absque
2010 1699 2179 1736 intellectu,
2200 1700 2274 1740 quia
2291 1700 2446 1740 posterius

1388 1753 1453 1773 non
1468 1749 1574 1782 potest
1588 1743 1708 1773 absolvi
1722 1753 1741 1772 a
1758 1742 1996 1783 participatione
2020 1742 2164 1785 prioris):
2189 1743 2231 1774 ita
2254 1744 2393 1775 naturale
2417 1751 2447 1775 et

1386 1787 1522 1818 liberum
1538 1797 1594 1827 per
1612 1797 1644 1817 se
1663 1787 1768 1827 primo
1785 1786 2001 1823 diversificant,
2018 1797 2084 1817 non
2107 1787 2291 1826 potentiam,
2307 1788 2362 1818 sed
2376 1798 2446 1818 mo-

1387 1831 1466 1861 dum
1489 1831 1658 1871 operandi;
1683 1838 1946 1871 praesupponunt
1973 1838 2079 1861 tamen
2102 1831 2311 1862 diversitatem
2334 1838 2446 1872 poten-

1386 1875 1502 1906 tiarum
1525 1874 1674 1905 naturalis
1697 1881 1727 1905 et
1749 1874 1882 1911 liberae,
1907 1885 1973 1905 non
1995 1875 2038 1905 ita
2060 1876 2157 1915 quod,
2183 1875 2263 1906 sicut
2279 1876 2369 1906 datur
2386 1886 2445 1916 po-

1386 1918 1483 1949 tentia
1505 1929 1591 1948 mere
1614 1918 1773 1954 naturalis,
1797 1918 1839 1949 ita
1858 1919 1949 1949 datur
1967 1919 2107 1958 potentia
2130 1929 2214 1949 mere
2237 1919 2333 1949 libera
2356 1918 2446 1961 (quia

1385 1962 1448 1993 hoc
1471 1969 1518 1993 est
1539 1962 1744 2003 impossibile,
1768 1962 1922 2002 quoniam
1944 1962 1977 1992 in
2000 1963 2166 2002 posteriori
2189 1970 2314 2003 oportet
2336 1963 2446 1994 salvari

1386 2007 1541 2037 rationem
1560 2006 1682 2046 prioris,
1700 2013 1730 2037 et
1747 2005 1895 2036 infimum
1910 2006 2066 2036 inferioris
2085 2006 2268 2047 participare
2284 2007 2444 2047 superius:

1387 2057 1509 2081 constat
1532 2050 1618 2080 enim
1641 2050 1730 2090 quod
1751 2057 1862 2081 natura
1886 2050 1972 2090 prior
1994 2057 2041 2081 est
2062 2049 2253 2092 voluntate);
2277 2051 2332 2080 sed
2355 2052 2445 2082 datur

1386 2094 1528 2135 potentia
1546 2104 1617 2124 vere
1639 2094 1745 2130 libera,
1770 2104 1851 2135 quae
1874 2094 2051 2124 secundum
2073 2094 2122 2124 sui
2145 2105 2331 2134 supremum
2353 2095 2447 2126 habet

1386 2138 1541 2169 rationem
1558 2145 1696 2174 naturae,
1715 2138 1890 2168 secundum
1905 2148 1980 2168 vero
1996 2138 2155 2178 reliquum
2171 2145 2216 2169 est
2232 2148 2317 2169 mere
2339 2138 2444 2170 libera.

1439 2182 1524 2213 XVI.
1546 2182 1604 2212 His
1627 2182 1723 2222 igitur
1738 2181 1922 2222 praelibatis,
1940 2182 1980 2212 ad
1994 2182 2150 2213 rationem
2166 2182 2251 2213 Scoti
2265 2182 2292 2218 *,
2316 2189 2447 2222 negatur

1386 2227 1475 2266 quod
1498 2232 1608 2256 neuter
1630 2226 1766 2256 istorum
1789 2226 1963 2256 modorum
1990 2225 2103 2266 agendi
2126 2226 2293 2256 reducatur
2317 2226 2350 2256 in
2373 2226 2446 2258 alte-

1386 2279 1468 2300 rum.
1493 2269 1656 2307 Quoniam
1679 2269 1814 2300 liberum
1836 2269 1994 2300 reducitur
2013 2270 2052 2299 ad
2071 2270 2226 2301 naturale:
2250 2270 2344 2301 habet
2362 2270 2446 2301 enim

1387 2323 1420 2343 se
1442 2313 1578 2344 liberum
1601 2313 1640 2343 ad
1664 2313 1804 2344 naturale
1832 2320 1868 2344 ut
1890 2313 1991 2344 multa
2013 2314 2053 2343 ad
2075 2323 2194 2350 unum,
2219 2320 2255 2344 ut
2277 2321 2383 2345 motus
2407 2315 2447 2344 ad

1386 2357 1566 2394 immobile,
1591 2364 1626 2388 ut
1653 2357 1776 2388 varium
1804 2357 1843 2387 ad
1870 2357 2040 2388 uniforme.
2071 2357 2112 2387 Et
2134 2364 2299 2397 propterea
2322 2365 2448 2398 oportet

1387 2402 1476 2442 quod
1492 2401 1610 2431 oriatur
1633 2402 1671 2431 ab
1695 2401 1765 2441 ipso
1782 2407 1812 2431 et
1828 2401 1978 2431 fundetur
1995 2401 2027 2430 in
2046 2401 2126 2440 ipso,
2144 2401 2245 2442 sitque
2261 2401 2359 2441 ipsius
2375 2401 2446 2432 effe-

1387 2452 1471 2481 ctus;
1495 2451 1532 2475 ut
1554 2445 1684 2475 inferius
1706 2445 1740 2475 in
1763 2455 1817 2485 qu.
1833 2455 1887 2480 Lx,
1912 2451 1968 2475 art.
1986 2454 2015 2480 2,
2039 2451 2070 2475 et
2092 2455 2202 2481 Lxxxn,
2227 2452 2283 2475 art.
2304 2455 2329 2480 1,
2346 2445 2445 2476 mani-

1387 2488 1526 2519 festatur.
1548 2506 1567 2511 -
1587 2489 1628 2519 Et
1652 2498 1726 2519 cum
1752 2489 1905 2528 probatur
1932 2488 2134 2528 oppositum,
2163 2488 2237 2528 quia
2265 2495 2446 2529 sequeretur

1387 2532 1475 2572 quod
1498 2532 1632 2563 liberum
1656 2532 1832 2563 secundum
1858 2538 1964 2562 totum
1986 2542 2085 2571 genus
2109 2542 2204 2562 suum
2227 2539 2308 2562 esset
2329 2532 2445 2573 imper-

1387 2575 1526 2606 fectum:
1551 2575 1733 2615 accipiendo
1763 2575 1984 2615 imperfectum
2002 2575 2151 2615 privative
2174 2582 2205 2606 et
2227 2576 2367 2615 proprie,
2392 2586 2445 2606 ne-

1386 2626 1477 2659 gatur
1501 2619 1735 2660 consequentia,
1759 2619 1921 2660 loquendo
1941 2619 1980 2649 de
1998 2619 2131 2649 naturali
2148 2626 2178 2650 et
2192 2619 2290 2649 libero
2307 2629 2343 2650 ex
2358 2616 2446 2659 parte

1386 2663 1598 2703 producentis.
1623 2663 1656 2694 Si
1679 2669 1786 2693 autem
1809 2669 1855 2693 est
1877 2672 1981 2693 sermo
2005 2672 2042 2693 ex
2064 2669 2150 2702 parte
2174 2663 2268 2693 etiam
2290 2663 2445 2703 producti,

1387 2707 1458 2738 dico
1482 2707 1572 2749 quod
1593 2707 1762 2747 productio
1785 2706 1881 2737 libera
1900 2706 1975 2737 dicit
1992 2706 2263 2746 imperfectionem
2277 2706 2310 2737 in
2325 2707 2454 2746 realiter,

1386 2751 1544 2791 producto
1574 2751 1683 2781 libere:
1715 2750 1870 2791 quoniam
1900 2750 1974 2781 dicit
2000 2750 2079 2780 illud
2106 2750 2139 2780 in
2169 2760 2202 2781 se
2225 2760 2319 2790 posse
2343 2751 2386 2781 sic
2417 2757 2447 2782 et

1388 2795 1476 2825 aliter
1498 2805 1530 2824 se
1554 2794 1676 2830 habere,
1700 2801 1737 2824 ut
1758 2794 1791 2824 in
1815 2804 1947 2834 corpore
1963 2793 2083 2824 articuli
2107 2794 2279 2825 deductum
2295 2801 2350 2825 est.
2374 2794 2446 2825 Dixi

1387 2845 1494 2869 autem
1517 2839 1649 2869 realiter
1664 2838 1843 2878 producto,
1867 2844 1996 2878 propter
2021 2837 2152 2868 liberam
2174 2838 2361 2868 volitionem
2383 2848 2446 2879 qua

1387 2883 1473 2913 Deus
1495 2882 1564 2912 vult
1586 2883 1709 2912 bonum
1738 2881 1899 2912 creaturis:
1923 2881 1991 2922 ipsa
2019 2881 2104 2911 enim
2132 2891 2197 2912 non
2225 2888 2271 2912 est
2292 2882 2446 2921 producta

1387 2926 1516 2962 realiter,
1535 2932 1565 2956 et
1580 2932 1746 2966 propterea
1769 2935 1835 2955 non
1858 2932 1962 2965 potest
1979 2925 2012 2955 in
2028 2935 2061 2955 se
2076 2925 2118 2955 sic
2135 2931 2165 2956 et
2180 2925 2267 2955 aliter
2281 2934 2314 2955 se
2331 2925 2445 2955 habere

1387 2976 1442 3000 aut
1468 2969 1632 3006 habuisse;
1656 2969 1801 3010 quamvis
1823 2969 1924 3008 possit
1951 2969 2039 3000 aliter
2061 2969 2206 2999 habuisse
2229 2969 2446 3000 habitudinem

1387 3013 1515 3044 rationis
1538 3013 1579 3043 ad
1602 3020 1765 3049 creaturas,
1781 3019 1910 3053 propter
1932 3012 2203 3053 imperfectionem
2219 3012 2353 3043 termini.
2370 3030 2390 3035 —
2405 3013 2446 3043 Et

1387 3057 1430 3088 sic
1453 3057 1515 3087 ruit
1534 3056 1779 3088 fundamentum
1802 3056 1886 3087 Scoti
1902 3066 1938 3087 ex
1954 3057 2015 3088 hoc
2034 3056 2175 3092 articulo,
2192 3066 2229 3086 ex
2246 3056 2304 3086 hac
2327 3066 2445 3096 propo-

1386 3101 1517 3132 sitione:
1542 3101 1712 3131 Productio
1736 3100 1842 3136 libera,
1859 3107 1895 3131 ut
1914 3100 2114 3140 distinguitur
2137 3106 2245 3130 contra
2259 3100 2444 3136 naturalem,

1387 3144 1461 3175 dicit
1475 3144 1748 3184 imperfectionem
1763 3143 1796 3174 in
1811 3144 1932 3174 realiter
1947 3145 2113 3184 product0,
2135 3150 2165 3174 et
2183 3150 2348 3184 propterea
2366 3143 2444 3183 poni

1386 3199 1452 3219 non
1476 3194 1581 3228 potest
1595 3188 1628 3218 in
1644 3187 1756 3218 divinis
1780 3188 1820 3218 ad
1842 3188 1932 3219 intra.
1956 3188 1997 3218 Et
2015 3187 2064 3218 hic
2084 3193 2130 3217 est
2145 3187 2224 3217 alius
2241 3187 2379 3218 defectus
2396 3187 2445 3218 sui

1386 3231 1592 3263 fundamenti.

1445 3276 1537 3307 Unde
1566 3276 1605 3305 ad
1636 3274 1910 3307 confirmationem
1938 3275 2073 3315 primam
2102 3274 2214 3306 dicitur
2237 3274 2341 3315 quod,
2371 3274 2445 3315 quia

1388 3319 1575 3351 differentiae
1589 3319 1778 3359 posteriores
1802 3329 1868 3349 non
1882 3319 2000 3350 variant
2016 3328 2111 3348 suum
2130 3318 2231 3358 prius;
2257 3324 2286 3348 et
2305 3317 2444 3348 naturale

1389 3370 1418 3394 et
1441 3364 1576 3393 liberum
1594 3369 1668 3393 sunt
1683 3362 1872 3393 differentiae
1895 3363 1984 3392 modi
2007 3361 2131 3402 agendi;
2155 3361 2226 3391 ideo
2246 3371 2310 3391 non
2327 3361 2446 3391 variant

1389 3407 1573 3438 differentias
1589 3406 1751 3437 actionum
1767 3406 1882 3447 quibus
1898 3406 2094 3446 distinguunt
2109 3405 2274 3445 potentias,
2292 3404 2444 3435 Concedo

1388 3461 1462 3491 ergo
1486 3451 1574 3491 quod
1598 3450 1738 3480 naturale
1754 3456 1784 3480 et
1799 3450 1932 3480 liberum
1956 3456 2030 3480 sunt
2053 3448 2188 3479 distincti
2207 3449 2294 3478 modi
2314 3448 2443 3488 agendi:

1388 3505 1454 3525 non
1469 3501 1574 3525 tamen
1593 3494 1682 3535 quod
1701 3494 1761 3524 sint
1776 3493 1915 3534 oppositi
1931 3493 2018 3523 modi
2038 3492 2204 3523 distinctivi
2219 3492 2442 3532 potentiarum.

1388 3539 1458 3575 Sed,
1476 3538 1601 3578 proprie
1624 3538 1797 3578 loquendo,
1822 3544 1896 3567 sunt
1915 3537 2082 3567 distinctivi
2101 3536 2266 3567 modorum
2280 3535 2441 3576 possendi.

1387 3600 1405 3606 -
1422 3583 1462 3613 Et
1484 3582 1545 3612 hoc
1568 3581 1701 3612 intendit
1728 3581 1910 3611 Aristoteles
1932 3580 1966 3610 in
1987 3580 2065 3611 locis
2089 3579 2239 3610 adductis.
2262 3580 2337 3610 Non
2360 3579 2444 3610 enim

2270 3640 2302 3672 54

2475 2191 2485 2200 ·
2499 2189 2537 2212 Cf.
2553 2195 2617 2212 num.
2630 2196 2663 2212 xi.
