2768 4178
82 1905 92 1916 *⁸
107 1905 164 1932 Cap.
181 1910 212 1926 iv.

83 2221 92 2230 ·
109 2220 166 2248 Cap.
182 2226 207 2242 u.

84 2485 93 2494 '¹
109 2483 179 2505 Num.
194 2490 230 2512 39.

86 2861 95 2869 ·
110 2859 250 2887 Fulgentius.

87 2913 97 2923 *¹
113 2912 169 2940 Cap.
184 2918 198 2933 1.

90 3274 99 3281 ·
112 3271 147 3293 cf.
158 3271 194 3292 Ma
211 3271 300 3297 istrum,

91 3298 123 3319 1v
147 3298 192 3319 Sen
205 3314 222 3325 .,
248 3297 300 3318 dist.

90 3330 139 3346 x111.

314 263 391 308 344

312 353 406 377 una:
437 340 503 378 sed
523 352 706 389 personas
726 348 943 377 numeratas
970 340 1150 388 ponimus
1170 339 1208 375 in
1232 339 1374 376 unitate

313 401 482 440 naturae,
504 393 599 429 sicut
618 393 814 442 supposita
843 392 999 429 alicuius
1018 400 1175 429 naturae
1200 391 1375 428 dicuntur

314 458 396 483 esse
426 446 463 482 in
498 453 631 482 natura
659 446 730 483 illa.
762 447 794 482 E
829 458 1015 483 converso
1053 452 1180 481 autem
1215 444 1375 481 dicimus

315 499 491 536 unitatem
521 499 558 535 in
587 499 759 545 trinitate,
790 499 885 536 sicut
908 506 1040 535 natura
1065 497 1199 535 dicitur
1227 510 1310 535 esse
1337 497 1375 534 in

314 551 390 588 suis
419 551 634 600 suppositis.

367 606 426 641 An
456 616 617 646 QU1NTUM
645 616 829 642 DlCENDUM
849 604 965 653 quod,
992 615 1080 639 cum
1101 602 1234 640 dicitur
1252 609 1283 650 μ,
1313 603 1376 639 tri-

993 260 1260 308 QUAESTIO
1289 261 1432 307 XXXI,
1462 260 1757 297 ARTICULUS
1788 261 1819 296 II

1430 346 1534 375 catur
1563 339 1822 387 multiplicatio
1852 339 2025 376 eiusdem
2064 339 2214 376 numeri
2242 339 2281 376 in
2309 339 2494 389 seipsum:

1431 404 1519 428 cum
1547 393 1622 428 hoc
1651 391 1758 440 quod
1786 391 1871 429 dico
1901 393 2058 439 trinum,
2085 392 2264 441 importet
2292 393 2498 430 distinctio-

1430 456 1519 481 nem
1547 444 1585 481 in
1615 444 1820 494 suppositis
1849 445 1945 482 illius
1975 445 2021 482 de
2051 457 2127 493 quo
2158 445 2302 483 dicitur.
2333 446 2382 482 Et
2409 446 2496 483 ideo

1429 509 1508 534 non
1535 504 1661 546 potest
1690 497 1763 535 dici
1791 498 1898 546 quod
1925 498 2067 535 trinitas
2096 498 2140 534 sit
2167 498 2285 535 trina:
2325 498 2414 546 quia
2441 510 2500 535 se-

1431 554 1621 598 queretur,
1643 550 1674 587 si
1693 550 1836 588 trinitas
1866 558 1964 588 esset
1983 551 2079 588 trina
2097 557 2120 598 ⁹,
2147 550 2252 599 quod
2280 550 2350 588 tria
2374 559 2499 588 essent
2525 554 2531 558 “

1431 603 1627 652 supposita
1654 603 1846 650 trinitatis;
1876 604 1971 641 sicut
2000 616 2088 641 cum
2118 603 2252 641 dicitur
2270 601 2295 650 ξ,
2324 605 2429 640 Deus
2448 610 2500 641 est

314 657 410 694 nitas
438 663 493 694 est
518 658 628 703 trina,
650 657 794 694 ratione
824 656 972 694 numeri
1010 654 1209 704 importati'
1237 655 1378 704 signifi-
1401 659 1405 699 1
1431 656 1561 702 trinus,
1583 656 1752 704 sequitur
1775 657 1881 705 quod
1900 665 1987 694 sunt
2014 657 2083 694 tria
2102 656 2299 705 supposita
2327 656 2498 694 Deitatis.

369 773 396 807 μ.)
417 773 524 798 dicitur.
541 787 560 792 —
579 772 691 798 dicimus
709 772 753 802 Pb,
772 779 825 796 om.
845 772 885 796 ed.
899 778 924 796 a.

368 817 380 833 ν
399 808 423 833 si
441 808 549 833 trinitas
568 811 635 833 esset
654 807 735 832 trina.
753 819 772 826 —
791 807 851 831 Om.
872 806 980 831 codices.

1432 769 1587 830 Αεῡξέἓᾳὲηι
1603 771 1711 796 dicitur.
1724 784 1744 789 -
1756 778 1815 796 cum
1835 771 1942 796 dicatur
1961 772 1989 800 Β,
2009 778 2068 796 cum
2088 771 2147 796 dico
2167 770 2252 796 ceteri.
2263 784 2283 790 -
2294 771 2345 795 Pro
2363 773 2432 799 sunt,
2447 770 2502 796 sint

1571 812 1597 830 a.

996 893 1326 926 Commentario,
1349 891 1597 925 Cardinalis
1620 891 1820 925 Caietam

347 996 367 1016 N
392 984 495 1021 titulo,
521 985 649 1015 trinitas
673 983 849 1014 secundum
868 982 1031 1023 propriam
1047 980 1308 1021 significationem
1323 990 1378 1010 vo-

320 998 452 1060 Icabuli
478 1028 622 1058 sumitur.

376 1073 411 1103 In
428 1081 560 1112 corpore
579 1071 672 1102 unica
696 1077 741 1101 est
765 1069 937 1106 conclusio,
962 1068 1145 1099 affirmative
1168 1068 1379 1108 respondens:

322 1117 488 1148 Trinitatis
503 1115 633 1146 nomine
649 1115 682 1145 in
698 1114 811 1144 divinis
828 1121 873 1145 est
893 1114 1058 1144 utendum.
1071 1130 1091 1135 -
1103 1113 1144 1143 Et
1160 1113 1312 1152 probatur
1326 1112 1380 1142 sic.

318 1162 353 1192 In
370 1160 482 1191 divinis
498 1159 628 1200 ponitur
651 1159 811 1199 pluralitas
831 1166 1055 1198 personarum:
1081 1166 1155 1197 ergo
1172 1156 1320 1196 ponenda
1337 1163 1382 1186 est

1434 980 1528 1010 etiam
1545 980 1665 1010 trinitas
1682 980 1866 1011 earundem.
1889 981 2045 1012 Probatur
2061 982 2299 1022 consequentia:
2320 982 2395 1023 quia
2411 983 2502 1024 quod

1434 1023 1587 1063 significat
1610 1023 1773 1063 pluralitas
1797 1024 2054 1062 indeterminate,
2084 1025 2236 1065 significat
2259 1026 2379 1057 trinitas
2403 1026 2501 1058 deter-

1434 1068 1570 1104 minate;
1602 1067 1753 1108 importat
1782 1068 1868 1098 enim
1892 1068 2136 1100 determinatum
2165 1079 2354 1106 numerum,
2386 1070 2503 1101 scilicet

1434 1111 1608 1142 trinarium.
1626 1129 1647 1134 -
1662 1112 1704 1142 Et
1720 1112 1863 1152 procedit
1879 1111 1956 1143 haec
1979 1113 2069 1149 ratio,
2087 1113 2252 1153 supposita
2267 1113 2394 1145 veritate
2417 1113 2500 1150 fidei,

1435 1155 1552 1187 scilicet
1575 1156 1664 1196 quod
1687 1156 1720 1186 in
1744 1156 1858 1186 divinis
1883 1163 1956 1187 sunt
1978 1166 2050 1187 vere
2074 1164 2135 1188 tres
2157 1157 2323 1188 Personae.

1089 1327 1405 1370 ARTICULUS
1434 1326 1733 1369 SECUNDUS

1023 1430 1179 1461 UTRUM
1203 1429 1338 1460 FILIUS
1362 1429 1429 1459 SIT
1452 1429 1577 1459 ALIUS
1601 1431 1630 1459 A
1653 1429 1795 1460 PATRE

770 1511 779 1535 l
799 1510 882 1539 Sent„
903 1510 961 1535 dist.
980 1518 1014 1541 lx,
1034 1518 1078 1543 qu.
1096 1517 1114 1540 1,
1133 1514 1180 1534 art.
1194 1517 1202 1534 1
1212 1516 1220 1539 ;
1241 1509 1299 1534 dist.
1317 1516 1366 1539 xix,
1387 1516 1432 1541 qu.
1450 1516 1467 1540 1,
1488 1514 1534 1533 art.
1553 1516 1573 1538 1,
1594 1509 1626 1534 ad
1646 1516 1676 1540 2;
1697 1509 1755 1534 dist.
1774 1517 1839 1538 xxrv,
1861 1517 1905 1542 qu.
1920 1517 1947 1539 11,
1967 1514 2014 1534 art.
2032 1517 2057 1541 1;

1228 1545 1269 1569 De
1287 1544 1354 1574 Por„
1375 1551 1420 1577 qu.
1438 1551 1476 1574 rx,
1496 1549 1543 1569 art.
1562 1543 1588 1569 8.

404 1653 411 1665 ι
449 1661 489 1679 ,κ
530 1646 552 1671 D
573 1645 763 1671 SECUNDUM
778 1645 830 1670 s1c
846 1645 1086 1670 PROCEDH'UR.
1101 1632 1261 1670 Videtur
1276 1632 1379 1681 quod

344 1677 390 1746 <tis
448 1676 508 1747 ᾗῇ
531 1687 648 1724 Filius
676 1699 755 1723 non
775 1686 821 1724 sit
848 1686 943 1723 alius
964 1698 986 1722 a
1005 1687 1128 1723 Patre.
1149 1685 1257 1722 Alius
1277 1686 1380 1722 enim

335 1738 446 1788 'sffff
472 1730 519 1787 ἢ
532 1748 586 1777 est
610 1740 810 1777 relativum
830 1739 1056 1776 diversitatis
1076 1738 1320 1775 substantiae.
1341 1738 1382 1775 Si

321 1803 334 1815 ⁷
374 1768 639 1840 &Nigitur
667 1793 782 1829 Filius
812 1800 866 1829 est
901 1792 994 1828 alius
1022 1804 1045 1828 a
1072 1793 1203 1838 Patre,
1233 1791 1382 1828 videtur

319 1845 422 1894 quod
452 1845 498 1881 sit
525 1858 547 1882 a
574 1847 686 1883 Patre
714 1846 892 1882 diversus.
924 1845 1042 1891 Quod
1062 1852 1117 1881 est
1145 1851 1275 1880 contra
1303 1846 1380 1880 Au-

319 1897 521 1945 gustinum,
543 1899 612 1935 VII
632 1899 678 1935 de
700 1900 736 1935 T
732 1898 803 1935 rin.
819 1897 850 1944 ³⁸,
881 1897 947 1934 ubi
967 1897 1055 1934 dicit
1074 1897 1197 1944 quod,
1220 1908 1308 1933 cum
1329 1896 1382 1933 di-

320 1950 439 1987 cimus
468 1958 542 1988 tres
570 1963 766 2000 personas,
797 1962 871 1988 non
900 1950 1149 1987 diversitatem
1179 1949 1385 1999 intelligere

317 2003 502 2040 volumus.

373 2069 408 2093 2.
429 2058 662 2104 PRAETEREA,
683 2056 912 2105 quicumque
940 2062 1026 2092 sunt
1053 2055 1114 2092 alii
1134 2055 1182 2092 ab
1203 2054 1381 2102 invicem,

321 2109 446 2158 aliquo
467 2110 586 2147 modo
607 2110 654 2146 ab
675 2109 839 2146 invicem
861 2108 1050 2146 differunt.
1082 2108 1121 2145 Si
1140 2108 1250 2156 igitur
1269 2108 1383 2145 Filius

322 2170 376 2199 est
404 2162 498 2199 alius
526 2175 548 2199 a
576 2164 708 2209 Patre,
738 2162 909 2209 sequitur
942 2161 1047 2209 quod
1075 2161 1121 2198 sit
1157 2162 1197 2197 di
1226 2173 1334 2198 erens
1362 2173 1384 2197 a

321 2217 443 2252 Patre.
466 2216 581 2262 Quod
603 2223 658 2251 est
670 2222 807 2251 'contra
822 2214 1085 2261 Ambrosium,
1102 2214 1140 2250 in
1156 2215 1170 2250 Ι
1186 2215 1231 2250 de
1244 2214 1338 2250 Fide
1351 2213 1382 2260 *,

320 2268 386 2304 ubi
416 2268 482 2304 ait:
511 2269 624 2304 Pater
651 2273 686 2304 et
711 2267 830 2303 Filius
867 2268 1000 2303 deitate
1037 2279 1154 2303 unum
1181 2272 1286 2312 sunt,
1317 2278 1384 2302 nec

322 2327 375 2358 est
393 2321 444 2357 ibi
459 2321 686 2357 substantiae
704 2319 927 2369 differentia,
944 2331 1063 2367 neque
1082 2319 1158 2356 ulla
1179 2319 1383 2355 diversitas.

378 2375 411 2411 3.
443 2375 683 2420 PRAETEREA,
714 2374 762 2409 ab
795 2372 868 2409 alio
897 2373 1062 2409 alienum
1085 2377 1103 2393 ⁸²
1132 2371 1276 2409 dicitur.
1308 2371 1384 2408 Sed

323 2426 437 2463 Filius
466 2439 544 2463 non
573 2434 628 2462 est
657 2425 800 2462 alienus
828 2438 850 2462 a
878 2426 1011 2462 Patre:
1042 2424 1130 2461 dicit
1158 2425 1259 2461 enim
1281 2424 1385 2461 Hila-

322 2480 410 2525 rius,
439 2479 476 2515 in
504 2480 572 2515 VII
601 2479 646 2515 de
670 2480 705 2515 T
701 2479 772 2515 rin.
788 2478 818 2524 ³¹⁶,
850 2478 954 2527 quod
982 2478 1021 2515 in
1050 2477 1185 2515 divinis
1213 2477 1385 2526 personis

322 2533 415 2569 nihil
441 2538 495 2568 est
519 2532 722 2577 diversum,
744 2531 836 2568 nihil
853 2531 1030 2577 alienum,
1052 2531 1145 2567 nihil
1164 2530 1383 2578 separabile.

321 2587 423 2633 Ergo
453 2585 567 2622 Filius
597 2597 674 2621 non
704 2592 760 2621 est
788 2584 881 2621 alius
910 2597 932 2620 a
960 2585 1083 2621 Patre.

374 2650 411 2685 4.
443 2639 684 2685 PRAETEREA,
713 2638 809 2674 alius
838 2644 874 2674 et
901 2637 1006 2674 aliud
1031 2636 1133 2674 idem
1162 2636 1384 2684 significant,

323 2692 388 2728 sed
425 2691 506 2728 sola
540 2691 687 2738 generis
727 2690 1074 2738 consignificatione
1111 2689 1300 2726 differunt.
1346 2689 1386 2726 Si

324 2756 412 2792 er-go
442 2743 556 2780 Filius
586 2751 641 2780 est
669 2743 762 2780 alius
782 2756 803 2780 a
823 2745 945 2790 Patre,
975 2743 1127 2780 videtur
1146 2742 1252 2792 sequi
1280 2742 1386 2791 quod

324 2797 438 2834 Filius
467 2797 512 2833 sit
539 2796 644 2833 aliud
670 2809 692 2833 a
720 2797 841 2833 Patre.

379 2851 453 2887 SED
468 2861 614 2887 CONTRA
633 2861 698 2886 EST
718 2850 822 2897 quod
838 2848 1069 2896 Augustinus
1083 2848 1103 2870 ’¹‘
1123 2848 1221 2895 dicit,
1238 2848 1276 2885 in
1291 2847 1385 2884 libro

325 2904 370 2940 de
396 2903 488 2940 Fide
507 2903 558 2940 ad
574 2904 726 2939 Petrum
745 2902 781 2939 *z
817 2904 900 2940 Una
920 2907 972 2938 est
991 2902 1089 2938 enim
1104 2900 1122 2930 Ρ
1141 2902 1296 2938 essentia
1314 2902 1386 2938 Pa-

325 2957 390 2993 tris
409 2962 444 2992 et
461 2956 550 2993 Filii
567 2961 603 2992 et
620 2956 778 3003 Spiritus
797 2955 934 3001 Sancti,
956 2955 993 2991 in
1014 2966 1088 3003 qua
1118 2966 1191 2991 non
1212 2960 1267 2992 est
1282 2955 1389 2991 aliud

324 3011 448 3056 Pater,
468 3009 573 3046 aliud
597 3008 727 3055 Filius,
753 3008 858 3046 aliud
876 3009 1033 3056 Spiritus
1052 3009 1232 3052 Sanctus;
1256 3019 1387 3056 quam-

324 3063 380 3099 vis
403 3061 652 3110 personaliter
678 3062 726 3098 sit
751 3062 846 3098 alius
874 3063 998 3106 Pater,
1019 3061 1114 3098 alius
1141 3061 1271 3107 Filius,
1291 3061 1387 3097 alius

326 3115 482 3165 Spiritus
510 3116 679 3151 Sanctus.

381 3170 604 3205 RESPONDEO
634 3178 820 3216 mcENDUM
850 3167 965 3215 quod,
987 3166 1075 3214 quia
1105 3178 1149 3203 ex
1177 3166 1305 3203 verbis
1333 3165 1387 3202 in-

328 3221 498 3258 ordinate
526 3220 681 3269 prolatis
709 3219 908 3257 incurritur
935 3219 1112 3267 haeresis,
1132 3227 1174 3256 ut
1203 3216 1390 3267 Hierony-

328 3286 414 3310 mus
435 3274 521 3311 dicit
535 3273 566 3321 ³⁸,
588 3274 675 3310 ideo
696 3285 784 3310 cum
806 3273 853 3309 de
873 3272 1056 3309 Trinitate
1076 3272 1279 3321 loquimur,
1301 3283 1388 3308 cum

329 3327 474 3363 cautela
502 3334 537 3363 et
566 3326 752 3363 modestia
774 3333 828 3362 est
847 3325 1055 3373 agendum:
1081 3326 1181 3373 quia,
1202 3332 1243 3362 ut
1261 3327 1388 3372 Augu-

382 3456 408 3488 α)
428 3457 460 3481 ab
479 3457 532 3482 alio
551 3457 674 3481 alienum.
693 3470 711 3475 -
729 3456 844 3481 alienum
864 3457 897 3481 ab
917 3456 971 3480 aIio
991 3456 1059 3487 Pab;
1079 3456 1185 3480 eaedem
1204 3463 1251 3489 pro
1271 3454 1390 3480 Filius...

329 3492 418 3521 Patre,
439 3492 520 3516 Pater
570 3492 647 3516 Filio.

383 3525 408 3558 β)
427 3526 505 3552 enim.
523 3540 541 3545 —
559 3527 620 3551 Om.
640 3527 740 3551 codices
760 3532 785 3551 et
804 3527 844 3552 ed.
858 3534 883 3551 a.

383 3564 408 3594 γ)
430 3562 570 3586 invenitur.
589 3576 606 3580 -
626 3562 776 3587 inveniatur
796 3562 906 3587 codices.

382 3595 406 3629 ὃ)
427 3604 518 3622 nomen
533 3597 709 3628 separationis
759 3597 913 3622 similitudo.
931 3610 949 3615 -
968 3604 1061 3622 nomen
1081 3596 1257 3629 separationis
1275 3596 1316 3621 vel
1334 3595 1388 3620 dis-

1435 1632 1553 1669 stinus
1582 1632 1680 1679 dicit,
1709 1631 1748 1669 in
1777 1633 1791 1668 I
1816 1632 1860 1669 de
1883 1634 1920 1669 T
1914 1633 1986 1669 rin.
2007 1632 2040 1679 ²⁸,
2070 1645 2138 1669 nec
2161 1633 2409 1681 periculosius
2436 1633 2504 1671 ali·
2531 1645 2542 1656 ·

1435 1685 1523 1721 cubi
1547 1691 1719 1730 erratur,
1754 1696 1823 1722 nec
1859 1685 2082 1722 laboriosius
2119 1686 2263 1734 aliquid
2288 1687 2504 1734 quaeritur,

1436 1749 1504 1774 nec
1523 1738 1764 1786 fructuosius
1792 1738 1936 1786 aliquid
1962 1739 2159 1775 invenitur.
2192 1739 2354 1788 Oportet
2376 1747 2505 1777 autem

1436 1790 1474 1827 in
1502 1790 1560 1827 his
1588 1803 1687 1838 quae
1716 1791 1762 1827 de
1783 1790 1966 1827 Trinitate
1996 1791 2200 1839 loquimur,
2231 1791 2329 1828 duos
2359 1803 2505 1830 errores

1437 1843 1635 1892 oppositos
1664 1855 1811 1890 cavere,
1842 1851 2054 1892 temperate
2073 1844 2170 1880 inter
2191 1851 2399 1892 utrumque
2417 1857 2506 1894 pro-

1438 1897 1634 1933 cedentes:
1665 1896 1805 1932 scilicet
1840 1908 2008 1933 errorem
2037 1896 2138 1944 Arii,
2168 1897 2232 1946 qui
2260 1897 2388 1946 posuit
2417 1909 2505 1935 cum

1437 1948 1598 1986 trinitate
1624 1949 1877 1998 personarum
1901 1949 2103 1986 trinitatem
2123 1950 2440 1997 substantiarum3
2470 1959 2507 1988 et

1439 2014 1607 2039 errorem
1637 2001 1806 2048 Sabellii,
1837 2001 1903 2050 qui
1930 2002 2058 2051 posuit
2093 2015 2181 2040 cum
2208 2002 2350 2040 unitate
2381 2016 2507 2042 essen-

1437 2054 1510 2091 tiae
1539 2054 1723 2091 unitatem
1752 2067 1952 2104 personae.

1491 2108 1552 2145 Ad
1581 2107 1802 2145 evitandum
1831 2108 1943 2156 igitur
1971 2120 2140 2145 errorem
2169 2108 2264 2156 Arii,
2293 2109 2413 2146 vitare
2443 2109 2507 2147 de-

1438 2161 1576 2197 bemus
1603 2160 1642 2197 in
1671 2160 1807 2198 divinis
1836 2173 1981 2198 nomen
2017 2161 2239 2198 diversitatis
2268 2170 2305 2199 et
2331 2162 2506 2212 differen-

1438 2213 1511 2250 tiae
1529 2213 1559 2260 *,
1589 2225 1637 2250 ne
1657 2214 1808 2250 tollatur
1834 2214 1957 2250 unitas
1979 2214 2182 2251 essentiae:
2211 2227 2419 2263 possumus
2438 2227 2507 2253 au-

1438 2272 1515 2302 tem
1535 2266 1588 2302 uti
1604 2266 1760 2302 nomine
1777 2266 2028 2312 distinctionis,
2045 2275 2202 2316 propter
2221 2268 2504 2317 oppositionem

1439 2318 1646 2355 relativam.
1673 2319 1784 2356 Unde
1804 2318 1923 2355 sicubi
1943 2319 1981 2355 in
2001 2319 2126 2367 aliqua
2145 2320 2328 2369 scriptura
2347 2322 2505 2359 authen-

1438 2371 1510 2407 tica
1545 2371 1741 2408 diversitas
1768 2372 1830 2408 vel
1864 2371 2074 2408 differentia
2109 2384 2361 2421 personarum
2398 2374 2504 2411 inve-

1439 2424 1537 2460 nitur
1554 2428 1581 2470 7,
1611 2424 1773 2461 sumitur
1801 2423 1999 2461 diversitas
2026 2425 2087 2461 vel
2108 2425 2319 2463 differentia
2337 2438 2409 2474 pro
2429 2426 2504 2464 dis-

1438 2476 1629 2514 tinctione.
1667 2477 1728 2513 Ne
1758 2485 1885 2514 autem
1915 2478 2065 2514 tollatur
2098 2478 2316 2527 simplicitas
2351 2479 2503 2517 divinae

1439 2529 1644 2577 essentiae,
1673 2529 1873 2567 vitandum
1912 2538 1968 2567 est
2004 2543 2149 2568 nomen
2185 2532 2430 2582 separationis
2467 2539 2505 2570 et

1438 2583 1649 2628 divisionis,
1679 2595 1777 2631 quae
1813 2591 1868 2620 est
1895 2583 2009 2620 totius
2037 2583 2076 2620 in
2101 2591 2239 2633 partes.
2279 2585 2341 2621 Ne
2376 2592 2504 2623 autem

1437 2636 1589 2673 tollatur
1616 2635 1835 2683 aequalitas,
1864 2636 2064 2673 vitandum
2093 2644 2149 2673 est
2176 2649 2320 2674 nornen
2348 2638 2505 2687 dispari-

1439 2689 1533 2726 tatis.
1564 2689 1625 2725 Ne
1648 2701 1743 2725 vero
1772 2689 1923 2726 tollatur
1950 2689 2154 2727 similitudo
2175 2688 2200 2737 ὅ,
2228 2690 2429 2728 vitandum
2450 2698 2506 2728 est

1440 2754 1584 2779 nomen
1604 2741 1719 2778 alieni
1745 2749 1780 2778 et
1809 2742 2073 2790 discrepantis.-
2103 2743 2190 2780 dicit
2218 2743 2320 2780 enirn
2340 2744 2504 2781 Ambro-

1440 2795 1533 2842 sius,
1563 2794 1602 2831 in
1629 2794 1724 2831 libro
1753 2795 1799 2831 de
1825 2795 1918 2832 Fide
1935 2795 1971 2842 ³⁸,
2001 2795 2105 2844 quod
2133 2796 2173 2832 in
2200 2797 2311 2833 Patre
2346 2804 2382 2834 et
2410 2796 2504 2834 Filio
2532 2809 2542 2819 ·

1440 2860 1515 2885 non
1543 2853 1598 2884 est
1623 2848 1853 2895 discrepans,
1882 2849 1948 2885 sed
1975 2860 2051 2885 una
2083 2849 2279 2891 divinitas‚·
2309 2856 2344 2885 et
2372 2861 2504 2887 secun-

1441 2902 1534 2938 dum
1568 2900 1775 2947 Hilarium,
1805 2908 1846 2937 ut
1874 2901 2017 2938 dietum
2048 2909 2102 2938 est
2120 2901 2151 2948 ⁸¹,
2181 2901 2219 2938 in
2249 2901 2386 2939 divinis
2414 2903 2507 2939 nihil
2531 2911 2542 2920 '

1441 2960 1495 2991 est
1520 2953 1697 3000 alienum,
1727 2954 1819 2990 nihil
1837 2959 1847 2974 ²
1875 2954 2095 3002 separabile.

1494 3007 1555 3044 Ad
1583 3006 1783 3043 vitandum
1802 3019 1896 3043 vero
1926 3019 2094 3044 errorem
2119 3006 2282 3054 Sabellii,
2302 3007 2422 3044 vitare
2442 3007 2506 3045 de-

1442 3060 1579 3096 bemus
1606 3059 1923 3109 singularitatem,
1953 3072 2000 3097 ne
2030 3060 2179 3097 tollatur
2207 3060 2506 3098 communicabi-

1442 3113 1523 3149 litas
1562 3112 1745 3149 essentiae
1775 3112 1945 3150 divinae:
1975 3113 2079 3150 unde
2108 3112 2272 3150 Hilarius
2302 3113 2406 3159 dicit,
2435 3113 2504 3150 Vll

1442 3166 1487 3202 de
1519 3167 1555 3202 T
1550 3165 1621 3202 rin.
1642 3165 1677 3202 *z
1707 3166 1857 3202 Patrem
1887 3171 1923 3202 et
1947 3165 2086 3203 Filium
2118 3166 2351 3215 singularem
2379 3167 2504 3203 Deum
2532 3178 2542 3188 ·

1438 3218 1672 3266 praedicare,
1692 3218 1920 3268 sacrilegum
1942 3224 2004 3255 est.
2035 3218 2233 3255 Debemus
2254 3219 2367 3256 etiam
2385 3218 2506 3256 vitare

1443 3283 1586 3308 nomen
1615 3271 1729 3317 unici,
1760 3283 1808 3308 ne
1836 3272 1984 3308 tollatur
2020 3283 2202 3308 numerus
2230 3282 2503 3320 personarum:

1442 3324 1542 3361 unde
1568 3323 1732 3360 Hilarius
1752 3324 1790 3361 in
1811 3324 1949 3361 eodem
1969 3323 2063 3360 libro
2080 3323 2093 3349 t
2107 3323 2126 3345 '¹‘
2147 3324 2236 3362 dicit
2255 3325 2358 3373 quod
2378 3337 2400 3361 a
2419 3325 2503 3360 Deo
2531 3335 2540 3346 ·

1441 3455 1569 3486 paritatis
1588 3455 1628 3480 vel
1647 3455 1797 3484 divisionis,
1817 3461 1884 3487 quae
1903 3458 1942 3479 est
1961 3454 2042 3479 totius
2062 3454 2087 3479 in
2104 3458 2213 3487 panes,-
2236 3461 2268 3479 ne
2286 3457 2374 3479 autem
2394 3453 2505 3479 tollatur

1443 3490 1590 3522 aequalitas
1609 3491 1650 3515 vel
1667 3490 1814 3515 similitudo
1833 3490 1873 3515 ed.
1893 3497 1922 3518 a,
1947 3495 1972 3514 et
1992 3490 2031 3514 ed.
2052 3490 2065 3514 b
2085 3497 2169 3522 usque
2194 3489 2225 3515 ad
2244 3489 2393 3521 aequalitas
2412 3488 2503 3514 incius.

1495 3526 1517 3556 ε)
1537 3525 1660 3555 alienum,
1681 3525 1754 3549 nihil.
1771 3538 1790 3544 -
1809 3525 1869 3549 Om.
1889 3525 2088 3551 PBCDEFGab.

1495 3559 1519 3591 ζ)
1539 3560 1614 3585 libr-0.
1628 3573 1646 3579 -—
1660 3560 1788 3585 Omittunt
1807 3560 1916 3585 codices.
1929 3573 1949 3579 -
1963 3561 1990 3585 In
2010 3565 2079 3585 textu
2092 3560 2167 3586 citato
2180 3567 2228 3592 pro
2239 3559 2393 3593 singularis,
2412 3558 2503 3591 singu-

1441 3595 1536 3620 laritas
1555 3595 1581 3620 P.

2533 2226 2546 2238 ³
2559 2225 2589 2249 D.
2605 2231 2648 2254 70²
2663 2225 2708 2248 bie.

2629 2696 2644 2722 δ

2557 2808 2602 2831 Ubi
2617 2814 2697 2838 supra.

2555 2910 2613 2937 Arg.
2626 2915 2648 2939 3.

2629 2968 2641 2985 ι

2556 3177 2602 3200 Ubi
2616 3183 2695 3206 ιιιρη.

2554 3335 2626 3358 Num.
2639 3335 2676 3364 38.
