2768 4178
990 267 1256 313 QUAESTIO
1286 268 1389 315 XLI,
1418 269 1713 307 ARTICULUS
1744 271 1757 306 Ι

2386 279 2460 314 421

696 465 1107 542 QUAESTIO
1147 466 2052 543 QUADRAGESIMAPRIMA

467 586 551 626 DE
582 585 879 626 PERSONIS
911 585 973 625 IN
1009 586 1493 627 COMPARATIONE
1526 588 1611 627 AD
1646 588 1847 629 ACTUS
1880 589 2272 631 NOTIONALES

1122 701 1155 726 IN
1185 702 1250 726 SEX
1278 702 1479 728 ARTICULOS
1507 703 1623 728 DIVISA

282 813 480 896 Damna
492 802 812 839 considerandum
833 810 889 839 est
913 804 960 840 de
982 803 1159 840 Personis
1183 803 1222 840 in
1242 817 1344 841 com-

39 860 160 910 1230qu
174 866 252 888 ιιιιι,

18 2519 20 2522 .
39 2539 52 2551 ·
63 2538 211 2567 Fulgentius.

362 863 558 904 paratlone
587 855 637 892 ad
665 862 770 892 actus
798 855 1010 893 notionales
1029 855 1059 892 ²¹⁶.

280 909 329 947 Et
358 908 456 946 circa
483 909 558 945 hoc
581 916 816 956 quaeruntur
838 921 916 946 sex.

333 961 482 999 Primo:
511 969 641 999 utrum
670 970 775 999 actus
795 962 1006 999 notionales
1027 961 1099 998 sint
1118 961 1344 1000 attribuendi

385 1014 571 1063 personis.

334 1069 530 1105 Secundo:
558 1074 688 1104 utrum
725 1067 944 1105 huiusmodi
978 1074 1082 1104 actus
1112 1067 1186 1105 sint
1213 1079 1343 1104 neces-

385 1120 472 1158 sarii
499 1121 562 1158 vel
588 1120 803 1158 voluntarii.

1452 805 1600 841 Tertio:
1621 813 1760 852 utrum,
1778 806 1989 843 secundum
2006 807 2222 844 huiusmodi
2243 815 2358 854 actus,
2375 820 2460 856 per-

1505 869 1600 894 sona
1628 858 1811 906 procedat
1839 859 1885 896 de
1915 859 2040 905 nihilo,
2065 860 2127 896 vel
2156 860 2203 897 de
2233 860 2370 909 aliquo.

1453 910 1615 960 Quarto:
1645 919 1771 948 utrum
1791 911 1830 948 in
1851 911 1986 949 divinis
2011 911 2056 948 sit
2078 924 2222 960 ponere
2249 913 2459 962 potentiam

1506 971 1678 1012 respectu
1707 972 1861 1001 actuum
1883 964 2143 1002 notionalium.

1451 1016 1611 1062 Quinto:
1642 1016 1734 1065 quid
1762 1017 1945 1065 significet
1967 1018 2187 1055 huiusmodi
2215 1019 2382 1067 potentia
2399 1025 2430 1056 α.

1453 1069 1585 1105 Sexto:
1614 1076 1743 1106 utrum
1767 1077 1872 1106 actus
1896 1070 2096 1108 notionalis
2116 1071 2164 1108 ad
2184 1072 2310 1119 plures
2329 1084 2461 1121 perso-

1506 1133 1573 1158 nas
1602 1122 1795 1159 terminari
1819 1123 1938 1172 possit
1956 1122 1984 1160 β.

1096 1238 1413 1280 ARTICULUS
1445 1239 1650 1281 PRIMUS

727 1332 883 1363 UTRUM
902 1331 1045 1362 Aeros
1068 1330 1346 1362 NOTIONALES
1370 1330 1467 1361 SINT
1490 1331 1786 1363 ATTRIBUENDI
1810 1333 2013 1364 PERsonls

302 1558 323 1573 ¹-

304 1572 314 1582 *
342 1598 350 1605 -
434 1512 540 1616 ’,Χάει
571 1580 606 1616 T
602 1591 673 1615 rm
685 1554 732 1626 ·*,
763 1578 868 1627 quod
900 1578 1028 1614 omnia
1063 1589 1228 1627 genera,
1258 1589 1344 1613 cum

273 1627 362 1684 ’quis
387 1630 425 1668 in
453 1631 620 1669 divinam
648 1631 759 1669 vertit
779 1635 794 1658 ⁷
816 1631 1158 1679 praedicationem,
1188 1630 1224 1667 in
1253 1630 1344 1666 divi-

275 1696 370 1730 nam
388 1690 582 1722 mutantur
603 1683 861 1730 substantiam,
881 1684 1043 1732 exceptis
1062 1683 1236 1720 relativis.
1268 1683 1345 1720 Sed

279 1737 376 1775 aetio
411 1744 466 1775 est
497 1750 620 1775 unum
659 1737 706 1774 de
744 1738 880 1774 decem
914 1736 1126 1796 generibus.
1168 1735 1207 1773 Si
1235 1735 1346 1784 igitur

279 1789 377 1829 actio
410 1790 534 1840 aliqua
568 1791 655 1827 Deo
688 1790 917 1837 attribuitur,
956 1789 1004 1827 ad
1035 1789 1112 1827 eius
1142 1789 1343 1826 essentiam

278 1842 489 1892 pertinebit,
520 1851 556 1880 et
583 1856 662 1880 non
691 1843 739 1880 ad
768 1842 978 1880 notionem.

334 1908 369 1933 2.
399 1897 640 1943 PRAETEREA,
670 1895 902 1944 Augustinus
931 1895 1034 1944 dicit,
1062 1896 1097 1932 V
1125 1895 1170 1932 de
1193 1897 1229 1932 T
1224 1895 1295 1932 rin.
1311 1895 1342 1943 ³¹⁶,

278 1949 384 1998 quod
413 1961 530 1986 omne
558 1949 664 1998 quod
693 1949 741 1986 de
769 1949 853 1985 Deo
883 1948 1026 1996 dicitur,
1051 1955 1115 1985 aut
1134 1948 1269 1986 dicitur
1287 1961 1343 1985 se-

279 2001 449 2040 cundum
479 2002 743 2049 substantiam,
773 2009 838 2038 aut
866 2002 1077 2039 secundum
1107 2000 1342 2038 relationem.

280 2054 358 2094 Sed
379 2068 424 2092 ea
443 2066 542 2104 quae
566 2054 615 2092 ad
645 2054 893 2092 substantiam
911 2054 1110 2103 pertinent,
1132 2054 1342 2102 significan-

278 2115 339 2146 tur
364 2120 434 2157 per
463 2107 675 2145 essentialia
696 2107 890 2145 attributa:
922 2119 1020 2156 quae
1047 2120 1143 2145 vero
1172 2107 1222 2144 ad
1250 2108 1343 2144 rela-

278 2161 435 2208 tionem,
464 2174 534 2210 per
561 2161 720 2199 nomina
746 2173 999 2209 personarum
1029 2167 1065 2197 et
1090 2173 1159 2210 per
1187 2161 1344 2198 nomina

278 2214 565 2264 proprietatum.
596 2215 688 2251 Non
707 2221 795 2251 sunt
814 2225 915 2261 ergo,
938 2220 1090 2262 praeter
1116 2214 1224 2262 haec,
1245 2213 1344 2251 attri-

277 2266 422 2306 buendi
448 2267 622 2316 personis
650 2266 862 2304 notionales
891 2273 1008 2303 actus.
1037 2273 1041 2277 '

334 2321 369 2358 3.
389 2320 624 2367 PRAETEREA,
653 2319 854 2369 proprium
884 2318 1040 2356 actionis
1061 2325 1116 2356 est
1135 2331 1179 2356 ex
1200 2332 1240 2356 se
1258 2332 1345 2368 pas-

279 2372 428 2411 sionem
456 2373 606 2411 inferre.
637 2372 716 2411 Sed
742 2372 782 2411 in
803 2371 941 2411 divinis
960 2385 1039 2410 non
1057 2371 1239 2421 ponimus
1259 2385 1344 2421 pas-

279 2425 407 2465 siones
427 2423 452 2463 ⁸.
477 2427 579 2474 Ergo
599 2438 725 2476 neque
746 2433 852 2463 actus
872 2425 1083 2462 notionales
1102 2424 1154 2462 ibi
1173 2425 1344 2474 ponendi

278 2487 379 2517 sunt.

334 2533 408 2570 SED
437 2543 583 2568 CONTRA
599 2542 676 2581 'EST
700 2530 806 2579 quod
826 2530 1059 2579 Augustinus
1077 2529 1098 2551 *
1126 2529 1225 2577 dicit,
1246 2530 1284 2567 in
1304 2530 1346 2567 li-

277 2585 350 2623 bro
379 2584 424 2621 de
441 2584 535 2621 Fide
561 2583 614 2620 ad
637 2585 791 2621 Petrum
810 2583 847 2620 *z
871 2583 1074 2632 Proprium
1093 2589 1105 2604 ³
1132 2584 1254 2620 Patris
1282 2589 1344 2630 est,

280 2637 382 2687 quod
402 2636 542 2687 Filium
569 2636 710 2686 genuit.
742 2636 819 2673 Sed
847 2635 1039 2684 generatio
1064 2643 1169 2672 actus
1189 2636 1344 2685 quidam

283 2698 348 2727 est.
369 2690 472 2737 Ergo
492 2696 597 2726 actus
617 2688 829 2725 notionales
848 2689 1017 2737 ponendi
1037 2697 1125 2725 sunt
1143 2688 1182 2726 in
1198 2689 1343 2726 divinis.

335 2744 560 2780 RESPONDEO
589 2753 772 2778 monimum
801 2742 908 2790 quod
936 2742 974 2778 in
1003 2741 1141 2779 divinis
1171 2742 1346 2791 personis

282 2795 484 2835 attenditur
522 2794 707 2832 distinctio
742 2794 953 2831 secundum
992 2794 1187 2843 originem.
1228 2794 1344 2842 Origo

282 2856 411 2887 autem
432 2848 705 2887 convenienter
725 2846 910 2895 designari
930 2860 1010 2885 non
1027 2855 1153 2896 potest
1179 2847 1250 2884 nisi
1277 2859 1346 2896 per

282 2901 428 2952 aliquos
460 2909 577 2939 actus,
616 2900 678 2938 Ad
711 2899 987 2947 designandum
1024 2900 1135 2948 igitur
1172 2899 1346 2937 ordinem

283 2954 435 3003 originis
455 2954 470 2980 ζ
496 2955 535 2991 in
564 2953 699 2991 divinis
723 2953 908 3001 personis,
929 2953 1186 2990 necessarium
1207 2952 1275 2989 fuit
1293 2960 1346 2989 at-

282 3007 446 3045 tribuere
474 3006 648 3056 personis
677 3013 781 3042 aetus
810 3005 1034 3043 notionales.

336 3061 395 3097 AD
416 3071 553 3097 PRIMUM
576 3071 674 3096 ERGO
695 3071 878 3096 DICENDUM
894 3058 999 3108 quod
1019 3057 1143 3095 omnis
1161 3058 1264 3106 origo
1282 3058 1345 3095 de-

283 3112 452 3160 signatur
478 3124 547 3161 per
573 3113 738 3161 aliquem
759 3119 898 3148 actum.
928 3111 1079 3160 Duplex
1098 3118 1226 3148 autem
1247 3111 1344 3148 ordo

285 3165 438 3213 originis
458 3164 607 3203 attribui
625 3166 710 3202 Deo
729 3172 865 3214 potest.
895 3165 1002 3202 Unus
1023 3163 1192 3212 quidem,
1213 3168 1346 3202 secun-

285 3218 378 3255 dum
415 3217 522 3266 quod
560 3226 730 3256 creatura
765 3218 812 3254 ab
846 3229 892 3254 eo
921 3216 1179 3266 progreditur:
1211 3224 1246 3253 et
1272 3217 1346 3254 hoc

285 3283 492 3308 commune
530 3278 586 3308 est
613 3271 731 3308 tribus
759 3269 944 3320 personis.
983 3270 1032 3307 Et
1059 3269 1147 3306 ideo
1179 3269 1346 3307 actiones

285 3336 383 3373 quae
413 3323 665 3360 attribuuntur
692 3324 778 3360 Deo
808 3323 857 3360 ad
886 3322 1162 3371 designandum
1194 3335 1347 3372 proces-

338 3454 366 3486 α)
380 3453 513 3486 potentia.
530 3466 549 3472 -
562 3453 662 3485 positio
681 3454 753 3486 GpF.

338 3488 364 3522 β)
384 3489 563 3514 notionah's...
571 3488 667 3520 possit.
684 3502 703 3508 -
721 3489 867 3514 notionales
911 3489 1017 3520 possint
1036 3488 1099 3513 Patr.

337 3525 364 3558 γ)
384 3525 471 3549 vertit.
488 3537 508 3543 -
524 3524 607 3548 sumit
623 3523 677 3552 AC,
695 3524 777 3549 sumit
795 3525 836 3549 vel
853 3524 934 3550 vertit
951 3524 982 3549 E.

337 3558 363 3592 δ)
378 3560 525 3591 passiones.
543 3573 562 3578 -
575 3558 728 3591 passionem
747 3559 800 3584 BD.

338 3595 360 3627 ε)
380 3595 533 3626 Proprium.
551 3607 570 3612 —
587 3594 730 3625 Proprium
747 3594 853 3626 quidem
873 3594 902 3620 P.

1399 1430 1486 1455 sum
1507 1426 1765 1456 creaturarum
1786 1421 1834 1456 ab
1853 1420 1950 1469 ipso,
1971 1421 2019 1457 ad
2040 1421 2241 1458 essentiam
2260 1421 2459 1469 pertinent.

1399 1471 1505 1507 Alius
1529 1479 1656 1508 autern
1682 1472 1776 1509 ordo
1797 1473 1949 1521 originis
1968 1473 2006 1510 in
2028 1474 2163 1510 divinis
2184 1474 2386 1511 attenditur
2404 1487 2461 1511 se-

1400 1523 1566 1560 cundum
1587 1525 1872 1572 processionem
1896 1538 2083 1574 personae
2104 1539 2125 1563 a
2143 1539 2319 1575 persona.
2349 1528 2460 1564 Unde

1398 1585 1504 1613 actus
1534 1577 1772 1625 designantes
1800 1579 1912 1615 huius
1942 1579 2091 1626 originis
2121 1579 2308 1627 ordinem,
2338 1580 2460 1616 notio-

1399 1630 1504 1666 nales
1533 1629 1727 1676 dicuntur:
1758 1630 1847 1679 quia
1881 1631 2057 1668 notiones
2093 1644 2345 1680 personarum
2373 1641 2460 1670 sunt

1397 1694 1648 1731 personarum
1669 1683 1910 1720 habitudines
1930 1684 1978 1721 ad
1997 1684 2176 1732 invicem,
2197 1692 2238 1721 ut
2257 1697 2303 1722 ex
2323 1684 2428 1723 dictis
2441 1685 2462 1707 '¹‘

1397 1742 1511 1783 patet.

1451 1790 1509 1825 An
1538 1800 1727 1825 SECUNDUM
1761 1801 1944 1826 DICENDUM
1977 1789 2082 1837 quod
2115 1796 2221 1826 actus
2249 1789 2459 1827 notionales

1398 1841 1610 1878 secundum
1639 1841 1801 1878 modum
1839 1842 2072 1889 significandi
2100 1849 2246 1879 tantum
2285 1842 2462 1880 differunt

1398 1906 1420 1930 a
1449 1893 1693 1931 relationibus
1720 1907 1993 1943 personarum;
2023 1895 2090 1931 sed
2119 1907 2159 1932 re
2188 1902 2274 1932 sunt
2301 1896 2459 1932 omnino

1397 1945 1511 1983 idern.
1541 1947 1652 1984 Unde
1681 1947 1860 1995 Magister
1889 1947 1987 1995 dicit,
2008 1947 2047 1984 in
2075 1948 2222 1994 ISent.,
2247 1959 2334 1985 xxw
2364 1948 2462 1995 dist,

1398 2000 1503 2048 quod
1522 1999 1711 2047 generatio
1742 2007 1778 2036 et
1806 1999 1980 2037 nativitas
2000 2000 2083 2037 aliis
2103 2001 2315 2037 nominihus
2333 2001 2461 2038 dicun-

1397 2058 1458 2089 tur
1479 2053 1688 2102 paterm'tas
1721 2059 1757 2090 et
1770 2053 1924 2102 filiatio.
1945 2074 1968 2081 -
1990 2053 2050 2090 Ad
2080 2053 2186 2090 cuius
2216 2053 2460 2100 evidentiam,

1397 2105 1670 2142 attendendum
1691 2113 1747 2142 est
1766 2106 1870 2154 quod
1888 2106 2014 2155 primo
2036 2105 2221 2143 coniicere
2239 2105 2433 2154 potuimus
2447 2111 2461 2130 '¹

1398 2158 1583 2206 originem
1616 2157 1771 2195 alicuius
1799 2159 1847 2196 ab
1876 2159 1961 2206 alio,
1993 2171 2038 2195 ex
2066 2166 2195 2196 motu:
2224 2160 2328 2207 quod
2359 2159 2460 2196 enim

1398 2211 1524 2259 aliqua
1552 2224 1611 2248 res
1640 2223 1662 2247 a
1690 2223 1760 2248 sua
1793 2211 2039 2260 dispositione
2072 2219 2335 2249 removeretur
2353 2209 2367 2232 ⁰
2393 2224 2462 2260 per

1398 2271 1560 2310 motum,
1577 2263 1822 2300 manifestum
1842 2264 1909 2301 fuit
1927 2265 2002 2300 hoc
2021 2264 2069 2300 ab
2090 2263 2215 2314 aliqua
2235 2276 2348 2301 causa
2367 2264 2463 2301 acci-

1399 2317 1500 2354 dere.
1530 2317 1579 2354 Et
1606 2317 1694 2353 ideo
1724 2316 1833 2364 actio,
1862 2317 2074 2354 secundum
2106 2317 2270 2366 primam
2300 2317 2463 2354 nominis

1398 2369 1708 2418 impositionem,
1744 2370 1924 2419 importat
1961 2370 2146 2419 originem
2184 2376 2331 2406 motus.-
2369 2370 2464 2407 sicut

1399 2423 1501 2459 enim
1522 2429 1660 2469 motus,
1681 2431 1795 2471 prout
1821 2423 1876 2459 est
1893 2422 1931 2459 in
1951 2422 2082 2459 mobili
2101 2423 2149 2459 ab
2170 2422 2308 2470 aliquo,
2330 2422 2463 2459 dicitur

1392 2475 1544 2523 passio;
1571 2476 1621 2512 ita
1650 2475 1755 2523 origo
1789 2475 1904 2524 ipsius
1938 2482 2085 2522 motus,
2115 2475 2326 2512 secundum
2356 2476 2461 2524 quod

1398 2528 1527 2576 incipit
1556 2528 1604 2564 ab
1633 2527 1705 2564 alio
1727 2535 1763 2564 et
1780 2528 2004 2564 terminatur
2021 2527 2059 2564 in
2079 2526 2117 2564 id
2137 2528 2242 2575 quod
2271 2535 2459 2575 movetur,

1398 2588 1558 2618 vocatur
1585 2581 1694 2617 actio.
1731 2581 1896 2617 Remoto
1934 2580 2044 2628 igitur
2077 2587 2205 2627 motu,
2245 2581 2341 2617 actio
2370 2580 2460 2618 nihil

2489 1694 2498 1703 ²
2514 1693 2560 1720 Qu.
2572 1699 2643 1721 xxxn,
2655 1698 2698 1716 art.

1399 2633 1501 2670 aliud
1529 2633 1708 2682 importat
1735 2645 1852 2681 quam
1887 2633 2061 2670 ordinem
2091 2632 2243 2680 originis
2261 2633 2298 2680 ²⁸,
2328 2645 2460 2670 secun·
2485 2639 2496 2650 ⁴
2529 2653 2538 2661 ·
2580 2654 2587 2661 ·

1400 2687 1492 2723 dum
1519 2685 1624 2734 quod
1653 2699 1675 2722 a
1704 2698 1818 2723 eausa
1846 2686 1970 2735 aliqua
1997 2687 2059 2723 vel
2085 2685 2270 2735 principio
2290 2686 2462 2734 procedit

1399 2739 1438 2776 in
1465 2739 1503 2776 id
1531 2738 1636 2787 quod
1665 2746 1719 2775 est
1738 2751 1759 2775 a
1779 2738 1976 2788 principio.
2006 2739 2129 2787 Unde,
2160 2751 2248 2776 cum
2267 2739 2303 2775 in
2326 2739 2461 2777 divinis

1399 2804 1479 2829 non
1507 2791 1552 2828 sit
1577 2799 1715 2838 motus,
1746 2791 1842 2828 actio
1870 2791 2080 2842 personalis
2107 2791 2351 2840 producentis
2370 2805 2462 2852 per-

1400 2857 1548 2891 sonam,
1570 2844 1662 2881 nihil
1690 2844 1790 2882 aliud
1811 2851 1866 2881 est
1884 2856 2000 2894 quam
2019 2844 2202 2882 habitudo
2221 2844 2392 2893 principii
2413 2845 2462 2882 ad

1399 2909 1604 2946 personam
1642 2909 1740 2947 quae
1774 2905 1829 2934 est
1865 2909 1887 2934 a
1913 2897 2110 2947 principio.
2150 2898 2260 2944 Quae
2306 2898 2461 2946 quidem

1400 2950 1640 2987 habitudines
1678 2957 1764 2986 sunt
1800 2949 1905 2999 ipsae
1942 2950 2142 2988 relationes
2174 2950 2237 2987 vel
2274 2950 2459 2988 notiones.

1402 3003 1502 3050 Quia
1521 3010 1650 3039 tamen
1670 3003 1716 3039 de
1737 3002 1870 3040 divinis
1899 3011 1936 3040 et
1961 3001 2246 3052 intelligibilibus
2275 3003 2388 3040 rebus
2407 3004 2461 3040 lo-

1401 3055 1466 3104 qui
1494 3068 1572 3093 non
1595 3068 1801 3104 possumus
1824 3055 1894 3093 nisi
1915 3056 2126 3093 secundum
2145 3056 2306 3092 modum
2335 3068 2461 3093 rerum

1401 3109 1645 3156 sensibilium,
1662 3121 1684 3145 a
1698 3109 1835 3158 quibus
1856 3109 2110 3156 cognitionem
2131 3108 2351 3157 accipimus3
2369 3117 2405 3146 et
2423 3109 2461 3146 in

1402 3161 1538 3211 quibus
1563 3161 1730 3198 actiones
1759 3169 1794 3198 et
1821 3162 2029 3210 passiones,
2059 3161 2283 3209 inquantum
2312 3169 2461 3198 motum

1401 3215 1605 3265 implicant,
1636 3214 1736 3251 aliud
1756 3222 1843 3252 sunt
1861 3227 1884 3251 a
1903 3214 2146 3252 relationibus
2165 3226 2262 3263 quae
2283 3226 2328 3250 ex
2348 3214 2462 3251 actio-

1401 3268 1512 3304 nibus
1533 3275 1568 3304 et
1587 3266 1825 3316 passionibus
1845 3274 2143 3316 consequuntur:
2173 3266 2340 3315 oportuit
2359 3279 2462 3304 seor-

1402 3333 1488 3357 sum
1517 3319 1718 3368 significari
1745 3320 1984 3358 habitudines
2010 3331 2259 3369 personarum
2287 3331 2355 3368 per
2377 3332 2460 3357 mo-

1454 3452 1478 3484 ζ)
1504 3451 1698 3484 designandum
1724 3451 1808 3484 igitur
1832 3451 1953 3476 ordinem
1977 3451 2097 3484 originis.
2116 3463 2135 3469 -
2153 3450 2357 3484 significandum
2376 3451 2461 3482 (desi-

1401 3487 1538 3520 gnandum
1559 3487 1598 3511 ed.
1613 3488 1646 3518 a)
1665 3486 1750 3519 igitur
1767 3486 1880 3519 originis
1899 3486 2019 3511 ordinem
2039 3486 2102 3510 Pab.

1456 3523 1480 3554 η)
1500 3522 1629 3547 coniicere
1643 3522 1789 3552 potuimus.
1806 3535 1825 3540 -
1843 3521 1971 3546 conticere
1985 3528 2127 3553 possumus
2146 3522 2175 3550 B,
2193 3521 2362 3546 commiscere
2369 3522 2462 3553 potui-

1403 3565 1460 3582 mus
1478 3557 1509 3587 G,
1528 3557 1691 3582 committere
1704 3557 1842 3588 potuimus
1860 3557 1906 3588 pF,
1926 3559 2030 3588 oportet
2047 3563 2205 3589 cognoscere
2222 3556 2272 3581 PC.

1455 3591 1478 3625 θ)
1493 3592 1589 3624 quod...
1605 3591 1920 3624 removeretur.—quia...
1936 3594 2087 3616 removetur
2099 3592 2128 3621 Β,
2139 3591 2229 3624 quia...
2244 3595 2422 3617 removeretur
2433 3592 2461 3622 P,
