<?xml version="1.0" encoding="UTF-8"?>
<!DOCTYPE html PUBLIC "-//W3C//DTD XHTML 1.0 Transitional//EN"
    "http://www.w3.org/TR/xhtml1/DTD/xhtml1-transitional.dtd">
<html xmlns="http://www.w3.org/1999/xhtml" xml:lang="en" lang="en">
 <head>
  <title>
</title>
<meta http-equiv="Content-Type" content="text/html;charset=utf-8" />
  <meta name='ocr-system' content='tesseract 3.04.00' />
  <meta name='ocr-capabilities' content='ocr_page ocr_carea ocr_par ocr_line ocrx_word'/>
</head>
<body>
  <div class='ocr_page' id='page_1' title='image "./operaomniaiussui04thom_0462.png"; bbox 0 0 2768 4178; ppageno 0'>
   <div class='ocr_carea' id='block_1_1' title="bbox 67 356 281 411">
    <p class='ocr_par' dir='ltr' id='par_1_1' title="bbox 67 356 281 411">
     <span class='ocr_line' id='line_1_1' title="bbox 67 356 281 382; baseline -0.005 -4"><span class='ocrx_word' id='word_1_1' title='bbox 67 357 79 369; x_wconf 61' lang='lat'>⁴</span> <span class='ocrx_word' id='word_1_2' title='bbox 93 357 144 378; x_wconf 84' lang='lat' dir='ltr'>Lib.</span> <span class='ocrx_word' id='word_1_3' title='bbox 155 356 176 378; x_wconf 92' lang='lat'>11</span> <span class='ocrx_word' id='word_1_4' title='bbox 193 356 281 382; x_wconf 63' lang='lat' dir='ltr'>(arun,</span> 
     </span>
     <span class='ocr_line' id='line_1_2' title="bbox 71 389 175 411; baseline -0.01 -6"><span class='ocrx_word' id='word_1_5' title='bbox 71 389 121 411; x_wconf 87' lang='lat' dir='ltr'>cap.</span> <span class='ocrx_word' id='word_1_6' title='bbox 136 389 175 404; x_wconf 83' lang='lat' dir='ltr'>vu.</span> 
     </span>
    </p>
   </div>
   <div class='ocr_carea' id='block_1_2' title="bbox 67 514 280 567">
    <p class='ocr_par' dir='ltr' id='par_1_2' title="bbox 67 514 280 567">
     <span class='ocr_line' id='line_1_3' title="bbox 69 514 280 541; baseline 0 -6"><span class='ocrx_word' id='word_1_7' title='bbox 69 516 78 524; x_wconf 71' lang='lat'>‘¹</span> <span class='ocrx_word' id='word_1_8' title='bbox 90 514 137 541; x_wconf 87' lang='lat' dir='ltr'>Qu.</span> <span class='ocrx_word' id='word_1_9' title='bbox 147 520 193 541; x_wconf 74' lang='lat' dir='ltr'>xm,</span> <span class='ocrx_word' id='word_1_10' title='bbox 206 517 249 535; x_wconf 84' lang='lat' dir='ltr'>art.</span> <span class='ocrx_word' id='word_1_11' title='bbox 258 514 280 540; x_wconf 85' lang='lat'>6,</span> 
     </span>
     <span class='ocr_line' id='line_1_4' title="bbox 67 541 165 567; baseline 0 -5"><span class='ocrx_word' id='word_1_12' title='bbox 67 541 96 562; x_wconf 85' lang='lat' dir='ltr'>ad</span> <span class='ocrx_word' id='word_1_13' title='bbox 113 547 129 567; x_wconf 84' lang='lat'>1,</span> <span class='ocrx_word' id='word_1_14' title='bbox 144 546 165 562; x_wconf 86' lang='lat'>2.</span> 
     </span>
    </p>
   </div>
   <div class='ocr_carea' id='block_1_3' title="bbox 67 674 281 701">
    <p class='ocr_par' dir='ltr' id='par_1_3' title="bbox 67 674 281 701">
     <span class='ocr_line' id='line_1_5' title="bbox 67 674 281 701; baseline -0.014 -4"><span class='ocrx_word' id='word_1_15' title='bbox 67 676 77 685; x_wconf 79' lang='lat'><em>“</em></span> <span class='ocrx_word' id='word_1_16' title='bbox 96 674 140 697; x_wconf 86' lang='lat' dir='ltr'>Cit.</span> <span class='ocrx_word' id='word_1_17' title='bbox 157 680 219 696; x_wconf 88' lang='lat' dir='ltr'>vers.</span> <span class='ocrx_word' id='word_1_18' title='bbox 235 679 281 701; x_wconf 81' lang='lat'>19..</span> 
     </span>
    </p>
   </div>
   <div class='ocr_carea' id='block_1_4' title="bbox 66 1097 180 1124">
    <p class='ocr_par' dir='ltr' id='par_1_4' title="bbox 66 1097 180 1124">
     <span class='ocr_line' id='line_1_6' title="bbox 66 1097 180 1124; baseline -0.009 -5"><span class='ocrx_word' id='word_1_19' title='bbox 66 1097 77 1109; x_wconf 69' lang='grc'><em>”</em></span> <span class='ocrx_word' id='word_1_20' title='bbox 91 1098 142 1119; x_wconf 86' lang='lat' dir='ltr'>Art.</span> <span class='ocrx_word' id='word_1_21' title='bbox 157 1103 180 1124; x_wconf 87' lang='lat'>4.</span> 
     </span>
    </p>
   </div>
   <div class='ocr_carea' id='block_1_5' title="bbox 309 264 1824 313">
    <p class='ocr_par' dir='ltr' id='par_1_5' title="bbox 309 264 1824 313">
     <span class='ocr_line' id='line_1_7' title="bbox 309 264 1824 313; baseline 0.001 -11"><span class='ocrx_word' id='word_1_22' title='bbox 309 277 388 313; x_wconf 84' lang='lat'>444</span> <span class='ocrx_word' id='word_1_23' title='bbox 994 264 1263 311; x_wconf 84' lang='lat' dir='ltr'>QUAESTIO</span> <span class='ocrx_word' id='word_1_24' title='bbox 1293 265 1415 313; x_wconf 73' lang='lat' dir='ltr'>xm,</span> <span class='ocrx_word' id='word_1_25' title='bbox 1445 266 1744 303; x_wconf 80' lang='lat' dir='ltr'>ARTicULus</span> <span class='ocrx_word' id='word_1_26' title='bbox 1773 266 1824 303; x_wconf 82' lang='lat' dir='ltr'>vi</span> 
     </span>
    </p>
   </div>
   <div class='ocr_carea' id='block_1_6' title="bbox 303 343 1381 1670">
    <p class='ocr_par' dir='ltr' id='par_1_6' title="bbox 303 343 1379 658">
     <span class='ocr_line' id='line_1_8' title="bbox 311 343 1377 392; baseline -0.002 -10"><span class='ocrx_word' id='word_1_27' title='bbox 311 345 399 382; x_wconf 91' lang='lat' dir='ltr'>dicit</span> <span class='ocrx_word' id='word_1_28' title='bbox 414 344 516 381; x_wconf 91' lang='lat' dir='ltr'>enim</span> <span class='ocrx_word' id='word_1_29' title='bbox 531 343 777 392; x_wconf 82' lang='lat' dir='ltr'>Augustinus,</span> <span class='ocrx_word' id='word_1_30' title='bbox 794 343 831 380; x_wconf 92' lang='lat' dir='ltr'>in</span> <span class='ocrx_word' id='word_1_31' title='bbox 852 343 948 380; x_wconf 89' lang='lat' dir='ltr'>libro</span> <span class='ocrx_word' id='word_1_32' title='bbox 969 344 1109 380; x_wconf 87' lang='lat' dir='ltr'><em>Contra</em></span> <span class='ocrx_word' id='word_1_33' title='bbox 1123 344 1377 380; x_wconf 82' lang='lat' dir='ltr'>Maximin.*:</span> 
     </span>
     <span class='ocr_line' id='line_1_9' title="bbox 310 396 1378 447; baseline -0.001 -13"><span class='ocrx_word' id='word_1_34' title='bbox 310 399 352 434; x_wconf 89' lang='lat' dir='ltr'>Si</span> <span class='ocrx_word' id='word_1_35' title='bbox 369 410 442 435; x_wconf 87' lang='lat' dir='ltr'>non</span> <span class='ocrx_word' id='word_1_36' title='bbox 456 398 582 446; x_wconf 83' lang='lat' dir='ltr'>potuit</span> <span class='ocrx_word' id='word_1_37' title='bbox 596 409 786 447; x_wconf 82' lang='lat' dir='ltr'>generare</span> <span class='ocrx_word' id='word_1_38' title='bbox 798 397 871 434; x_wconf 82' lang='lat' dir='ltr'>sihi</span> <span class='ocrx_word' id='word_1_39' title='bbox 887 396 1096 445; x_wconf 83' lang='lat' dir='ltr'>aequalem,</span> <span class='ocrx_word' id='word_1_40' title='bbox 1114 397 1179 433; x_wconf 81' lang='lat' dir='ltr'>ubi</span> <span class='ocrx_word' id='word_1_41' title='bbox 1191 402 1246 432; x_wconf 82' lang='lat' dir='ltr'>est</span> <span class='ocrx_word' id='word_1_42' title='bbox 1258 398 1378 434; x_wconf 87' lang='lat' dir='ltr'>omni—</span> 
     </span>
     <span class='ocr_line' id='line_1_10' title="bbox 303 449 1378 499; baseline -0.002 -11"><span class='ocrx_word' id='word_1_43' title='bbox 303 452 470 499; x_wconf 84' lang='lat' dir='ltr'>potentia</span> <span class='ocrx_word' id='word_1_44' title='bbox 490 451 565 487; x_wconf 89' lang='lat' dir='ltr'>Dei</span> <span class='ocrx_word' id='word_1_45' title='bbox 580 449 732 487; x_wconf 84' lang='lat' dir='ltr'>Patris?</span> <span class='ocrx_word' id='word_1_46' title='bbox 760 450 837 487; x_wconf 89' lang='lat' dir='ltr'>Sed</span> <span class='ocrx_word' id='word_1_47' title='bbox 867 450 984 486; x_wconf 87' lang='lat' dir='ltr'>Filius</span> <span class='ocrx_word' id='word_1_48' title='bbox 1011 462 1089 486; x_wconf 90' lang='lat' dir='ltr'>non</span> <span class='ocrx_word' id='word_1_49' title='bbox 1112 456 1238 498; x_wconf 90' lang='lat' dir='ltr'>potest</span> <span class='ocrx_word' id='word_1_50' title='bbox 1265 462 1378 498; x_wconf 86' lang='lat' dir='ltr'>gene-</span> 
     </span>
     <span class='ocr_line' id='line_1_11' title="bbox 309 503 1377 552; baseline -0.002 -11"><span class='ocrx_word' id='word_1_51' title='bbox 309 516 391 541; x_wconf 89' lang='lat' dir='ltr'>rare</span> <span class='ocrx_word' id='word_1_52' title='bbox 421 504 576 550; x_wconf 84' lang='lat' dir='ltr'>Filium,</span> <span class='ocrx_word' id='word_1_53' title='bbox 606 511 648 540; x_wconf 88' lang='lat' dir='ltr'>ut</span> <span class='ocrx_word' id='word_1_54' title='bbox 675 516 792 552; x_wconf 89' lang='lat' dir='ltr'>supra</span> <span class='ocrx_word' id='word_1_55' title='bbox 809 503 830 525; x_wconf 69' lang='lat'>²¹⁶</span> <span class='ocrx_word' id='word_1_56' title='bbox 849 510 1046 540; x_wconf 90' lang='lat' dir='ltr'>ostensum</span> <span class='ocrx_word' id='word_1_57' title='bbox 1076 510 1142 539; x_wconf 91' lang='lat' dir='ltr'>est.</span> <span class='ocrx_word' id='word_1_58' title='bbox 1174 503 1267 539; x_wconf 92' lang='lat' dir='ltr'>Non</span> <span class='ocrx_word' id='word_1_59' title='bbox 1286 515 1377 551; x_wconf 88' lang='lat' dir='ltr'>ergo</span> 
     </span>
     <span class='ocr_line' id='line_1_12' title="bbox 309 555 1379 605; baseline -0.001 -11"><span class='ocrx_word' id='word_1_60' title='bbox 309 557 494 605; x_wconf 92' lang='lat' dir='ltr'>quidquid</span> <span class='ocrx_word' id='word_1_61' title='bbox 512 556 674 605; x_wconf 88' lang='lat' dir='ltr'>pertinet</span> <span class='ocrx_word' id='word_1_62' title='bbox 692 557 741 594; x_wconf 92' lang='lat' dir='ltr'>ad</span> <span class='ocrx_word' id='word_1_63' title='bbox 761 556 1080 605; x_wconf 84' lang='lat' dir='ltr'>omnipotentiam</span> <span class='ocrx_word' id='word_1_64' title='bbox 1099 555 1232 602; x_wconf 90' lang='lat' dir='ltr'>Patris,</span> <span class='ocrx_word' id='word_1_65' title='bbox 1252 564 1379 605; x_wconf 92' lang='lat' dir='ltr'>potest</span> 
     </span>
     <span class='ocr_line' id='line_1_13' title="bbox 309 609 1343 658; baseline -0.002 -11"><span class='ocrx_word' id='word_1_66' title='bbox 309 610 435 647; x_wconf 91' lang='lat' dir='ltr'>Filius.</span> <span class='ocrx_word' id='word_1_67' title='bbox 473 611 522 646; x_wconf 92' lang='lat' dir='ltr'>Et</span> <span class='ocrx_word' id='word_1_68' title='bbox 549 610 599 646; x_wconf 92' lang='lat' dir='ltr'>ita</span> <span class='ocrx_word' id='word_1_69' title='bbox 628 622 707 646; x_wconf 91' lang='lat' dir='ltr'>non</span> <span class='ocrx_word' id='word_1_70' title='bbox 736 618 792 646; x_wconf 89' lang='lat' dir='ltr'>est</span> <span class='ocrx_word' id='word_1_71' title='bbox 820 609 853 646; x_wconf 89' lang='lat' dir='ltr'>ei</span> <span class='ocrx_word' id='word_1_72' title='bbox 881 610 918 646; x_wconf 91' lang='lat' dir='ltr'>in</span> <span class='ocrx_word' id='word_1_73' title='bbox 947 616 1134 658; x_wconf 86' lang='lat' dir='ltr'>potestate</span> <span class='ocrx_word' id='word_1_74' title='bbox 1163 609 1343 658; x_wconf 89' lang='lat' dir='ltr'>aequalis.</span> 
     </span>
    </p>

    <p class='ocr_par' dir='ltr' id='par_1_7' title="bbox 308 661 1377 765">
     <span class='ocr_line' id='line_1_14' title="bbox 363 661 1377 712; baseline -0.001 -12"><span class='ocrx_word' id='word_1_75' title='bbox 363 664 437 700; x_wconf 77' lang='lat' dir='ltr'>SED</span> <span class='ocrx_word' id='word_1_76' title='bbox 458 665 606 700; x_wconf 78' lang='lat' dir='ltr'>CONTRA&#39;</span> <span class='ocrx_word' id='word_1_77' title='bbox 624 674 691 700; x_wconf 83' lang='lat' dir='ltr'>EST</span> <span class='ocrx_word' id='word_1_78' title='bbox 719 663 825 712; x_wconf 91' lang='lat' dir='ltr'>quod</span> <span class='ocrx_word' id='word_1_79' title='bbox 854 662 987 699; x_wconf 86' lang='lat' dir='ltr'>dicitur</span> <span class='ocrx_word' id='word_1_80' title='bbox 1016 663 1120 699; x_wconf 87' lang='lat' dir='ltr'>Ioan.</span> <span class='ocrx_word' id='word_1_81' title='bbox 1141 673 1166 699; x_wconf 86' lang='lat' dir='ltr'>v</span> <span class='ocrx_word' id='word_1_82' title='bbox 1184 661 1221 699; x_wconf 75' lang='grc' dir='ltr'>*ε</span> <span class='ocrx_word' id='word_1_83' title='bbox 1256 663 1377 705; x_wconf 84' lang='lat' dir='ltr'>Quae-</span> 
     </span>
     <span class='ocr_line' id='line_1_15' title="bbox 308 715 1375 765; baseline 0 -12"><span class='ocrx_word' id='word_1_84' title='bbox 308 728 468 765; x_wconf 86' lang='lat' dir='ltr'><em>cumque</em></span> <span class='ocrx_word' id='word_1_85' title='bbox 493 717 608 753; x_wconf 88' lang='lat' dir='ltr'>Pater</span> <span class='ocrx_word' id='word_1_86' title='bbox 630 716 736 764; x_wconf 85' lang='lat' dir='ltr'>facit,</span> <span class='ocrx_word' id='word_1_87' title='bbox 761 717 855 753; x_wconf 87' lang='lat' dir='ltr'>haec</span> <span class='ocrx_word' id='word_1_88' title='bbox 883 721 919 752; x_wconf 89' lang='lat' dir='ltr'>et</span> <span class='ocrx_word' id='word_1_89' title='bbox 939 715 1058 752; x_wconf 84' lang='lat' dir='ltr'>Filius</span> <span class='ocrx_word' id='word_1_90' title='bbox 1076 715 1246 752; x_wconf 81' lang='lat' dir='ltr'>similiter</span> <span class='ocrx_word' id='word_1_91' title='bbox 1259 716 1375 764; x_wconf 85' lang='lat' dir='ltr'>facit.</span> 
     </span>
    </p>

    <p class='ocr_par' dir='ltr' id='par_1_8' title="bbox 305 768 1379 1404">
     <span class='ocr_line' id='line_1_16' title="bbox 362 768 1376 816; baseline -0.001 -10"><span class='ocrx_word' id='word_1_92' title='bbox 362 771 587 807; x_wconf 82' lang='lat' dir='ltr'>RESPONDEO</span> <span class='ocrx_word' id='word_1_93' title='bbox 622 781 807 807; x_wconf 83' lang='lat' dir='ltr'><strong>DICENDUM</strong></span> <span class='ocrx_word' id='word_1_94' title='bbox 846 768 952 816; x_wconf 94' lang='lat' dir='ltr'>quod</span> <span class='ocrx_word' id='word_1_95' title='bbox 980 781 1137 805; x_wconf 88' lang='lat' dir='ltr'>necesse</span> <span class='ocrx_word' id='word_1_96' title='bbox 1167 776 1223 805; x_wconf 91' lang='lat' dir='ltr'>est</span> <span class='ocrx_word' id='word_1_97' title='bbox 1251 769 1376 806; x_wconf 87' lang='lat' dir='ltr'>dicere</span> 
     </span>
     <span class='ocr_line' id='line_1_17' title="bbox 306 822 1377 872; baseline -0.002 -12"><span class='ocrx_word' id='word_1_98' title='bbox 306 823 412 872; x_wconf 92' lang='lat' dir='ltr'>quod</span> <span class='ocrx_word' id='word_1_99' title='bbox 441 823 557 860; x_wconf 92' lang='lat' dir='ltr'>Filius</span> <span class='ocrx_word' id='word_1_100' title='bbox 587 830 642 859; x_wconf 93' lang='lat' dir='ltr'>est</span> <span class='ocrx_word' id='word_1_101' title='bbox 670 822 837 872; x_wconf 85' lang='lat' dir='ltr'>aequalis</span> <span class='ocrx_word' id='word_1_102' title='bbox 854 828 866 848; x_wconf 74' lang='lat'><strong><em>⁷</em></strong></span> <span class='ocrx_word' id='word_1_103' title='bbox 886 822 989 859; x_wconf 90' lang='lat' dir='ltr'>Patri</span> <span class='ocrx_word' id='word_1_104' title='bbox 1012 822 1050 859; x_wconf 90' lang='lat' dir='ltr'>in</span> <span class='ocrx_word' id='word_1_105' title='bbox 1074 829 1273 870; x_wconf 90' lang='lat' dir='ltr'>potestate.</span> <span class='ocrx_word' id='word_1_106' title='bbox 1302 823 1377 858; x_wconf 92' lang='lat' dir='ltr'>Po-</span> 
     </span>
     <span class='ocr_line' id='line_1_18' title="bbox 307 875 1378 924; baseline -0.002 -11"><span class='ocrx_word' id='word_1_107' title='bbox 307 876 423 913; x_wconf 87' lang='lat' dir='ltr'>tentia</span> <span class='ocrx_word' id='word_1_108' title='bbox 451 876 555 913; x_wconf 88' lang='lat' dir='ltr'>enim</span> <span class='ocrx_word' id='word_1_109' title='bbox 584 876 721 924; x_wconf 88' lang='lat' dir='ltr'>agendi</span> <span class='ocrx_word' id='word_1_110' title='bbox 750 875 997 924; x_wconf 85' lang='lat' dir='ltr'>consequitur</span> <span class='ocrx_word' id='word_1_111' title='bbox 1019 875 1292 924; x_wconf 83' lang='lat' dir='ltr'>perfectionem</span> <span class='ocrx_word' id='word_1_112' title='bbox 1311 886 1378 911; x_wconf 87' lang='lat' dir='ltr'>na-</span> 
     </span>
     <span class='ocr_line' id='line_1_19' title="bbox 306 928 1375 976; baseline -0.002 -10"><span class='ocrx_word' id='word_1_113' title='bbox 306 937 434 966; x_wconf 87' lang='lat' dir='ltr'>turae:</span> <span class='ocrx_word' id='word_1_114' title='bbox 462 929 641 967; x_wconf 87' lang='lat' dir='ltr'>videmus</span> <span class='ocrx_word' id='word_1_115' title='bbox 670 929 772 966; x_wconf 87' lang='lat' dir='ltr'>enim</span> <span class='ocrx_word' id='word_1_116' title='bbox 805 929 844 966; x_wconf 91' lang='lat' dir='ltr'>in</span> <span class='ocrx_word' id='word_1_117' title='bbox 878 928 1057 965; x_wconf 86' lang='lat' dir='ltr'>creaturis</span> <span class='ocrx_word' id='word_1_118' title='bbox 1091 929 1196 976; x_wconf 90' lang='lat' dir='ltr'>quod</span> <span class='ocrx_word' id='word_1_119' title='bbox 1233 935 1375 976; x_wconf 88' lang='lat' dir='ltr'>quanto</span> 
     </span>
     <span class='ocr_line' id='line_1_20' title="bbox 308 980 1379 1031; baseline -0.002 -11"><span class='ocrx_word' id='word_1_120' title='bbox 308 982 450 1031; x_wconf 90' lang='lat' dir='ltr'>aliquid</span> <span class='ocrx_word' id='word_1_121' title='bbox 475 980 488 1003; x_wconf 59' lang='grc' dir='ltr'><strong>ὅ</strong></span> <span class='ocrx_word' id='word_1_122' title='bbox 514 983 631 1019; x_wconf 90' lang='lat' dir='ltr'>habet</span> <span class='ocrx_word' id='word_1_123' title='bbox 663 982 930 1031; x_wconf 88' lang='lat' dir='ltr'>perfectiorem</span> <span class='ocrx_word' id='word_1_124' title='bbox 964 989 1157 1029; x_wconf 86' lang='lat' dir='ltr'>naturam,</span> <span class='ocrx_word' id='word_1_125' title='bbox 1187 988 1291 1018; x_wconf 88' lang='lat' dir='ltr'>tanto</span> <span class='ocrx_word' id='word_1_126' title='bbox 1322 988 1379 1018; x_wconf 91' lang='lat' dir='ltr'>est</span> 
     </span>
     <span class='ocr_line' id='line_1_21' title="bbox 305 1034 1377 1083; baseline -0.001 -11"><span class='ocrx_word' id='word_1_127' title='bbox 305 1036 461 1073; x_wconf 88' lang='lat' dir='ltr'>maioris</span> <span class='ocrx_word' id='word_1_128' title='bbox 489 1035 635 1073; x_wconf 91' lang='lat' dir='ltr'>virtutis</span> <span class='ocrx_word' id='word_1_129' title='bbox 663 1035 702 1072; x_wconf 91' lang='lat' dir='ltr'>in</span> <span class='ocrx_word' id='word_1_130' title='bbox 731 1034 893 1083; x_wconf 85' lang='lat' dir='ltr'>agendo.</span> <span class='ocrx_word' id='word_1_131' title='bbox 924 1035 1136 1072; x_wconf 89' lang='lat' dir='ltr'>Ostensum</span> <span class='ocrx_word' id='word_1_132' title='bbox 1167 1042 1223 1072; x_wconf 89' lang='lat' dir='ltr'>est</span> <span class='ocrx_word' id='word_1_133' title='bbox 1247 1042 1377 1072; x_wconf 89' lang='lat' dir='ltr'>autem</span> 
     </span>
     <span class='ocr_line' id='line_1_22' title="bbox 307 1088 1377 1138; baseline 0 -13"><span class='ocrx_word' id='word_1_134' title='bbox 307 1101 422 1138; x_wconf 90' lang='lat' dir='ltr'>supra</span> <span class='ocrx_word' id='word_1_135' title='bbox 446 1088 466 1110; x_wconf 71' lang='lat'>³¹⁵</span> <span class='ocrx_word' id='word_1_136' title='bbox 494 1089 599 1137; x_wconf 89' lang='lat' dir='ltr'>quod</span> <span class='ocrx_word' id='word_1_137' title='bbox 626 1089 709 1138; x_wconf 91' lang='lat' dir='ltr'>ipsa</span> <span class='ocrx_word' id='word_1_138' title='bbox 737 1088 831 1125; x_wconf 88' lang='lat' dir='ltr'>ratio</span> <span class='ocrx_word' id='word_1_139' title='bbox 853 1088 1006 1125; x_wconf 90' lang='lat' dir='ltr'>divinae</span> <span class='ocrx_word' id='word_1_140' title='bbox 1025 1088 1258 1137; x_wconf 88' lang='lat' dir='ltr'>paternitatis</span> <span class='ocrx_word' id='word_1_141' title='bbox 1279 1095 1316 1125; x_wconf 89' lang='lat' dir='ltr'>et</span> <span class='ocrx_word' id='word_1_142' title='bbox 1333 1089 1377 1125; x_wconf 89' lang='lat' dir='ltr'>fi-</span> 
     </span>
     <span class='ocr_line' id='line_1_23' title="bbox 307 1141 1377 1191; baseline 0 -13"><span class='ocrx_word' id='word_1_143' title='bbox 307 1142 467 1179; x_wconf 88' lang='lat' dir='ltr'>liationis</span> <span class='ocrx_word' id='word_1_144' title='bbox 506 1141 617 1190; x_wconf 87' lang='lat' dir='ltr'>exigit</span> <span class='ocrx_word' id='word_1_145' title='bbox 654 1142 761 1190; x_wconf 92' lang='lat' dir='ltr'>quod</span> <span class='ocrx_word' id='word_1_146' title='bbox 794 1142 909 1179; x_wconf 90' lang='lat' dir='ltr'>Filius</span> <span class='ocrx_word' id='word_1_147' title='bbox 939 1142 984 1178; x_wconf 92' lang='lat' dir='ltr'>sit</span> <span class='ocrx_word' id='word_1_148' title='bbox 1012 1141 1181 1191; x_wconf 90' lang='lat' dir='ltr'>aequalis</span> <span class='ocrx_word' id='word_1_149' title='bbox 1209 1141 1310 1178; x_wconf 90' lang='lat' dir='ltr'>Patri</span> <span class='ocrx_word' id='word_1_150' title='bbox 1339 1141 1377 1178; x_wconf 93' lang='lat' dir='ltr'>in</span> 
     </span>
     <span class='ocr_line' id='line_1_24' title="bbox 307 1194 1377 1244; baseline 0 -12"><span class='ocrx_word' id='word_1_151' title='bbox 307 1194 583 1243; x_wconf 85' lang='lat' dir='ltr'>magnitudine,</span> <span class='ocrx_word' id='word_1_152' title='bbox 614 1195 711 1232; x_wconf 92' lang='lat' dir='ltr'>idest</span> <span class='ocrx_word' id='word_1_153' title='bbox 738 1195 777 1232; x_wconf 92' lang='lat' dir='ltr'>in</span> <span class='ocrx_word' id='word_1_154' title='bbox 805 1194 1036 1244; x_wconf 88' lang='lat' dir='ltr'>perfectione</span> <span class='ocrx_word' id='word_1_155' title='bbox 1065 1202 1235 1232; x_wconf 88' lang='lat' dir='ltr'>naturae.</span> <span class='ocrx_word' id='word_1_156' title='bbox 1265 1194 1377 1232; x_wconf 92' lang='lat' dir='ltr'>Unde</span> 
     </span>
     <span class='ocr_line' id='line_1_25' title="bbox 307 1248 1378 1298; baseline 0 -13"><span class='ocrx_word' id='word_1_157' title='bbox 307 1248 531 1297; x_wconf 89' lang='lat' dir='ltr'>relinquitur</span> <span class='ocrx_word' id='word_1_158' title='bbox 563 1249 668 1296; x_wconf 92' lang='lat' dir='ltr'>quod</span> <span class='ocrx_word' id='word_1_159' title='bbox 697 1249 812 1286; x_wconf 91' lang='lat' dir='ltr'>Filius</span> <span class='ocrx_word' id='word_1_160' title='bbox 841 1249 888 1286; x_wconf 91' lang='lat' dir='ltr'>sit</span> <span class='ocrx_word' id='word_1_161' title='bbox 916 1248 1085 1298; x_wconf 90' lang='lat' dir='ltr'>aequalis</span> <span class='ocrx_word' id='word_1_162' title='bbox 1111 1248 1214 1285; x_wconf 91' lang='lat' dir='ltr'>Patri</span> <span class='ocrx_word' id='word_1_163' title='bbox 1242 1248 1281 1285; x_wconf 91' lang='lat' dir='ltr'>in</span> <span class='ocrx_word' id='word_1_164' title='bbox 1308 1260 1378 1297; x_wconf 93' lang='lat' dir='ltr'>po-</span> 
     </span>
     <span class='ocr_line' id='line_1_26' title="bbox 307 1301 1379 1351; baseline -0.001 -12"><span class='ocrx_word' id='word_1_165' title='bbox 307 1309 450 1339; x_wconf 88' lang='lat' dir='ltr'>testate.</span> <span class='ocrx_word' id='word_1_166' title='bbox 471 1323 496 1330; x_wconf 89' lang='lat'>-</span> <span class='ocrx_word' id='word_1_167' title='bbox 517 1303 566 1338; x_wconf 85' lang='lat' dir='ltr'>Et</span> <span class='ocrx_word' id='word_1_168' title='bbox 586 1302 723 1339; x_wconf 89' lang='lat' dir='ltr'>eadem</span> <span class='ocrx_word' id='word_1_169' title='bbox 744 1302 838 1339; x_wconf 90' lang='lat' dir='ltr'>ratio</span> <span class='ocrx_word' id='word_1_170' title='bbox 860 1310 916 1340; x_wconf 89' lang='lat' dir='ltr'>est</span> <span class='ocrx_word' id='word_1_171' title='bbox 934 1302 982 1340; x_wconf 92' lang='lat' dir='ltr'>de</span> <span class='ocrx_word' id='word_1_172' title='bbox 1003 1301 1145 1351; x_wconf 89' lang='lat' dir='ltr'>Spiritu</span> <span class='ocrx_word' id='word_1_173' title='bbox 1159 1302 1301 1339; x_wconf 91' lang='lat' dir='ltr'>Sancto</span> <span class='ocrx_word' id='word_1_174' title='bbox 1323 1314 1379 1338; x_wconf 90' lang='lat' dir='ltr'>re-</span> 
     </span>
     <span class='ocr_line' id='line_1_27' title="bbox 307 1355 675 1404; baseline 0 -12"><span class='ocrx_word' id='word_1_175' title='bbox 307 1363 439 1404; x_wconf 88' lang='lat' dir='ltr'>spectu</span> <span class='ocrx_word' id='word_1_176' title='bbox 467 1355 675 1404; x_wconf 78' lang='lat' dir='ltr'>utriusque.</span> 
     </span>
    </p>

    <p class='ocr_par' dir='ltr' id='par_1_9' title="bbox 305 1408 1381 1670">
     <span class='ocr_line' id='line_1_28' title="bbox 359 1408 1377 1458; baseline -0.001 -13"><span class='ocrx_word' id='word_1_177' title='bbox 359 1411 418 1445; x_wconf 84' lang='lat' dir='ltr'>AD</span> <span class='ocrx_word' id='word_1_178' title='bbox 452 1421 589 1446; x_wconf 82' lang='lat' dir='ltr'>PRIMUM</span> <span class='ocrx_word' id='word_1_179' title='bbox 622 1420 721 1446; x_wconf 83' lang='lat' dir='ltr'>ERGO</span> <span class='ocrx_word' id='word_1_180' title='bbox 754 1420 940 1446; x_wconf 84' lang='lat' dir='ltr'><strong>DICENDUM</strong></span> <span class='ocrx_word' id='word_1_181' title='bbox 969 1408 1076 1458; x_wconf 89' lang='lat' dir='ltr'>quod</span> <span class='ocrx_word' id='word_1_182' title='bbox 1102 1408 1141 1445; x_wconf 91' lang='lat' dir='ltr'>in</span> <span class='ocrx_word' id='word_1_183' title='bbox 1168 1408 1244 1445; x_wconf 90' lang='lat' dir='ltr'>hoc</span> <span class='ocrx_word' id='word_1_184' title='bbox 1271 1408 1377 1457; x_wconf 91' lang='lat' dir='ltr'>quod</span> 
     </span>
     <span class='ocr_line' id='line_1_29' title="bbox 308 1461 1379 1511; baseline 0 -13"><span class='ocrx_word' id='word_1_185' title='bbox 308 1461 444 1498; x_wconf 92' lang='lat' dir='ltr'>dicitur</span> <span class='ocrx_word' id='word_1_186' title='bbox 464 1462 570 1510; x_wconf 91' lang='lat' dir='ltr'>quod</span> <span class='ocrx_word' id='word_1_187' title='bbox 597 1462 716 1499; x_wconf 83' lang='lat' dir='ltr'>Filius</span> <span class='ocrx_word' id='word_1_188' title='bbox 735 1470 746 1486; x_wconf 60' lang='grc' dir='ltr'>ε</span> <span class='ocrx_word' id='word_1_189' title='bbox 771 1474 846 1499; x_wconf 88' lang='lat' dir='ltr'>non</span> <span class='ocrx_word' id='word_1_190' title='bbox 868 1467 993 1511; x_wconf 80' lang='lat' dir='ltr'>potest</span> <span class='ocrx_word' id='word_1_191' title='bbox 1009 1474 1033 1499; x_wconf 86' lang='lat' dir='ltr'>a</span> <span class='ocrx_word' id='word_1_192' title='bbox 1053 1474 1093 1499; x_wconf 85' lang='lat' dir='ltr'>se</span> <span class='ocrx_word' id='word_1_193' title='bbox 1107 1463 1248 1510; x_wconf 85' lang='lat' dir='ltr'>facere</span> <span class='ocrx_word' id='word_1_194' title='bbox 1275 1461 1379 1510; x_wconf 86' lang='lat' dir='ltr'>quid-</span> 
     </span>
     <span class='ocr_line' id='line_1_30' title="bbox 306 1514 1378 1564; baseline 0 -12"><span class='ocrx_word' id='word_1_195' title='bbox 306 1527 433 1563; x_wconf 85' lang='lat' dir='ltr'>quam,</span> <span class='ocrx_word' id='word_1_196' title='bbox 454 1527 533 1552; x_wconf 91' lang='lat' dir='ltr'>non</span> <span class='ocrx_word' id='word_1_197' title='bbox 554 1515 785 1552; x_wconf 87' lang='lat' dir='ltr'>subtrahitur</span> <span class='ocrx_word' id='word_1_198' title='bbox 804 1515 899 1552; x_wconf 92' lang='lat' dir='ltr'>Filio</span> <span class='ocrx_word' id='word_1_199' title='bbox 920 1514 1047 1564; x_wconf 92' lang='lat' dir='ltr'>aliqua</span> <span class='ocrx_word' id='word_1_200' title='bbox 1074 1522 1241 1564; x_wconf 88' lang='lat' dir='ltr'>potestas</span> <span class='ocrx_word' id='word_1_201' title='bbox 1260 1527 1378 1564; x_wconf 88' lang='lat' dir='ltr'>quam</span> 
     </span>
     <span class='ocr_line' id='line_1_31' title="bbox 305 1568 1379 1617; baseline 0 -12"><span class='ocrx_word' id='word_1_202' title='bbox 305 1569 446 1605; x_wconf 89' lang='lat' dir='ltr'>habeat</span> <span class='ocrx_word' id='word_1_203' title='bbox 459 1569 587 1614; x_wconf 81' lang='lat' dir='ltr'>Pater3</span> <span class='ocrx_word' id='word_1_204' title='bbox 609 1581 698 1605; x_wconf 92' lang='lat' dir='ltr'>cum</span> <span class='ocrx_word' id='word_1_205' title='bbox 714 1568 840 1605; x_wconf 86' lang='lat' dir='ltr'>statim</span> <span class='ocrx_word' id='word_1_206' title='bbox 856 1569 1041 1606; x_wconf 88' lang='lat' dir='ltr'>subdatur</span> <span class='ocrx_word' id='word_1_207' title='bbox 1055 1569 1162 1617; x_wconf 92' lang='lat' dir='ltr'>quod</span> <span class='ocrx_word' id='word_1_208' title='bbox 1178 1580 1379 1617; x_wconf 86' lang='lat' dir='ltr'>quaecum-</span> 
     </span>
     <span class='ocr_line' id='line_1_32' title="bbox 306 1622 1381 1670; baseline 0 -12"><span class='ocrx_word' id='word_1_209' title='bbox 306 1633 379 1670; x_wconf 83' lang='lat' dir='ltr'>que</span> <span class='ocrx_word' id='word_1_210' title='bbox 406 1623 520 1658; x_wconf 86' lang='lat' dir='ltr'>Pater</span> <span class='ocrx_word' id='word_1_211' title='bbox 535 1622 651 1670; x_wconf 87' lang='lat' dir='ltr'>facit,</span> <span class='ocrx_word' id='word_1_212' title='bbox 675 1622 794 1659; x_wconf 82' lang='lat' dir='ltr'>Filius</span> <span class='ocrx_word' id='word_1_213' title='bbox 820 1622 992 1659; x_wconf 85' lang='lat' dir='ltr'>similiter</span> <span class='ocrx_word' id='word_1_214' title='bbox 1014 1622 1120 1670; x_wconf 86' lang='lat' dir='ltr'>facit.</span> <span class='ocrx_word' id='word_1_215' title='bbox 1150 1622 1230 1659; x_wconf 91' lang='lat' dir='ltr'>Sed</span> <span class='ocrx_word' id='word_1_216' title='bbox 1256 1629 1381 1659; x_wconf 91' lang='lat' dir='ltr'>osten-</span> 
     </span>
    </p>
   </div>
   <div class='ocr_carea' id='block_1_7' title="bbox 359 1735 1308 1859">
    <p class='ocr_par' dir='ltr' id='par_1_10' title="bbox 359 1735 1308 1859">
     <span class='ocr_line' id='line_1_33' title="bbox 359 1735 1308 1789; baseline 0 -9"><span class='ocrx_word' id='word_1_217' title='bbox 359 1756 386 1789; x_wconf 91' lang='grc' dir='ltr'>γ)</span> <span class='ocrx_word' id='word_1_218' title='bbox 406 1756 478 1788; x_wconf 80' lang='lat' dir='ltr'>quod</span> <span class='ocrx_word' id='word_1_219' title='bbox 497 1756 582 1780; x_wconf 72' lang='lat' dir='ltr'>Filius</span> <span class='ocrx_word' id='word_1_220' title='bbox 600 1758 640 1780; x_wconf 81' lang='lat' dir='ltr'>est</span> <span class='ocrx_word' id='word_1_221' title='bbox 659 1755 787 1788; x_wconf 82' lang='lat' dir='ltr'>aequalis.</span> <span class='ocrx_word' id='word_1_222' title='bbox 803 1769 824 1774; x_wconf 92' lang='lat'>-</span> <span class='ocrx_word' id='word_1_223' title='bbox 843 1755 942 1780; x_wconf 77' lang='lat' dir='ltr'>Filium</span> <span class='ocrx_word' id='word_1_224' title='bbox 961 1763 1018 1781; x_wconf 81' lang='lat' dir='ltr'>esse</span> <span class='ocrx_word' id='word_1_225' title='bbox 1036 1735 1173 1788; x_wconf 63' lang='lat' dir='ltr'>aequalem</span> <span class='ocrx_word' id='word_1_226' title='bbox 1197 1755 1308 1780; x_wconf 80' lang='lat' dir='ltr'>codices.</span> 
     </span>
     <span class='ocr_line' id='line_1_34' title="bbox 359 1790 880 1824; baseline -0.002 -8"><span class='ocrx_word' id='word_1_227' title='bbox 359 1790 384 1823; x_wconf 79' lang='grc' dir='ltr'>ὃ)</span> <span class='ocrx_word' id='word_1_228' title='bbox 404 1791 514 1824; x_wconf 82' lang='lat' dir='ltr'>aliquid.</span> <span class='ocrx_word' id='word_1_229' title='bbox 532 1805 551 1810; x_wconf 96' lang='lat'>—</span> <span class='ocrx_word' id='word_1_230' title='bbox 569 1791 634 1823; x_wconf 81' lang='lat' dir='ltr'>quid</span> <span class='ocrx_word' id='word_1_231' title='bbox 653 1791 683 1821; x_wconf 89' lang='lat' dir='ltr'>D,</span> <span class='ocrx_word' id='word_1_232' title='bbox 702 1791 799 1823; x_wconf 79' lang='lat' dir='ltr'>aliquis</span> <span class='ocrx_word' id='word_1_233' title='bbox 818 1791 880 1816; x_wconf 78' lang='lat' dir='ltr'>Pab.</span> 
     </span>
     <span class='ocr_line' id='line_1_35' title="bbox 360 1826 789 1859; baseline 0 -8"><span class='ocrx_word' id='word_1_234' title='bbox 360 1827 381 1859; x_wconf 89' lang='grc' dir='ltr'>ε)</span> <span class='ocrx_word' id='word_1_235' title='bbox 402 1827 472 1859; x_wconf 83' lang='lat' dir='ltr'>quod</span> <span class='ocrx_word' id='word_1_236' title='bbox 492 1827 586 1851; x_wconf 85' lang='lat' dir='ltr'>Filius.</span> <span class='ocrx_word' id='word_1_237' title='bbox 603 1840 622 1845; x_wconf 97' lang='lat'>-</span> <span class='ocrx_word' id='word_1_238' title='bbox 641 1826 726 1851; x_wconf 81' lang='lat' dir='ltr'>Filius</span> <span class='ocrx_word' id='word_1_239' title='bbox 745 1826 789 1852; x_wconf 81' lang='lat' dir='ltr'>Pb.</span> 
     </span>
    </p>
   </div>
   <div class='ocr_carea' id='block_1_8' title="bbox 1434 344 2504 395">
    <p class='ocr_par' dir='ltr' id='par_1_11' title="bbox 1434 344 2504 395">
     <span class='ocr_line' id='line_1_36' title="bbox 1434 344 2504 395; baseline 0.004 -15"><span class='ocrx_word' id='word_1_240' title='bbox 1434 344 1534 381; x_wconf 90' lang='lat' dir='ltr'>ditur</span> <span class='ocrx_word' id='word_1_241' title='bbox 1551 344 1659 393; x_wconf 91' lang='lat' dir='ltr'>quod</span> <span class='ocrx_word' id='word_1_242' title='bbox 1680 344 1794 381; x_wconf 91' lang='lat' dir='ltr'>Filius</span> <span class='ocrx_word' id='word_1_243' title='bbox 1813 345 1929 382; x_wconf 88' lang='lat' dir='ltr'>habet</span> <span class='ocrx_word' id='word_1_244' title='bbox 1948 352 2177 394; x_wconf 86' lang='lat' dir='ltr'>potestatem</span> <span class='ocrx_word' id='word_1_245' title='bbox 2198 358 2220 382; x_wconf 94' lang='lat' dir='ltr'>a</span> <span class='ocrx_word' id='word_1_246' title='bbox 2238 347 2362 394; x_wconf 88' lang='lat' dir='ltr'>Patre,</span> <span class='ocrx_word' id='word_1_247' title='bbox 2383 358 2406 383; x_wconf 87' lang='lat' dir='ltr'>a</span> <span class='ocrx_word' id='word_1_248' title='bbox 2425 359 2504 395; x_wconf 91' lang='lat' dir='ltr'>quo</span> 
     </span>
    </p>
   </div>
   <div class='ocr_carea' id='block_1_9' title="bbox 1434 398 2685 446">
    <p class='ocr_par' dir='ltr' id='par_1_12' title="bbox 1434 398 2685 446">
     <span class='ocr_line' id='line_1_37' title="bbox 1434 398 2685 446; baseline 0.001 -12"><span class='ocrx_word' id='word_1_249' title='bbox 1434 398 1550 434; x_wconf 91' lang='lat' dir='ltr'>habet</span> <span class='ocrx_word' id='word_1_250' title='bbox 1567 405 1757 435; x_wconf 88' lang='lat' dir='ltr'>naturam.</span> <span class='ocrx_word' id='word_1_251' title='bbox 1778 398 1890 436; x_wconf 89' lang='lat' dir='ltr'>Unde</span> <span class='ocrx_word' id='word_1_252' title='bbox 1911 398 2000 435; x_wconf 90' lang='lat' dir='ltr'>dicit</span> <span class='ocrx_word' id='word_1_253' title='bbox 2019 398 2198 446; x_wconf 83' lang='lat' dir='ltr'>Hilarius,</span> <span class='ocrx_word' id='word_1_254' title='bbox 2221 399 2272 435; x_wconf 93' lang='lat' dir='ltr'>IX</span> <span class='ocrx_word' id='word_1_255' title='bbox 2292 399 2338 436; x_wconf 83' lang='lat' dir='ltr'>de</span> <span class='ocrx_word' id='word_1_256' title='bbox 2354 401 2392 437; x_wconf 96' lang='lat' dir='ltr'><em>T</em></span> <span class='ocrx_word' id='word_1_257' title='bbox 2388 400 2504 437; x_wconf 81' lang='lat' dir='ltr'>rin.*:</span> <span class='ocrx_word' id='word_1_258' title='bbox 2534 408 2543 416; x_wconf 85' lang='lat'>&#39;</span> <span class='ocrx_word' id='word_1_259' title='bbox 2558 407 2630 429; x_wconf 81' lang='lat' dir='ltr'>Num·</span> <span class='ocrx_word' id='word_1_260' title='bbox 2644 408 2685 435; x_wconf 79' lang='lat'>48-</span> 
     </span>
    </p>
   </div>
   <div class='ocr_carea' id='block_1_10' title="bbox 1432 451 2508 607">
    <p class='ocr_par' dir='ltr' id='par_1_13' title="bbox 1432 451 2508 607">
     <span class='ocr_line' id='line_1_38' title="bbox 1433 451 2508 503; baseline 0.003 -16"><span class='ocrx_word' id='word_1_261' title='bbox 1433 451 1610 488; x_wconf 88' lang='lat' dir='ltr'>Naturae</span> <span class='ocrx_word' id='word_1_262' title='bbox 1628 451 1778 488; x_wconf 79' lang='lat' dir='ltr'>divinae</span> <span class='ocrx_word' id='word_1_263' title='bbox 1796 452 1891 488; x_wconf 84' lang='lat' dir='ltr'>haec</span> <span class='ocrx_word' id='word_1_264' title='bbox 1911 452 2032 488; x_wconf 84' lang='lat' dir='ltr'>unitas</span> <span class='ocrx_word' id='word_1_265' title='bbox 2051 458 2119 498; x_wconf 87' lang='lat' dir='ltr'>est,</span> <span class='ocrx_word' id='word_1_266' title='bbox 2142 457 2182 488; x_wconf 86' lang='lat' dir='ltr'>ut</span> <span class='ocrx_word' id='word_1_267' title='bbox 2199 452 2250 489; x_wconf 89' lang='lat' dir='ltr'>ita</span> <span class='ocrx_word' id='word_1_268' title='bbox 2265 464 2338 500; x_wconf 81' lang='lat' dir='ltr'>per</span> <span class='ocrx_word' id='word_1_269' title='bbox 2354 465 2395 489; x_wconf 82' lang='lat' dir='ltr'>se</span> <span class='ocrx_word' id='word_1_270' title='bbox 2412 459 2508 503; x_wconf 85' lang='lat' dir='ltr'>agat</span> 
     </span>
     <span class='ocr_line' id='line_1_39' title="bbox 1432 503 2262 555; baseline 0.002 -15"><span class='ocrx_word' id='word_1_271' title='bbox 1432 503 1562 550; x_wconf 88' lang='lat' dir='ltr'>Filius,</span> <span class='ocrx_word' id='word_1_272' title='bbox 1593 505 1694 552; x_wconf 86' lang='lat' dir='ltr'>quod</span> <span class='ocrx_word' id='word_1_273' title='bbox 1718 517 1795 541; x_wconf 90' lang='lat' dir='ltr'>non</span> <span class='ocrx_word' id='word_1_274' title='bbox 1815 517 1839 542; x_wconf 92' lang='lat' dir='ltr'>a</span> <span class='ocrx_word' id='word_1_275' title='bbox 1857 517 1898 541; x_wconf 81' lang='lat' dir='ltr'>se</span> <span class='ocrx_word' id='word_1_276' title='bbox 1925 510 2029 555; x_wconf 87' lang='lat' dir='ltr'>agat.</span> <span class='ocrx_word' id='word_1_277' title='bbox 2260 551 2262 554; x_wconf 14' lang='lat' dir='ltr'>y</span> 
     </span>
     <span class='ocr_line' id='line_1_40' title="bbox 1486 557 2507 607; baseline 0.001 -13"><span class='ocrx_word' id='word_1_278' title='bbox 1486 558 1545 594; x_wconf 84' lang='lat' dir='ltr'>AD</span> <span class='ocrx_word' id='word_1_279' title='bbox 1570 569 1761 595; x_wconf 77' lang='lat' dir='ltr'>SECUNDUM</span> <span class='ocrx_word' id='word_1_280' title='bbox 1789 570 1974 595; x_wconf 67' lang='lat' dir='ltr'>memnon</span> <span class='ocrx_word' id='word_1_281' title='bbox 2003 557 2108 607; x_wconf 91' lang='lat' dir='ltr'>quod</span> <span class='ocrx_word' id='word_1_282' title='bbox 2132 557 2171 594; x_wconf 92' lang='lat' dir='ltr'>in</span> <span class='ocrx_word' id='word_1_283' title='bbox 2189 558 2507 596; x_wconf 80' lang='lat' dir='ltr'>demonstratione</span> 
     </span>
    </p>
   </div>
   <div class='ocr_carea' id='block_1_11' title="bbox 1433 609 2561 660">
    <p class='ocr_par' dir='ltr' id='par_1_14' title="bbox 1433 609 2561 660">
     <span class='ocr_line' id='line_1_41' title="bbox 1433 609 2561 660; baseline 0.003 -14"><span class='ocrx_word' id='word_1_284' title='bbox 1433 609 1554 646; x_wconf 88' lang='lat' dir='ltr'>Patris</span> <span class='ocrx_word' id='word_1_285' title='bbox 1583 618 1620 647; x_wconf 89' lang='lat' dir='ltr'>et</span> <span class='ocrx_word' id='word_1_286' title='bbox 1647 611 1838 648; x_wconf 84' lang='lat' dir='ltr'>auditione</span> <span class='ocrx_word' id='word_1_287' title='bbox 1858 611 1950 659; x_wconf 82' lang='lat' dir='ltr'>Filii,</span> <span class='ocrx_word' id='word_1_288' title='bbox 1971 623 2051 649; x_wconf 92' lang='lat' dir='ltr'>non</span> <span class='ocrx_word' id='word_1_289' title='bbox 2076 611 2291 659; x_wconf 89' lang='lat' dir='ltr'>intelligitur</span> <span class='ocrx_word' id='word_1_290' title='bbox 2309 611 2380 648; x_wconf 90' lang='lat' dir='ltr'>nisi</span> <span class='ocrx_word' id='word_1_291' title='bbox 2399 612 2506 660; x_wconf 89' lang='lat' dir='ltr'>quod</span> <span class='ocrx_word' id='word_1_292' title='bbox 2554 630 2561 635; x_wconf 89' lang='lat'><strong>·</strong></span> 
     </span>
    </p>
   </div>
   <div class='ocr_carea' id='block_1_12' title="bbox 1431 663 2509 1671">
    <p class='ocr_par' dir='ltr' id='par_1_15' title="bbox 1431 663 2506 966">
     <span class='ocr_line' id='line_1_42' title="bbox 1432 663 2506 711; baseline 0.003 -12"><span class='ocrx_word' id='word_1_293' title='bbox 1432 663 1546 700; x_wconf 85' lang='lat' dir='ltr'>Pater</span> <span class='ocrx_word' id='word_1_294' title='bbox 1575 664 1834 701; x_wconf 88' lang='lat' dir='ltr'>communicat</span> <span class='ocrx_word' id='word_1_295' title='bbox 1853 664 2049 702; x_wconf 89' lang='lat' dir='ltr'>scientiam</span> <span class='ocrx_word' id='word_1_296' title='bbox 2070 664 2178 711; x_wconf 88' lang='lat' dir='ltr'>Filio,</span> <span class='ocrx_word' id='word_1_297' title='bbox 2200 664 2296 701; x_wconf 88' lang='lat' dir='ltr'>sicut</span> <span class='ocrx_word' id='word_1_298' title='bbox 2318 672 2355 701; x_wconf 91' lang='lat' dir='ltr'>et</span> <span class='ocrx_word' id='word_1_299' title='bbox 2379 677 2506 702; x_wconf 91' lang='lat' dir='ltr'>essen-</span> 
     </span>
     <span class='ocr_line' id='line_1_43' title="bbox 1432 715 2504 766; baseline 0.002 -14"><span class='ocrx_word' id='word_1_300' title='bbox 1432 715 1534 753; x_wconf 86' lang='lat' dir='ltr'>tiam.</span> <span class='ocrx_word' id='word_1_301' title='bbox 1565 717 1615 753; x_wconf 87' lang='lat' dir='ltr'>Et</span> <span class='ocrx_word' id='word_1_302' title='bbox 1642 717 1691 754; x_wconf 89' lang='lat' dir='ltr'>ad</span> <span class='ocrx_word' id='word_1_303' title='bbox 1709 717 1812 755; x_wconf 88' lang='lat' dir='ltr'>idem</span> <span class='ocrx_word' id='word_1_304' title='bbox 1830 725 1958 766; x_wconf 88' lang='lat' dir='ltr'>potest</span> <span class='ocrx_word' id='word_1_305' title='bbox 1976 718 2104 755; x_wconf 90' lang='lat' dir='ltr'>referri</span> <span class='ocrx_word' id='word_1_306' title='bbox 2124 718 2345 755; x_wconf 82' lang='lat' dir='ltr'>mandatum</span> <span class='ocrx_word' id='word_1_307' title='bbox 2370 718 2504 766; x_wconf 80' lang='lat' dir='ltr'>Patris,</span> 
     </span>
     <span class='ocr_line' id='line_1_44' title="bbox 1431 769 2506 818; baseline 0.002 -13"><span class='ocrx_word' id='word_1_308' title='bbox 1431 781 1501 817; x_wconf 92' lang='lat' dir='ltr'>per</span> <span class='ocrx_word' id='word_1_309' title='bbox 1528 769 1603 806; x_wconf 93' lang='lat' dir='ltr'>hoc</span> <span class='ocrx_word' id='word_1_310' title='bbox 1632 771 1738 818; x_wconf 90' lang='lat' dir='ltr'>quod</span> <span class='ocrx_word' id='word_1_311' title='bbox 1766 770 1814 807; x_wconf 89' lang='lat' dir='ltr'>ab</span> <span class='ocrx_word' id='word_1_312' title='bbox 1844 778 2000 808; x_wconf 90' lang='lat' dir='ltr'>aeterno</span> <span class='ocrx_word' id='word_1_313' title='bbox 2030 771 2134 808; x_wconf 91' lang='lat' dir='ltr'>dedit</span> <span class='ocrx_word' id='word_1_314' title='bbox 2160 770 2193 807; x_wconf 91' lang='lat' dir='ltr'>ei</span> <span class='ocrx_word' id='word_1_315' title='bbox 2214 770 2228 797; x_wconf 68' lang='grc' dir='ltr'><strong>ζ</strong></span> <span class='ocrx_word' id='word_1_316' title='bbox 2251 770 2448 808; x_wconf 88' lang='lat' dir='ltr'>scientiam</span> <span class='ocrx_word' id='word_1_317' title='bbox 2469 779 2506 808; x_wconf 93' lang='lat' dir='ltr'>et</span> 
     </span>
     <span class='ocr_line' id='line_1_45' title="bbox 1431 822 2506 873; baseline 0.003 -15"><span class='ocrx_word' id='word_1_318' title='bbox 1431 822 1670 859; x_wconf 85' lang='lat' dir='ltr'>voluntatem</span> <span class='ocrx_word' id='word_1_319' title='bbox 1687 823 1936 870; x_wconf 86' lang='lat' dir='ltr'>agendorum,</span> <span class='ocrx_word' id='word_1_320' title='bbox 1954 836 2044 860; x_wconf 91' lang='lat' dir='ltr'>eum</span> <span class='ocrx_word' id='word_1_321' title='bbox 2059 824 2291 873; x_wconf 81' lang='lat' dir='ltr'>generando,</span> <span class='ocrx_word' id='word_1_322' title='bbox 2307 845 2332 852; x_wconf 94' lang='lat'>-</span> <span class='ocrx_word' id='word_1_323' title='bbox 2347 825 2418 861; x_wconf 92' lang='lat' dir='ltr'>Vel</span> <span class='ocrx_word' id='word_1_324' title='bbox 2436 837 2506 873; x_wconf 91' lang='lat' dir='ltr'>po-</span> 
     </span>
     <span class='ocr_line' id='line_1_46' title="bbox 1432 875 2504 915; baseline 0.004 -4"><span class='ocrx_word' id='word_1_325' title='bbox 1432 875 1505 911; x_wconf 89' lang='lat' dir='ltr'>tius</span> <span class='ocrx_word' id='word_1_326' title='bbox 1533 875 1779 912; x_wconf 88' lang='lat' dir='ltr'>referendum</span> <span class='ocrx_word' id='word_1_327' title='bbox 1808 876 1865 913; x_wconf 86' lang='lat' dir='ltr'>e&#39;st</span> <span class='ocrx_word' id='word_1_328' title='bbox 1892 877 1941 914; x_wconf 86' lang='lat' dir='ltr'>ad</span> <span class='ocrx_word' id='word_1_329' title='bbox 1970 877 2165 914; x_wconf 89' lang='lat' dir='ltr'>Christum</span> <span class='ocrx_word' id='word_1_330' title='bbox 2198 878 2412 915; x_wconf 90' lang='lat' dir='ltr'>secundum</span> <span class='ocrx_word' id='word_1_331' title='bbox 2435 878 2504 915; x_wconf 91' lang='lat' dir='ltr'>hu-</span> 
     </span>
     <span class='ocr_line' id='line_1_47' title="bbox 1432 936 1808 966; baseline 0.003 -1"><span class='ocrx_word' id='word_1_332' title='bbox 1432 940 1590 965; x_wconf 89' lang='lat' dir='ltr'>manam</span> <span class='ocrx_word' id='word_1_333' title='bbox 1619 936 1808 966; x_wconf 90' lang='lat' dir='ltr'>naturam.</span> 
     </span>
    </p>

    <p class='ocr_par' dir='ltr' id='par_1_16' title="bbox 1432 982 2509 1671">
     <span class='ocr_line' id='line_1_48' title="bbox 1484 982 2504 1030; baseline 0.002 -12"><span class='ocrx_word' id='word_1_334' title='bbox 1484 983 1545 1018; x_wconf 83' lang='lat' dir='ltr'>An</span> <span class='ocrx_word' id='word_1_335' title='bbox 1564 993 1725 1019; x_wconf 84' lang='lat' dir='ltr'>TERTIUM</span> <span class='ocrx_word' id='word_1_336' title='bbox 1744 993 1930 1020; x_wconf 81' lang='lat' dir='ltr'>mcENDuM</span> <span class='ocrx_word' id='word_1_337' title='bbox 1950 982 2067 1030; x_wconf 87' lang='lat' dir='ltr'>quod,</span> <span class='ocrx_word' id='word_1_338' title='bbox 2088 982 2183 1020; x_wconf 92' lang='lat' dir='ltr'>sicut</span> <span class='ocrx_word' id='word_1_339' title='bbox 2213 983 2350 1020; x_wconf 89' lang='lat' dir='ltr'>eadem</span> <span class='ocrx_word' id='word_1_340' title='bbox 2378 996 2504 1021; x_wconf 90' lang='lat' dir='ltr'>essen-</span> 
     </span>
     <span class='ocr_line' id='line_1_49' title="bbox 1432 1034 2506 1084; baseline 0.003 -13"><span class='ocrx_word' id='word_1_341' title='bbox 1432 1034 1482 1071; x_wconf 88' lang='lat' dir='ltr'>tia</span> <span class='ocrx_word' id='word_1_342' title='bbox 1511 1047 1610 1084; x_wconf 87' lang='lat' dir='ltr'>quae</span> <span class='ocrx_word' id='word_1_343' title='bbox 1642 1034 1681 1072; x_wconf 92' lang='lat' dir='ltr'>in</span> <span class='ocrx_word' id='word_1_344' title='bbox 1709 1036 1821 1072; x_wconf 88' lang='lat' dir='ltr'>Patre</span> <span class='ocrx_word' id='word_1_345' title='bbox 1850 1043 1907 1072; x_wconf 90' lang='lat' dir='ltr'>est</span> <span class='ocrx_word' id='word_1_346' title='bbox 1933 1035 2156 1084; x_wconf 84' lang='lat' dir='ltr'>paternitas,</span> <span class='ocrx_word' id='word_1_347' title='bbox 2184 1036 2223 1073; x_wconf 89' lang='lat' dir='ltr'>in</span> <span class='ocrx_word' id='word_1_348' title='bbox 2252 1035 2348 1074; x_wconf 88' lang='lat' dir='ltr'>Filio</span> <span class='ocrx_word' id='word_1_349' title='bbox 2377 1045 2435 1074; x_wconf 87' lang='lat' dir='ltr'>est</span> <span class='ocrx_word' id='word_1_350' title='bbox 2461 1037 2506 1074; x_wconf 89' lang='lat' dir='ltr'>fi-</span> 
     </span>
     <span class='ocr_line' id='line_1_50' title="bbox 1432 1086 2505 1138; baseline 0.002 -14"><span class='ocrx_word' id='word_1_351' title='bbox 1432 1087 1554 1134; x_wconf 90' lang='lat' dir='ltr'>liatio;</span> <span class='ocrx_word' id='word_1_352' title='bbox 1575 1088 1626 1125; x_wconf 90' lang='lat' dir='ltr'>ita</span> <span class='ocrx_word' id='word_1_353' title='bbox 1647 1088 1784 1125; x_wconf 88' lang='lat' dir='ltr'>eadem</span> <span class='ocrx_word' id='word_1_354' title='bbox 1805 1096 1861 1125; x_wconf 88' lang='lat' dir='ltr'>est</span> <span class='ocrx_word' id='word_1_355' title='bbox 1879 1088 2050 1138; x_wconf 85' lang='lat' dir='ltr'>potentia</span> <span class='ocrx_word' id='word_1_356' title='bbox 2070 1101 2146 1138; x_wconf 91' lang='lat' dir='ltr'>qua</span> <span class='ocrx_word' id='word_1_357' title='bbox 2159 1090 2272 1126; x_wconf 92' lang='lat' dir='ltr'>Pater</span> <span class='ocrx_word' id='word_1_358' title='bbox 2286 1086 2452 1137; x_wconf 80' lang='lat' dir='ltr'>generat,</span> <span class='ocrx_word' id='word_1_359' title='bbox 2469 1097 2505 1127; x_wconf 93' lang='lat' dir='ltr'>et</span> 
     </span>
     <span class='ocr_line' id='line_1_51' title="bbox 1433 1141 2506 1191; baseline 0.002 -13"><span class='ocrx_word' id='word_1_360' title='bbox 1433 1153 1510 1190; x_wconf 91' lang='lat' dir='ltr'>qua</span> <span class='ocrx_word' id='word_1_361' title='bbox 1527 1141 1643 1178; x_wconf 91' lang='lat' dir='ltr'>Filius</span> <span class='ocrx_word' id='word_1_362' title='bbox 1663 1150 1875 1189; x_wconf 86' lang='lat' dir='ltr'>generatur.</span> <span class='ocrx_word' id='word_1_363' title='bbox 1895 1142 2007 1179; x_wconf 92' lang='lat' dir='ltr'>Unde</span> <span class='ocrx_word' id='word_1_364' title='bbox 2027 1142 2273 1179; x_wconf 85' lang='lat' dir='ltr'>manifestum</span> <span class='ocrx_word' id='word_1_365' title='bbox 2287 1150 2303 1173; x_wconf 73' lang='grc' dir='ltr'>η</span> <span class='ocrx_word' id='word_1_366' title='bbox 2325 1150 2381 1179; x_wconf 89' lang='lat' dir='ltr'>est</span> <span class='ocrx_word' id='word_1_367' title='bbox 2399 1143 2506 1191; x_wconf 91' lang='lat' dir='ltr'>quod</span> 
     </span>
     <span class='ocr_line' id='line_1_52' title="bbox 1433 1195 2507 1245; baseline 0.001 -14"><span class='ocrx_word' id='word_1_368' title='bbox 1433 1195 1622 1243; x_wconf 89' lang='lat' dir='ltr'>quidquid</span> <span class='ocrx_word' id='word_1_369' title='bbox 1640 1202 1767 1244; x_wconf 90' lang='lat' dir='ltr'>potest</span> <span class='ocrx_word' id='word_1_370' title='bbox 1789 1195 1914 1243; x_wconf 86' lang='lat' dir='ltr'>Pater,</span> <span class='ocrx_word' id='word_1_371' title='bbox 1942 1202 2069 1245; x_wconf 88' lang='lat' dir='ltr'>potest</span> <span class='ocrx_word' id='word_1_372' title='bbox 2096 1195 2225 1233; x_wconf 90' lang='lat' dir='ltr'>Filius.</span> <span class='ocrx_word' id='word_1_373' title='bbox 2255 1195 2348 1232; x_wconf 90' lang='lat' dir='ltr'>Non</span> <span class='ocrx_word' id='word_1_374' title='bbox 2375 1202 2507 1232; x_wconf 91' lang='lat' dir='ltr'>tamen</span> 
     </span>
     <span class='ocr_line' id='line_1_53' title="bbox 1434 1248 2509 1298; baseline 0 -13"><span class='ocrx_word' id='word_1_375' title='bbox 1434 1248 1605 1296; x_wconf 90' lang='lat' dir='ltr'>sequitur</span> <span class='ocrx_word' id='word_1_376' title='bbox 1624 1249 1730 1297; x_wconf 93' lang='lat' dir='ltr'>quod</span> <span class='ocrx_word' id='word_1_377' title='bbox 1756 1248 1877 1298; x_wconf 90' lang='lat' dir='ltr'>possit</span> <span class='ocrx_word' id='word_1_378' title='bbox 1904 1261 2108 1297; x_wconf 86' lang='lat' dir='ltr'>generare:</span> <span class='ocrx_word' id='word_1_379' title='bbox 2137 1250 2207 1287; x_wconf 86' lang='lat' dir='ltr'>sed</span> <span class='ocrx_word' id='word_1_380' title='bbox 2231 1256 2400 1286; x_wconf 89' lang='lat' dir='ltr'>mutatur</span> <span class='ocrx_word' id='word_1_381' title='bbox 2418 1249 2509 1298; x_wconf 85' lang='lat' dir='ltr'>quid</span> 
     </span>
     <span class='ocr_line' id='line_1_54' title="bbox 1432 1301 2507 1350; baseline 0.001 -12"><span class='ocrx_word' id='word_1_382' title='bbox 1432 1302 1471 1339; x_wconf 91' lang='lat' dir='ltr'>in</span> <span class='ocrx_word' id='word_1_383' title='bbox 1490 1302 1542 1339; x_wconf 86' lang='lat' dir='ltr'>ad</span> <span class='ocrx_word' id='word_1_384' title='bbox 1559 1301 1712 1350; x_wconf 82' lang='lat' dir='ltr'>aliquid,</span> <span class='ocrx_word' id='word_1_385' title='bbox 1742 1314 1833 1339; x_wconf 91' lang='lat' dir='ltr'>nam</span> <span class='ocrx_word' id='word_1_386' title='bbox 1861 1302 2054 1350; x_wconf 86' lang='lat' dir='ltr'>generatio</span> <span class='ocrx_word' id='word_1_387' title='bbox 2078 1302 2265 1350; x_wconf 88' lang='lat' dir='ltr'>significat</span> <span class='ocrx_word' id='word_1_388' title='bbox 2283 1301 2507 1340; x_wconf 89' lang='lat' dir='ltr'>relationem</span> 
     </span>
     <span class='ocr_line' id='line_1_55' title="bbox 1433 1354 2506 1404; baseline 0.001 -13"><span class='ocrx_word' id='word_1_389' title='bbox 1433 1355 1472 1392; x_wconf 90' lang='lat' dir='ltr'>in</span> <span class='ocrx_word' id='word_1_390' title='bbox 1501 1354 1648 1392; x_wconf 91' lang='lat' dir='ltr'>divinis.</span> <span class='ocrx_word' id='word_1_391' title='bbox 1680 1355 1807 1392; x_wconf 89' lang='lat' dir='ltr'>Habet</span> <span class='ocrx_word' id='word_1_392' title='bbox 1835 1367 1925 1403; x_wconf 84' lang='lat' dir='ltr'>ergo</span> <span class='ocrx_word' id='word_1_393' title='bbox 1954 1355 2071 1392; x_wconf 91' lang='lat' dir='ltr'>Filius</span> <span class='ocrx_word' id='word_1_394' title='bbox 2094 1354 2108 1376; x_wconf 82' lang='lat'><strong><em>⁰</em></strong></span> <span class='ocrx_word' id='word_1_395' title='bbox 2136 1356 2300 1393; x_wconf 85' lang='lat' dir='ltr'>eandem</span> <span class='ocrx_word' id='word_1_396' title='bbox 2329 1355 2506 1404; x_wconf 89' lang='lat' dir='ltr'>omnipo—</span> 
     </span>
     <span class='ocr_line' id='line_1_56' title="bbox 1432 1408 2508 1457; baseline 0 -12"><span class='ocrx_word' id='word_1_397' title='bbox 1432 1408 1589 1446; x_wconf 89' lang='lat' dir='ltr'>tentiam</span> <span class='ocrx_word' id='word_1_398' title='bbox 1610 1420 1727 1457; x_wconf 90' lang='lat' dir='ltr'>quam</span> <span class='ocrx_word' id='word_1_399' title='bbox 1747 1409 1871 1456; x_wconf 78' lang='lat' dir='ltr'>Pater,</span> <span class='ocrx_word' id='word_1_400' title='bbox 1893 1408 1961 1446; x_wconf 90' lang='lat' dir='ltr'>sed</span> <span class='ocrx_word' id='word_1_401' title='bbox 1981 1421 2070 1446; x_wconf 93' lang='lat' dir='ltr'>cum</span> <span class='ocrx_word' id='word_1_402' title='bbox 2091 1409 2163 1446; x_wconf 89' lang='lat' dir='ltr'>alia</span> <span class='ocrx_word' id='word_1_403' title='bbox 2182 1408 2375 1446; x_wconf 82' lang='lat' dir='ltr'>relatione.</span> <span class='ocrx_word' id='word_1_404' title='bbox 2406 1408 2508 1456; x_wconf 85' lang='lat' dir='ltr'>Quia</span> 
     </span>
     <span class='ocr_line' id='line_1_57' title="bbox 1433 1461 2506 1510; baseline 0.001 -12"><span class='ocrx_word' id='word_1_405' title='bbox 1433 1462 1546 1499; x_wconf 91' lang='lat' dir='ltr'>Pater</span> <span class='ocrx_word' id='word_1_406' title='bbox 1564 1462 1681 1498; x_wconf 90' lang='lat' dir='ltr'>habet</span> <span class='ocrx_word' id='word_1_407' title='bbox 1700 1474 1787 1498; x_wconf 88' lang='lat' dir='ltr'>eam</span> <span class='ocrx_word' id='word_1_408' title='bbox 1809 1467 1850 1498; x_wconf 86' lang='lat' dir='ltr'>ut</span> <span class='ocrx_word' id='word_1_409' title='bbox 1866 1462 1977 1499; x_wconf 80' lang='lat' dir='ltr'>dans:</span> <span class='ocrx_word' id='word_1_410' title='bbox 2005 1470 2040 1499; x_wconf 89' lang='lat' dir='ltr'>et</span> <span class='ocrx_word' id='word_1_411' title='bbox 2059 1463 2134 1499; x_wconf 92' lang='lat' dir='ltr'>hoc</span> <span class='ocrx_word' id='word_1_412' title='bbox 2153 1461 2395 1510; x_wconf 84' lang='lat' dir='ltr'>significatur,</span> <span class='ocrx_word' id='word_1_413' title='bbox 2418 1473 2506 1499; x_wconf 87' lang='lat' dir='ltr'>cum</span> 
     </span>
     <span class='ocr_line' id='line_1_58' title="bbox 1435 1514 2509 1564; baseline 0 -12"><span class='ocrx_word' id='word_1_414' title='bbox 1435 1515 1569 1553; x_wconf 86' lang='lat' dir='ltr'>dicitur</span> <span class='ocrx_word' id='word_1_415' title='bbox 1598 1514 1704 1563; x_wconf 92' lang='lat' dir='ltr'>quod</span> <span class='ocrx_word' id='word_1_416' title='bbox 1730 1522 1857 1564; x_wconf 89' lang='lat' dir='ltr'>potest</span> <span class='ocrx_word' id='word_1_417' title='bbox 1885 1527 2078 1564; x_wconf 87' lang='lat' dir='ltr'>generare.</span> <span class='ocrx_word' id='word_1_418' title='bbox 2108 1516 2225 1553; x_wconf 91' lang='lat' dir='ltr'>Filius</span> <span class='ocrx_word' id='word_1_419' title='bbox 2245 1522 2374 1552; x_wconf 87' lang='lat' dir='ltr'>autem</span> <span class='ocrx_word' id='word_1_420' title='bbox 2393 1515 2509 1553; x_wconf 87' lang='lat' dir='ltr'>habet</span> 
     </span>
     <span class='ocr_line' id='line_1_59' title="bbox 1434 1567 2508 1618; baseline 0 -12"><span class='ocrx_word' id='word_1_421' title='bbox 1434 1581 1522 1606; x_wconf 90' lang='lat' dir='ltr'>eam</span> <span class='ocrx_word' id='word_1_422' title='bbox 1543 1574 1585 1605; x_wconf 89' lang='lat' dir='ltr'>ut</span> <span class='ocrx_word' id='word_1_423' title='bbox 1601 1568 1808 1617; x_wconf 84' lang='lat' dir='ltr'>accipiens:</span> <span class='ocrx_word' id='word_1_424' title='bbox 1838 1576 1874 1605; x_wconf 90' lang='lat' dir='ltr'>et</span> <span class='ocrx_word' id='word_1_425' title='bbox 1901 1570 1977 1606; x_wconf 91' lang='lat' dir='ltr'>hoc</span> <span class='ocrx_word' id='word_1_426' title='bbox 1995 1568 2239 1618; x_wconf 87' lang='lat' dir='ltr'>significatur,</span> <span class='ocrx_word' id='word_1_427' title='bbox 2260 1581 2351 1606; x_wconf 88' lang='lat' dir='ltr'>cum</span> <span class='ocrx_word' id='word_1_428' title='bbox 2371 1567 2508 1607; x_wconf 82' lang='lat' dir='ltr'>dicitur</span> 
     </span>
     <span class='ocr_line' id='line_1_60' title="bbox 1434 1621 1905 1671; baseline 0 -13"><span class='ocrx_word' id='word_1_429' title='bbox 1434 1622 1542 1671; x_wconf 92' lang='lat' dir='ltr'>quod</span> <span class='ocrx_word' id='word_1_430' title='bbox 1570 1629 1695 1670; x_wconf 91' lang='lat' dir='ltr'>potest</span> <span class='ocrx_word' id='word_1_431' title='bbox 1722 1621 1905 1669; x_wconf 90' lang='lat' dir='ltr'>generari.</span> 
     </span>
    </p>
   </div>
   <div class='ocr_carea' id='block_1_13' title="bbox 1487 1755 2490 1859">
    <p class='ocr_par' dir='ltr' id='par_1_17' title="bbox 1487 1755 2490 1859">
     <span class='ocr_line' id='line_1_61' title="bbox 1487 1755 1920 1787; baseline 0 -7"><span class='ocrx_word' id='word_1_432' title='bbox 1487 1755 1514 1787; x_wconf 76' lang='grc' dir='ltr'>ζ)</span> <span class='ocrx_word' id='word_1_433' title='bbox 1533 1756 1566 1781; x_wconf 81' lang='lat' dir='ltr'>ei.</span> <span class='ocrx_word' id='word_1_434' title='bbox 1584 1770 1603 1775; x_wconf 96' lang='lat'>—</span> <span class='ocrx_word' id='word_1_435' title='bbox 1621 1755 1683 1780; x_wconf 90' lang='lat' dir='ltr'>Om.</span> <span class='ocrx_word' id='word_1_436' title='bbox 1702 1755 1806 1781; x_wconf 82' lang='lat' dir='ltr'>codices</span> <span class='ocrx_word' id='word_1_437' title='bbox 1825 1760 1851 1780; x_wconf 93' lang='lat' dir='ltr'>et</span> <span class='ocrx_word' id='word_1_438' title='bbox 1868 1756 1920 1781; x_wconf 83' lang='lat' dir='ltr'>ab.</span> 
     </span>
     <span class='ocr_line' id='line_1_62' title="bbox 1488 1791 2002 1824; baseline 0.002 -9"><span class='ocrx_word' id='word_1_439' title='bbox 1488 1791 1515 1823; x_wconf 91' lang='grc' dir='ltr'>η)</span> <span class='ocrx_word' id='word_1_440' title='bbox 1535 1791 1714 1824; x_wconf 80' lang='lat' dir='ltr'>manifestum.</span> <span class='ocrx_word' id='word_1_441' title='bbox 1731 1805 1751 1810; x_wconf 95' lang='lat'><em>-</em></span> <span class='ocrx_word' id='word_1_442' title='bbox 1769 1798 1860 1816; x_wconf 81' lang='lat' dir='ltr'>verum</span> <span class='ocrx_word' id='word_1_443' title='bbox 1880 1791 2002 1816; x_wconf 80' lang='lat' dir='ltr'><strong>ABCDE.</strong></span> 
     </span>
     <span class='ocr_line' id='line_1_63' title="bbox 1487 1824 2490 1859; baseline 0.001 -8"><span class='ocrx_word' id='word_1_444' title='bbox 1487 1824 1512 1859; x_wconf 87' lang='lat'>0)</span> <span class='ocrx_word' id='word_1_445' title='bbox 1533 1826 1659 1851; x_wconf 54' lang='lat' dir='ltr'>mlium-</span> <span class='ocrx_word' id='word_1_446' title='bbox 1672 1826 1734 1851; x_wconf 79' lang='lat' dir='ltr'>Orn-</span> <span class='ocrx_word' id='word_1_447' title='bbox 1748 1826 1896 1852; x_wconf 84' lang='lat' dir='ltr'>ACDEFG.</span> <span class='ocrx_word' id='word_1_448' title='bbox 1909 1839 1928 1846; x_wconf 82' lang='lat'>—</span> <span class='ocrx_word' id='word_1_449' title='bbox 1942 1826 1992 1851; x_wconf 86' lang='lat' dir='ltr'>Pro</span> <span class='ocrx_word' id='word_1_450' title='bbox 2011 1825 2240 1859; x_wconf 53' lang='lat' dir='ltr'>omnipotentiam,</span> <span class='ocrx_word' id='word_1_451' title='bbox 2257 1825 2407 1858; x_wconf 76' lang='lat' dir='ltr'>potentiam</span> <span class='ocrx_word' id='word_1_452' title='bbox 2425 1826 2490 1852; x_wconf 66' lang='lat' dir='ltr'>Pab.</span> 
     </span>
    </p>
   </div>
   <div class='ocr_carea' id='block_1_14' title="bbox 993 1922 1822 1956">
    <p class='ocr_par' dir='ltr' id='par_1_18' title="bbox 993 1922 1822 1956">
     <span class='ocr_line' id='line_1_64' title="bbox 993 1922 1822 1956; baseline 0.001 -1"><span class='ocrx_word' id='word_1_453' title='bbox 993 1922 1325 1956; x_wconf 75' lang='lat' dir='ltr'>Commentaria</span> <span class='ocrx_word' id='word_1_454' title='bbox 1348 1922 1599 1956; x_wconf 80' lang='lat' dir='ltr'>Cardinalis</span> <span class='ocrx_word' id='word_1_455' title='bbox 1622 1922 1822 1956; x_wconf 74' lang='lat' dir='ltr'>Caietam</span> 
     </span>
    </p>
   </div>
   <div class='ocr_carea' id='block_1_15' title="bbox 309 2021 2508 2095">
    <p class='ocr_par' dir='ltr' id='par_1_19' title="bbox 309 2021 2508 2095">
     <span class='ocr_line' id='line_1_65' title="bbox 309 2021 2508 2095; baseline 0.001 -44"><span class='ocrx_word' id='word_1_456' title='bbox 309 2031 475 2095; x_wconf 61' lang='lat' dir='ltr'>Taurus</span> <span class='ocrx_word' id='word_1_457' title='bbox 499 2021 611 2052; x_wconf 88' lang='lat' dir='ltr'>clarus.</span> <span class='ocrx_word' id='word_1_458' title='bbox 636 2039 656 2044; x_wconf 92' lang='lat'>—</span> <span class='ocrx_word' id='word_1_459' title='bbox 681 2021 715 2051; x_wconf 90' lang='lat' dir='ltr'>In</span> <span class='ocrx_word' id='word_1_460' title='bbox 740 2031 874 2061; x_wconf 90' lang='lat' dir='ltr'>corpore</span> <span class='ocrx_word' id='word_1_461' title='bbox 898 2031 962 2052; x_wconf 86' lang='lat' dir='ltr'>una</span> <span class='ocrx_word' id='word_1_462' title='bbox 988 2021 1168 2058; x_wconf 85' lang='lat' dir='ltr'>conclusio,</span> <span class='ocrx_word' id='word_1_463' title='bbox 1194 2021 1379 2062; x_wconf 84' lang='lat' dir='ltr'>responsiva</span> <span class='ocrx_word' id='word_1_464' title='bbox 1437 2021 1675 2062; x_wconf 86' lang='lat' dir='ltr'>Consequentia</span> <span class='ocrx_word' id='word_1_465' title='bbox 1693 2032 1768 2052; x_wconf 87' lang='lat' dir='ltr'>vero</span> <span class='ocrx_word' id='word_1_466' title='bbox 1793 2022 1961 2062; x_wconf 73' lang='lat' dir='ltr'>probatur:</span> <span class='ocrx_word' id='word_1_467' title='bbox 1985 2021 2062 2063; x_wconf 80' lang='lat' dir='ltr'>quia</span> <span class='ocrx_word' id='word_1_468' title='bbox 2084 2021 2226 2062; x_wconf 80' lang='lat' dir='ltr'>potentia</span> <span class='ocrx_word' id='word_1_469' title='bbox 2249 2021 2348 2053; x_wconf 68' lang='lat' dir='ltr'>activa</span> <span class='ocrx_word' id='word_1_470' title='bbox 2364 2021 2508 2063; x_wconf 82' lang='lat' dir='ltr'>sequitur</span> 
     </span>
    </p>
   </div>
   <div class='ocr_carea' id='block_1_16' title="bbox 307 2065 1379 2195">
    <p class='ocr_par' dir='ltr' id='par_1_20' title="bbox 307 2065 1379 2195">
     <span class='ocr_line' id='line_1_66' title="bbox 368 2065 1270 2106; baseline 0.001 -10"><span class='ocrx_word' id='word_1_471' title='bbox 368 2065 565 2096; x_wconf 87' lang='lat' dir='ltr'>affirmative:</span> <span class='ocrx_word' id='word_1_472' title='bbox 590 2066 689 2096; x_wconf 86' lang='lat' dir='ltr'>Filius</span> <span class='ocrx_word' id='word_1_473' title='bbox 713 2072 759 2096; x_wconf 91' lang='lat' dir='ltr'>est</span> <span class='ocrx_word' id='word_1_474' title='bbox 781 2065 921 2106; x_wconf 84' lang='lat' dir='ltr'>aequalis</span> <span class='ocrx_word' id='word_1_475' title='bbox 942 2066 1025 2096; x_wconf 86' lang='lat' dir='ltr'>Patri</span> <span class='ocrx_word' id='word_1_476' title='bbox 1049 2066 1082 2096; x_wconf 91' lang='lat' dir='ltr'>in</span> <span class='ocrx_word' id='word_1_477' title='bbox 1105 2071 1270 2106; x_wconf 86' lang='lat' dir='ltr'>potestate.</span> 
     </span>
     <span class='ocr_line' id='line_1_67' title="bbox 361 2109 1378 2151; baseline 0.001 -11"><span class='ocrx_word' id='word_1_478' title='bbox 361 2110 525 2141; x_wconf 87' lang='lat' dir='ltr'>Probatur.</span> <span class='ocrx_word' id='word_1_479' title='bbox 550 2110 643 2141; x_wconf 86' lang='lat' dir='ltr'>Ratio</span> <span class='ocrx_word' id='word_1_480' title='bbox 667 2110 860 2150; x_wconf 83' lang='lat' dir='ltr'>paternitatis</span> <span class='ocrx_word' id='word_1_481' title='bbox 884 2117 915 2141; x_wconf 89' lang='lat' dir='ltr'>et</span> <span class='ocrx_word' id='word_1_482' title='bbox 937 2109 1099 2141; x_wconf 79' lang='lat' dir='ltr'>filiationis</span> <span class='ocrx_word' id='word_1_483' title='bbox 1123 2110 1216 2150; x_wconf 86' lang='lat' dir='ltr'>exigit</span> <span class='ocrx_word' id='word_1_484' title='bbox 1239 2110 1378 2151; x_wconf 78' lang='lat' dir='ltr'>aequali·</span> 
     </span>
     <span class='ocr_line' id='line_1_68' title="bbox 307 2154 1379 2195; baseline 0.002 -11"><span class='ocrx_word' id='word_1_485' title='bbox 307 2161 403 2184; x_wconf 87' lang='lat' dir='ltr'>tatem</span> <span class='ocrx_word' id='word_1_486' title='bbox 419 2155 451 2184; x_wconf 92' lang='lat' dir='ltr'>in</span> <span class='ocrx_word' id='word_1_487' title='bbox 472 2154 689 2194; x_wconf 87' lang='lat' dir='ltr'>magnitudine</span> <span class='ocrx_word' id='word_1_488' title='bbox 714 2161 743 2185; x_wconf 88' lang='lat' dir='ltr'>et</span> <span class='ocrx_word' id='word_1_489' title='bbox 767 2154 959 2195; x_wconf 86' lang='lat' dir='ltr'>perfectione</span> <span class='ocrx_word' id='word_1_490' title='bbox 991 2161 1139 2186; x_wconf 83' lang='lat' dir='ltr'>naturae:</span> <span class='ocrx_word' id='word_1_491' title='bbox 1164 2165 1240 2195; x_wconf 89' lang='lat' dir='ltr'>ergo</span> <span class='ocrx_word' id='word_1_492' title='bbox 1264 2165 1379 2195; x_wconf 83' lang='lat' dir='ltr'>aequa-</span> 
     </span>
    </p>
   </div>
   <div class='ocr_carea' id='block_1_17' title="bbox 1434 2065 2507 2195">
    <p class='ocr_par' dir='ltr' id='par_1_21' title="bbox 1434 2065 2507 2195">
     <span class='ocr_line' id='line_1_69' title="bbox 1435 2065 2506 2107; baseline 0.002 -11"><span class='ocrx_word' id='word_1_493' title='bbox 1435 2065 1664 2106; x_wconf 87' lang='lat' dir='ltr'>perfectionem</span> <span class='ocrx_word' id='word_1_494' title='bbox 1692 2073 1832 2097; x_wconf 83' lang='lat' dir='ltr'>naturae.</span> <span class='ocrx_word' id='word_1_495' title='bbox 1863 2066 1962 2103; x_wconf 80' lang='lat' dir='ltr'>Quod</span> <span class='ocrx_word' id='word_1_496' title='bbox 1989 2067 2157 2107; x_wconf 77' lang='lat' dir='ltr'>probatur:</span> <span class='ocrx_word' id='word_1_497' title='bbox 2183 2066 2260 2107; x_wconf 78' lang='lat' dir='ltr'>quia</span> <span class='ocrx_word' id='word_1_498' title='bbox 2286 2066 2320 2097; x_wconf 85' lang='lat' dir='ltr'>in</span> <span class='ocrx_word' id='word_1_499' title='bbox 2343 2065 2506 2102; x_wconf 75' lang='lat' dir='ltr'>creaturis,</span> 
     </span>
     <span class='ocr_line' id='line_1_70' title="bbox 1435 2108 2507 2151; baseline 0.001 -10"><span class='ocrx_word' id='word_1_500' title='bbox 1435 2117 1556 2151; x_wconf 79' lang='lat' dir='ltr'>quanto</span> <span class='ocrx_word' id='word_1_501' title='bbox 1585 2110 1706 2151; x_wconf 84' lang='lat' dir='ltr'>aliquid</span> <span class='ocrx_word' id='word_1_502' title='bbox 1729 2117 1776 2142; x_wconf 85' lang='lat' dir='ltr'>est</span> <span class='ocrx_word' id='word_1_503' title='bbox 1799 2110 1992 2151; x_wconf 84' lang='lat' dir='ltr'>perfectioris</span> <span class='ocrx_word' id='word_1_504' title='bbox 2020 2117 2164 2147; x_wconf 73' lang='lat' dir='ltr'>naturae,</span> <span class='ocrx_word' id='word_1_505' title='bbox 2189 2116 2278 2142; x_wconf 78' lang='lat' dir='ltr'>tanto</span> <span class='ocrx_word' id='word_1_506' title='bbox 2301 2117 2349 2142; x_wconf 82' lang='lat' dir='ltr'>est</span> <span class='ocrx_word' id='word_1_507' title='bbox 2377 2108 2507 2142; x_wconf 68' lang='lat' dir='ltr'>maioris</span> 
     </span>
     <span class='ocr_line' id='line_1_71' title="bbox 1434 2154 2506 2195; baseline 0.002 -11"><span class='ocrx_word' id='word_1_508' title='bbox 1434 2155 1558 2187; x_wconf 85' lang='lat' dir='ltr'>virtutis</span> <span class='ocrx_word' id='word_1_509' title='bbox 1580 2155 1614 2185; x_wconf 87' lang='lat' dir='ltr'>in</span> <span class='ocrx_word' id='word_1_510' title='bbox 1637 2155 1776 2195; x_wconf 77' lang='lat' dir='ltr'>agendo:</span> <span class='ocrx_word' id='word_1_511' title='bbox 1801 2162 1838 2186; x_wconf 90' lang='lat' dir='ltr'>ut</span> <span class='ocrx_word' id='word_1_512' title='bbox 1856 2161 1942 2195; x_wconf 82' lang='lat' dir='ltr'>patet</span> <span class='ocrx_word' id='word_1_513' title='bbox 1964 2155 2124 2186; x_wconf 86' lang='lat' dir='ltr'>inductive</span> <span class='ocrx_word' id='word_1_514' title='bbox 2147 2162 2179 2186; x_wconf 86' lang='lat' dir='ltr'>et</span> <span class='ocrx_word' id='word_1_515' title='bbox 2200 2155 2234 2186; x_wconf 88' lang='lat' dir='ltr'>in</span> <span class='ocrx_word' id='word_1_516' title='bbox 2257 2155 2370 2186; x_wconf 76' lang='lat' dir='ltr'>eadem</span> <span class='ocrx_word' id='word_1_517' title='bbox 2392 2154 2506 2195; x_wconf 77' lang='lat' dir='ltr'>specie.</span> 
     </span>
    </p>
   </div>
   <div class='ocr_carea' id='block_1_18' title="bbox 307 2198 2438 2241">
    <p class='ocr_par' dir='ltr' id='par_1_22' title="bbox 307 2198 2438 2241">
     <span class='ocr_line' id='line_1_72' title="bbox 307 2198 2438 2241; baseline 0.001 -12"><span class='ocrx_word' id='word_1_518' title='bbox 307 2198 427 2229; x_wconf 86' lang='lat' dir='ltr'>litatem</span> <span class='ocrx_word' id='word_1_519' title='bbox 443 2199 475 2229; x_wconf 91' lang='lat' dir='ltr'>in</span> <span class='ocrx_word' id='word_1_520' title='bbox 490 2206 654 2239; x_wconf 86' lang='lat' dir='ltr'>potestate.</span> <span class='ocrx_word' id='word_1_521' title='bbox 669 2217 689 2221; x_wconf 98' lang='lat'><em>-</em></span> <span class='ocrx_word' id='word_1_522' title='bbox 703 2199 900 2230; x_wconf 87' lang='lat' dir='ltr'>Antecedens</span> <span class='ocrx_word' id='word_1_523' title='bbox 915 2206 1001 2239; x_wconf 89' lang='lat' dir='ltr'>patet</span> <span class='ocrx_word' id='word_1_524' title='bbox 1019 2209 1057 2230; x_wconf 85' lang='lat' dir='ltr'>ex</span> <span class='ocrx_word' id='word_1_525' title='bbox 1070 2199 1203 2230; x_wconf 85' lang='lat' dir='ltr'>articulo</span> <span class='ocrx_word' id='word_1_526' title='bbox 1220 2206 1376 2241; x_wconf 80' lang='lat' dir='ltr'>quarto.-—</span> <span class='ocrx_word' id='word_1_527' title='bbox 1435 2206 1464 2230; x_wconf 87' lang='lat' dir='ltr'>et</span> <span class='ocrx_word' id='word_1_528' title='bbox 1488 2199 1520 2229; x_wconf 93' lang='lat' dir='ltr'>in</span> <span class='ocrx_word' id='word_1_529' title='bbox 1544 2209 1656 2239; x_wconf 87' lang='lat' dir='ltr'>genere</span> <span class='ocrx_word' id='word_1_530' title='bbox 1681 2209 1864 2240; x_wconf 88' lang='lat' dir='ltr'>corporum,</span> <span class='ocrx_word' id='word_1_531' title='bbox 1889 2206 1919 2230; x_wconf 90' lang='lat' dir='ltr'>et</span> <span class='ocrx_word' id='word_1_532' title='bbox 1942 2199 2159 2231; x_wconf 80' lang='lat' dir='ltr'>universaliter</span> <span class='ocrx_word' id='word_1_533' title='bbox 2181 2199 2438 2231; x_wconf 76' lang='lat' dir='ltr'>substantiarum.</span> 
     </span>
    </p>
   </div>
   <div class='ocr_carea' id='block_1_19' title="bbox 1138 2741 1671 3010">
    <p class='ocr_par' dir='ltr' id='par_1_23' title="bbox 1138 2741 1671 3010">
     <span class='ocr_line' id='line_1_73' title="bbox 1138 2741 1671 3010; baseline 0 1168"><span class='ocrx_word' id='word_1_534' title='bbox 1138 2741 1671 3010; x_wconf 95' lang='lat' dir='ltr'> </span> 
     </span>
    </p>
   </div>
  </div>
 </body>
</html>
