<?xml version="1.0" encoding="UTF-8"?>
<!DOCTYPE html PUBLIC "-//W3C//DTD XHTML 1.0 Transitional//EN"
    "http://www.w3.org/TR/xhtml1/DTD/xhtml1-transitional.dtd">
<html xmlns="http://www.w3.org/1999/xhtml" xml:lang="en" lang="en">
 <head>
  <title>
</title>
<meta http-equiv="Content-Type" content="text/html;charset=utf-8" />
  <meta name='ocr-system' content='tesseract 3.04.00' />
  <meta name='ocr-capabilities' content='ocr_page ocr_carea ocr_par ocr_line ocrx_word'/>
</head>
<body>
  <div class='ocr_page' id='page_1' title='image "./operaomniaiussui04thom/operaomniaiussui04thom_0039.png"; bbox 0 0 2768 4178; ppageno 0'>
   <div class='ocr_carea' id='block_1_1' title="bbox 0 0 119 4178">
    <p class='ocr_par' dir='ltr' id='par_1_1' title="bbox 0 0 119 4178">
     <span class='ocr_line' id='line_1_1' title="bbox 0 0 74 1967; baseline 0 -48"><span class='ocrx_word' id='word_1_1' title='bbox 0 0 74 1967; x_wconf 95' lang='lat' dir='ltr'>    </span> 
     </span>
     <span class='ocr_line' id='line_1_2' title="bbox 0 1967 119 4178; baseline 0 -1559"><span class='ocrx_word' id='word_1_2' title='bbox 0 1967 119 4178; x_wconf 95' lang='lat' dir='ltr'>           </span> 
     </span>
    </p>
   </div>
   <div class='ocr_carea' id='block_1_2' title="bbox 46 1914 135 1955">
    <p class='ocr_par' dir='ltr' id='par_1_2' title="bbox 46 1914 135 1955">
     <span class='ocr_line' id='line_1_3' title="bbox 46 1914 135 1955; baseline 0 -34"><span class='ocrx_word' id='word_1_3' title='bbox 46 1914 56 1921; x_wconf 21' lang='grc' dir='ltr'><strong>Α</strong></span> <span class='ocrx_word' id='word_1_4' title='bbox 101 1920 135 1955; x_wconf 22' lang='grc' dir='ltr'>,ψ</span> 
     </span>
    </p>
   </div>
   <div class='ocr_carea' id='block_1_3' title="bbox 36 2747 160 2793">
    <p class='ocr_par' dir='ltr' id='par_1_3' title="bbox 36 2747 160 2793">
     <span class='ocr_line' id='line_1_4' title="bbox 36 2747 160 2793; baseline -0.008 -6"><span class='ocrx_word' id='word_1_5' title='bbox 36 2747 67 2790; x_wconf 65' lang='grc' dir='ltr'> ,</span> <span class='ocrx_word' id='word_1_6' title='bbox 90 2763 160 2793; x_wconf 44' lang='lat' dir='ltr'>fun.</span> 
     </span>
    </p>
   </div>
   <div class='ocr_carea' id='block_1_4' title="bbox 121 3019 136 3053">
    <p class='ocr_par' dir='ltr' id='par_1_4' title="bbox 121 3019 136 3053">
     <span class='ocr_line' id='line_1_5' title="bbox 121 3019 136 3053; baseline 0 0"><span class='ocrx_word' id='word_1_7' title='bbox 121 3019 136 3053; x_wconf 82' lang='grc' dir='ltr'><strong>β</strong></span> 
     </span>
    </p>
   </div>
   <div class='ocr_carea' id='block_1_5' title="bbox 61 3249 133 3355">
    <p class='ocr_par' dir='ltr' id='par_1_5' title="bbox 61 3249 133 3355">
     <span class='ocr_line' id='line_1_6' title="bbox 61 3249 133 3276; baseline 0 0"><span class='ocrx_word' id='word_1_8' title='bbox 61 3250 65 3259; x_wconf 69' lang='lat'>¹</span> <span class='ocrx_word' id='word_1_9' title='bbox 115 3249 133 3276; x_wconf 75' lang='grc' dir='ltr'>ἵ</span> 
     </span>
     <span class='ocr_line' id='line_1_7' title="bbox 74 3315 131 3355; baseline 0 -36"><span class='ocrx_word' id='word_1_10' title='bbox 74 3315 131 3355; x_wconf 63' lang='grc' dir='ltr'>,ὃ</span> 
     </span>
    </p>
   </div>
   <div class='ocr_carea' id='block_1_6' title="bbox 49 3389 146 3424">
    <p class='ocr_par' dir='ltr' id='par_1_6' title="bbox 49 3389 146 3424">
     <span class='ocr_line' id='line_1_8' title="bbox 49 3389 146 3424; baseline 0.01 -7"><span class='ocrx_word' id='word_1_11' title='bbox 49 3389 58 3399; x_wconf 67' lang='grc'>’“</span> <span class='ocrx_word' id='word_1_12' title='bbox 72 3392 77 3397; x_wconf 70' lang='grc'>“’</span> <span class='ocrx_word' id='word_1_13' title='bbox 105 3410 113 3417; x_wconf 95' lang='grc'><em>.</em></span> <span class='ocrx_word' id='word_1_14' title='bbox 123 3402 146 3424; x_wconf 87' lang='grc'>9.</span> 
     </span>
    </p>
   </div>
   <div class='ocr_carea' id='block_1_7' title="bbox 51 1638 209 1688">
    <p class='ocr_par' dir='ltr' id='par_1_7' title="bbox 51 1638 209 1688">
     <span class='ocr_line' id='line_1_9' title="bbox 51 1638 209 1688; baseline -0.019 -13"><span class='ocrx_word' id='word_1_15' title='bbox 51 1638 193 1688; x_wconf 21' lang='grc' dir='ltr'>4Αῖῑὶκξιιιιηικε</span> <span class='ocrx_word' id='word_1_16' title='bbox 207 1669 209 1672; x_wconf 97' lang='grc'>.</span> 
     </span>
    </p>
   </div>
   <div class='ocr_carea' id='block_1_8' title="bbox 98 2645 226 2697">
    <p class='ocr_par' dir='ltr' id='par_1_8' title="bbox 44 2645 226 2697">
     <span class='ocr_line' id='line_1_10' title="bbox 98 2645 226 2697; baseline -0.011 -3.593"><span class='ocrx_word' id='word_1_17' title='bbox 98 2645 151 2694; x_wconf 62' lang='grc' dir='ltr'>ιῖιε</span> <span class='ocrx_word' id='word_1_18' title='bbox 159 2670 226 2697; x_wconf 68' lang='lat' dir='ltr'>Fue,</span> 
     </span>
    </p>
   </div>
   <div class='ocr_carea' id='block_1_9' title="bbox 972 233 1750 283">
    <p class='ocr_par' dir='ltr' id='par_1_9' title="bbox 972 233 1750 283">
     <span class='ocr_line' id='line_1_11' title="bbox 972 233 1750 283; baseline 0 -13"><span class='ocrx_word' id='word_1_19' title='bbox 972 234 1242 283; x_wconf 87' lang='lat' dir='ltr'>QUAESTIO</span> <span class='ocrx_word' id='word_1_20' title='bbox 1272 235 1303 281; x_wconf 88' lang='grc' dir='ltr'>Ι,</span> <span class='ocrx_word' id='word_1_21' title='bbox 1334 233 1634 272; x_wconf 88' lang='lat' dir='ltr'>ARTICULUS</span> <span class='ocrx_word' id='word_1_22' title='bbox 1663 234 1750 271; x_wconf 83' lang='lat' dir='ltr'>VIII</span> 
     </span>
    </p>
   </div>
   <div class='ocr_carea' id='block_1_10' title="bbox 224 312 1335 1693">
    <p class='ocr_par' dir='ltr' id='par_1_10' title="bbox 224 312 1335 1693">
     <span class='ocr_line' id='line_1_12' title="bbox 251 312 1331 348; baseline -0.004 -2"><span class='ocrx_word' id='word_1_23' title='bbox 251 316 425 348; x_wconf 83' lang='lat' dir='ltr'>virtualiter</span> <span class='ocrx_word' id='word_1_24' title='bbox 449 314 610 346; x_wconf 87' lang='lat' dir='ltr'>contineat</span> <span class='ocrx_word' id='word_1_25' title='bbox 633 320 735 345; x_wconf 89' lang='lat' dir='ltr'>totam</span> <span class='ocrx_word' id='word_1_26' title='bbox 758 312 938 344; x_wconf 88' lang='lat' dir='ltr'>scientiam:</span> <span class='ocrx_word' id='word_1_27' title='bbox 964 321 1030 342; x_wconf 90' lang='lat' dir='ltr'>non</span> <span class='ocrx_word' id='word_1_28' title='bbox 1051 319 1086 343; x_wconf 92' lang='lat' dir='ltr'>ut</span> <span class='ocrx_word' id='word_1_29' title='bbox 1110 321 1204 342; x_wconf 92' lang='lat' dir='ltr'>causa</span> <span class='ocrx_word' id='word_1_30' title='bbox 1227 312 1260 342; x_wconf 92' lang='lat' dir='ltr'>in</span> <span class='ocrx_word' id='word_1_31' title='bbox 1283 321 1331 342; x_wconf 93' lang='lat' dir='ltr'>se—</span> 
     </span>
     <span class='ocr_line' id='line_1_13' title="bbox 252 355 1330 402; baseline -0.005 -11"><span class='ocrx_word' id='word_1_32' title='bbox 252 361 324 402; x_wconf 92' lang='lat' dir='ltr'>ipso</span> <span class='ocrx_word' id='word_1_33' title='bbox 343 359 511 396; x_wconf 87' lang='lat' dir='ltr'>sufficiens,</span> <span class='ocrx_word' id='word_1_34' title='bbox 529 366 564 390; x_wconf 93' lang='lat' dir='ltr'>ut</span> <span class='ocrx_word' id='word_1_35' title='bbox 579 359 694 390; x_wconf 92' lang='lat' dir='ltr'>Scotus</span> <span class='ocrx_word' id='word_1_36' title='bbox 707 357 824 391; x_wconf 79' lang='lat' dir='ltr'>voluit:</span> <span class='ocrx_word' id='word_1_37' title='bbox 845 357 899 387; x_wconf 90' lang='lat' dir='ltr'>sed</span> <span class='ocrx_word' id='word_1_38' title='bbox 915 356 949 386; x_wconf 92' lang='lat' dir='ltr'>in</span> <span class='ocrx_word' id='word_1_39' title='bbox 969 355 1073 396; x_wconf 93' lang='lat' dir='ltr'>seipso</span> <span class='ocrx_word' id='word_1_40' title='bbox 1094 356 1233 396; x_wconf 66' lang='lat' dir='ltr'>quidem-</span> <span class='ocrx_word' id='word_1_41' title='bbox 1244 366 1330 387; x_wconf 92' lang='lat' dir='ltr'>sum-</span> 
     </span>
     <span class='ocr_line' id='line_1_14' title="bbox 252 400 1332 446; baseline -0.004 -10"><span class='ocrx_word' id='word_1_42' title='bbox 252 412 347 446; x_wconf 86' lang='lat' dir='ltr'>ptum</span> <span class='ocrx_word' id='word_1_43' title='bbox 378 403 538 435; x_wconf 86' lang='lat' dir='ltr'>sufficiens</span> <span class='ocrx_word' id='word_1_44' title='bbox 562 409 598 434; x_wconf 91' lang='lat' dir='ltr'>ut</span> <span class='ocrx_word' id='word_1_45' title='bbox 620 412 720 434; x_wconf 86' lang='lat' dir='ltr'>causa</span> <span class='ocrx_word' id='word_1_46' title='bbox 737 402 868 442; x_wconf 83' lang='lat' dir='ltr'>prima,</span> <span class='ocrx_word' id='word_1_47' title='bbox 899 401 980 431; x_wconf 90' lang='lat' dir='ltr'>idest</span> <span class='ocrx_word' id='word_1_48' title='bbox 1003 400 1035 431; x_wconf 94' lang='lat' dir='ltr'>in</span> <span class='ocrx_word' id='word_1_49' title='bbox 1061 410 1120 431; x_wconf 92' lang='lat' dir='ltr'>suo</span> <span class='ocrx_word' id='word_1_50' title='bbox 1146 401 1276 437; x_wconf 90' lang='lat' dir='ltr'>ordine,</span> <span class='ocrx_word' id='word_1_51' title='bbox 1301 408 1332 432; x_wconf 92' lang='lat' dir='ltr'>et</span> 
     </span>
     <span class='ocr_line' id='line_1_15' title="bbox 252 445 1331 490; baseline -0.005 -10"><span class='ocrx_word' id='word_1_52' title='bbox 252 459 319 480; x_wconf 90' lang='lat' dir='ltr'>non</span> <span class='ocrx_word' id='word_1_53' title='bbox 339 448 532 490; x_wconf 89' lang='lat' dir='ltr'>simpliciter.</span> <span class='ocrx_word' id='word_1_54' title='bbox 557 448 732 488; x_wconf 87' lang='lat' dir='ltr'>Sumptum</span> <span class='ocrx_word' id='word_1_55' title='bbox 751 451 859 477; x_wconf 91' lang='lat' dir='ltr'>autem</span> <span class='ocrx_word' id='word_1_56' title='bbox 879 451 910 475; x_wconf 90' lang='lat' dir='ltr'>et</span> <span class='ocrx_word' id='word_1_57' title='bbox 924 445 957 475; x_wconf 93' lang='lat' dir='ltr'>in</span> <span class='ocrx_word' id='word_1_58' title='bbox 973 455 1006 475; x_wconf 90' lang='lat' dir='ltr'>se</span> <span class='ocrx_word' id='word_1_59' title='bbox 1022 452 1053 475; x_wconf 94' lang='lat' dir='ltr'>et</span> <span class='ocrx_word' id='word_1_60' title='bbox 1068 445 1331 486; x_wconf 87' lang='lat' dir='ltr'>participantibus</span> 
     </span>
     <span class='ocr_line' id='line_1_16' title="bbox 252 488 1331 535; baseline -0.005 -10"><span class='ocrx_word' id='word_1_61' title='bbox 252 494 370 535; x_wconf 90' lang='lat' dir='ltr'>ipsum,</span> <span class='ocrx_word' id='word_1_62' title='bbox 391 500 447 524; x_wconf 88' lang='lat' dir='ltr'>aut</span> <span class='ocrx_word' id='word_1_63' title='bbox 465 491 712 534; x_wconf 86' lang='lat' dir='ltr'>quomodolibet</span> <span class='ocrx_word' id='word_1_64' title='bbox 734 489 892 521; x_wconf 82' lang='lat' dir='ltr'>attributis</span> <span class='ocrx_word' id='word_1_65' title='bbox 908 489 956 520; x_wconf 87' lang='lat' dir='ltr'>-ad</span> <span class='ocrx_word' id='word_1_66' title='bbox 975 489 1093 530; x_wconf 88' lang='lat' dir='ltr'>ipsum,</span> <span class='ocrx_word' id='word_1_67' title='bbox 1114 488 1150 520; x_wconf 88' lang='lat' dir='ltr'>fit</span> <span class='ocrx_word' id='word_1_68' title='bbox 1173 489 1331 521; x_wconf 88' lang='lat' dir='ltr'>sufficiens</span> 
     </span>
     <span class='ocr_line' id='line_1_17' title="bbox 252 533 1332 579; baseline -0.006 -9"><span class='ocrx_word' id='word_1_69' title='bbox 252 538 447 579; x_wconf 88' lang='lat' dir='ltr'>simpliciter.</span> <span class='ocrx_word' id='word_1_70' title='bbox 472 538 614 569; x_wconf 87' lang='lat' dir='ltr'>Vocatur</span> <span class='ocrx_word' id='word_1_71' title='bbox 629 542 738 566; x_wconf 90' lang='lat' dir='ltr'>autem</span> <span class='ocrx_word' id='word_1_72' title='bbox 761 544 857 566; x_wconf 86' lang='lat' dir='ltr'>causa</span> <span class='ocrx_word' id='word_1_73' title='bbox 880 533 1065 574; x_wconf 89' lang='lat' dir='ltr'>simpliciter</span> <span class='ocrx_word' id='word_1_74' title='bbox 1088 533 1257 571; x_wconf 86' lang='lat' dir='ltr'>sufficiens,</span> <span class='ocrx_word' id='word_1_75' title='bbox 1278 534 1332 564; x_wconf 84' lang='lat' dir='ltr'>illa</span> 
     </span>
     <span class='ocr_line' id='line_1_18' title="bbox 251 578 1333 624; baseline -0.006 -9"><span class='ocrx_word' id='word_1_76' title='bbox 251 593 336 624; x_wconf 89' lang='lat' dir='ltr'>quae</span> <span class='ocrx_word' id='word_1_77' title='bbox 353 583 476 624; x_wconf 82' lang='lat' dir='ltr'>primo,</span> <span class='ocrx_word' id='word_1_78' title='bbox 499 581 582 613; x_wconf 89' lang='lat' dir='ltr'>idest</span> <span class='ocrx_word' id='word_1_79' title='bbox 604 580 789 621; x_wconf 87' lang='lat' dir='ltr'>adaequate,</span> <span class='ocrx_word' id='word_1_80' title='bbox 815 586 862 610; x_wconf 89' lang='lat' dir='ltr'>est</span> <span class='ocrx_word' id='word_1_81' title='bbox 881 589 976 610; x_wconf 90' lang='lat' dir='ltr'>causa</span> <span class='ocrx_word' id='word_1_82' title='bbox 999 578 1146 615; x_wconf 88' lang='lat' dir='ltr'>alicuius;</span> <span class='ocrx_word' id='word_1_83' title='bbox 1172 585 1208 609; x_wconf 92' lang='lat' dir='ltr'>ut</span> <span class='ocrx_word' id='word_1_84' title='bbox 1230 578 1333 609; x_wconf 91' lang='lat' dir='ltr'>subie-</span> 
     </span>
     <span class='ocr_line' id='line_1_19' title="bbox 252 623 1331 668; baseline -0.006 -9"><span class='ocrx_word' id='word_1_85' title='bbox 252 634 342 659; x_wconf 87' lang='lat' dir='ltr'>ctum</span> <span class='ocrx_word' id='word_1_86' title='bbox 365 626 512 668; x_wconf 89' lang='lat' dir='ltr'>propriae</span> <span class='ocrx_word' id='word_1_87' title='bbox 528 624 696 666; x_wconf 86' lang='lat' dir='ltr'>passionis,</span> <span class='ocrx_word' id='word_1_88' title='bbox 714 624 779 655; x_wconf 89' lang='lat' dir='ltr'>sive</span> <span class='ocrx_word' id='word_1_89' title='bbox 798 623 982 654; x_wconf 87' lang='lat' dir='ltr'>immediate</span> <span class='ocrx_word' id='word_1_90' title='bbox 1005 623 1071 654; x_wconf 89' lang='lat' dir='ltr'>sive</span> <span class='ocrx_word' id='word_1_91' title='bbox 1092 623 1252 654; x_wconf 86' lang='lat' dir='ltr'>mediante</span> <span class='ocrx_word' id='word_1_92' title='bbox 1275 623 1331 654; x_wconf 85' lang='lat' dir='ltr'>ali-</span> 
     </span>
     <span class='ocr_line' id='line_1_20' title="bbox 252 667 1330 713; baseline -0.005 -10"><span class='ocrx_word' id='word_1_93' title='bbox 252 682 317 713; x_wconf 91' lang='lat' dir='ltr'>qua</span> <span class='ocrx_word' id='word_1_94' title='bbox 340 672 447 712; x_wconf 92' lang='lat' dir='ltr'>priore</span> <span class='ocrx_word' id='word_1_95' title='bbox 461 670 629 711; x_wconf 83' lang='lat' dir='ltr'>passione:</span> <span class='ocrx_word' id='word_1_96' title='bbox 655 679 751 700; x_wconf 90' lang='lat' dir='ltr'>causa</span> <span class='ocrx_word' id='word_1_97' title='bbox 771 675 880 699; x_wconf 90' lang='lat' dir='ltr'>autem</span> <span class='ocrx_word' id='word_1_98' title='bbox 895 667 1054 698; x_wconf 89' lang='lat' dir='ltr'>sufficiens</span> <span class='ocrx_word' id='word_1_99' title='bbox 1077 667 1111 698; x_wconf 93' lang='lat' dir='ltr'>in</span> <span class='ocrx_word' id='word_1_100' title='bbox 1131 678 1191 698; x_wconf 91' lang='lat' dir='ltr'>suo</span> <span class='ocrx_word' id='word_1_101' title='bbox 1208 668 1330 704; x_wconf 89' lang='lat' dir='ltr'>ordine,</span> 
     </span>
     <span class='ocr_line' id='line_1_21' title="bbox 252 712 1331 758; baseline -0.003 -11"><span class='ocrx_word' id='word_1_102' title='bbox 252 726 335 758; x_wconf 87' lang='lat' dir='ltr'>quae</span> <span class='ocrx_word' id='word_1_103' title='bbox 346 715 420 746; x_wconf 90' lang='lat' dir='ltr'>licet</span> <span class='ocrx_word' id='word_1_104' title='bbox 433 715 502 746; x_wconf 92' lang='lat' dir='ltr'>sola</span> <span class='ocrx_word' id='word_1_105' title='bbox 517 724 585 752; x_wconf 79' lang='lat' dir='ltr'>non</span> <span class='ocrx_word' id='word_1_106' title='bbox 601 713 736 744; x_wconf 88' lang='lat' dir='ltr'>sufficiat</span> <span class='ocrx_word' id='word_1_107' title='bbox 752 713 792 743; x_wconf 93' lang='lat' dir='ltr'>ad</span> <span class='ocrx_word' id='word_1_108' title='bbox 808 712 965 749; x_wconf 88' lang='lat' dir='ltr'>effectum,</span> <span class='ocrx_word' id='word_1_109' title='bbox 977 712 1010 742; x_wconf 91' lang='lat' dir='ltr'>in</span> <span class='ocrx_word' id='word_1_110' title='bbox 1025 722 1085 743; x_wconf 89' lang='lat' dir='ltr'>suo</span> <span class='ocrx_word' id='word_1_111' title='bbox 1098 718 1205 743; x_wconf 90' lang='lat' dir='ltr'>tamen</span> <span class='ocrx_word' id='word_1_112' title='bbox 1220 713 1331 744; x_wconf 91' lang='lat' dir='ltr'>ordine</span> 
     </span>
     <span class='ocr_line' id='line_1_22' title="bbox 251 757 1331 800; baseline -0.004 -9"><span class='ocrx_word' id='word_1_113' title='bbox 251 759 412 800; x_wconf 84' lang='lat' dir='ltr'>completa</span> <span class='ocrx_word' id='word_1_114' title='bbox 424 759 576 799; x_wconf 85' lang='lat' dir='ltr'>ettotalis</span> <span class='ocrx_word' id='word_1_115' title='bbox 591 768 686 790; x_wconf 88' lang='lat' dir='ltr'>causa</span> <span class='ocrx_word' id='word_1_116' title='bbox 702 765 758 794; x_wconf 85' lang='lat' dir='ltr'>est,</span> <span class='ocrx_word' id='word_1_117' title='bbox 771 764 808 788; x_wconf 93' lang='lat' dir='ltr'>ut</span> <span class='ocrx_word' id='word_1_118' title='bbox 822 757 871 788; x_wconf 88' lang='lat' dir='ltr'>sol</span> <span class='ocrx_word' id='word_1_119' title='bbox 887 763 933 788; x_wconf 89' lang='lat' dir='ltr'>est</span> <span class='ocrx_word' id='word_1_120' title='bbox 945 767 1039 787; x_wconf 87' lang='lat' dir='ltr'>causa</span> <span class='ocrx_word' id='word_1_121' title='bbox 1051 757 1198 788; x_wconf 82' lang='lat' dir='ltr'>Socratis.</span> <span class='ocrx_word' id='word_1_122' title='bbox 1214 758 1255 788; x_wconf 90' lang='lat' dir='ltr'>Et</span> <span class='ocrx_word' id='word_1_123' title='bbox 1270 757 1331 788; x_wconf 87' lang='lat' dir='ltr'>hoc</span> 
     </span>
     <span class='ocr_line' id='line_1_23' title="bbox 252 802 1333 845; baseline -0.004 -9"><span class='ocrx_word' id='word_1_124' title='bbox 252 805 354 836; x_wconf 89' lang='lat' dir='ltr'>modo</span> <span class='ocrx_word' id='word_1_125' title='bbox 373 803 530 845; x_wconf 86' lang='lat' dir='ltr'>principia</span> <span class='ocrx_word' id='word_1_126' title='bbox 541 803 645 844; x_wconf 88' lang='lat' dir='ltr'>prima</span> <span class='ocrx_word' id='word_1_127' title='bbox 659 802 794 834; x_wconf 89' lang='lat' dir='ltr'>alicuius</span> <span class='ocrx_word' id='word_1_128' title='bbox 814 802 962 833; x_wconf 88' lang='lat' dir='ltr'>scientiae</span> <span class='ocrx_word' id='word_1_129' title='bbox 979 802 1144 833; x_wconf 91' lang='lat' dir='ltr'>continent</span> <span class='ocrx_word' id='word_1_130' title='bbox 1158 802 1333 833; x_wconf 79' lang='lat' dir='ltr'>virtualiter</span> 
     </span>
     <span class='ocr_line' id='line_1_24' title="bbox 253 846 1332 887; baseline -0.003 -7"><span class='ocrx_word' id='word_1_131' title='bbox 253 859 367 880; x_wconf 87' lang='lat' dir='ltr'>omnes</span> <span class='ocrx_word' id='word_1_132' title='bbox 382 849 527 880; x_wconf 83' lang='lat' dir='ltr'>veritates</span> <span class='ocrx_word' id='word_1_133' title='bbox 550 848 645 884; x_wconf 91' lang='lat' dir='ltr'>illius,</span> <span class='ocrx_word' id='word_1_134' title='bbox 663 847 782 878; x_wconf 87' lang='lat' dir='ltr'>scilicet</span> <span class='ocrx_word' id='word_1_135' title='bbox 797 853 834 877; x_wconf 90' lang='lat' dir='ltr'>ut</span> <span class='ocrx_word' id='word_1_136' title='bbox 849 846 970 887; x_wconf 87' lang='lat' dir='ltr'>primae</span> <span class='ocrx_word' id='word_1_137' title='bbox 987 847 1232 887; x_wconf 88' lang='lat' dir='ltr'>propositiones.</span> <span class='ocrx_word' id='word_1_138' title='bbox 1257 848 1332 878; x_wconf 91' lang='lat' dir='ltr'>Non</span> 
     </span>
     <span class='ocr_line' id='line_1_25' title="bbox 252 891 1331 934; baseline -0.003 -9"><span class='ocrx_word' id='word_1_139' title='bbox 252 894 339 925; x_wconf 84' lang='lat' dir='ltr'>enim</span> <span class='ocrx_word' id='word_1_140' title='bbox 363 903 401 924; x_wconf 89' lang='lat' dir='ltr'>ex</span> <span class='ocrx_word' id='word_1_141' title='bbox 423 893 534 934; x_wconf 87' lang='lat' dir='ltr'>primis</span> <span class='ocrx_word' id='word_1_142' title='bbox 557 891 835 934; x_wconf 88' lang='lat' dir='ltr'>propositionibus</span> <span class='ocrx_word' id='word_1_143' title='bbox 859 892 935 922; x_wconf 90' lang='lat' dir='ltr'>solis</span> <span class='ocrx_word' id='word_1_144' title='bbox 958 891 1151 927; x_wconf 89' lang='lat' dir='ltr'>immediate,</span> <span class='ocrx_word' id='word_1_145' title='bbox 1177 898 1212 922; x_wconf 92' lang='lat' dir='ltr'>ut</span> <span class='ocrx_word' id='word_1_146' title='bbox 1235 898 1331 932; x_wconf 89' lang='lat' dir='ltr'>patet,</span> 
     </span>
     <span class='ocr_line' id='line_1_26' title="bbox 251 936 1331 980; baseline -0.004 -10"><span class='ocrx_word' id='word_1_147' title='bbox 251 948 357 980; x_wconf 90' lang='lat' dir='ltr'>neque</span> <span class='ocrx_word' id='word_1_148' title='bbox 369 937 583 969; x_wconf 86' lang='lat' dir='ltr'>mediantibus</span> <span class='ocrx_word' id='word_1_149' title='bbox 597 943 724 968; x_wconf 88' lang='lat' dir='ltr'>tantum</span> <span class='ocrx_word' id='word_1_150' title='bbox 741 936 789 967; x_wconf 92' lang='lat' dir='ltr'>his</span> <span class='ocrx_word' id='word_1_151' title='bbox 805 947 888 977; x_wconf 89' lang='lat' dir='ltr'>quae</span> <span class='ocrx_word' id='word_1_152' title='bbox 901 936 1038 967; x_wconf 86' lang='lat' dir='ltr'>totaliter</span> <span class='ocrx_word' id='word_1_153' title='bbox 1053 947 1089 966; x_wconf 89' lang='lat' dir='ltr'>ex</span> <span class='ocrx_word' id='word_1_154' title='bbox 1105 936 1165 967; x_wconf 90' lang='lat' dir='ltr'>illis</span> <span class='ocrx_word' id='word_1_155' title='bbox 1181 937 1331 977; x_wconf 86' lang='lat' dir='ltr'>pendent,</span> 
     </span>
     <span class='ocr_line' id='line_1_27' title="bbox 252 980 1333 1021; baseline -0.003 -7"><span class='ocrx_word' id='word_1_156' title='bbox 252 993 366 1014; x_wconf 85' lang='lat' dir='ltr'>omnes</span> <span class='ocrx_word' id='word_1_157' title='bbox 389 982 534 1014; x_wconf 85' lang='lat' dir='ltr'>veritates</span> <span class='ocrx_word' id='word_1_158' title='bbox 558 981 719 1013; x_wconf 90' lang='lat' dir='ltr'>sciuntur:</span> <span class='ocrx_word' id='word_1_159' title='bbox 745 982 800 1012; x_wconf 91' lang='lat' dir='ltr'>sed</span> <span class='ocrx_word' id='word_1_160' title='bbox 825 991 861 1012; x_wconf 88' lang='lat' dir='ltr'>ex</span> <span class='ocrx_word' id='word_1_161' title='bbox 885 981 946 1011; x_wconf 90' lang='lat' dir='ltr'>illis</span> <span class='ocrx_word' id='word_1_162' title='bbox 971 988 1007 1012; x_wconf 92' lang='lat' dir='ltr'>ut</span> <span class='ocrx_word' id='word_1_163' title='bbox 1022 980 1144 1021; x_wconf 86' lang='lat' dir='ltr'>primis,</span> <span class='ocrx_word' id='word_1_164' title='bbox 1162 988 1193 1011; x_wconf 90' lang='lat' dir='ltr'>et</span> <span class='ocrx_word' id='word_1_165' title='bbox 1208 981 1277 1011; x_wconf 89' lang='lat' dir='ltr'>aliis</span> <span class='ocrx_word' id='word_1_166' title='bbox 1296 987 1333 1011; x_wconf 92' lang='lat' dir='ltr'>ut</span> 
     </span>
     <span class='ocr_line' id='line_1_28' title="bbox 252 1025 1331 1069; baseline -0.003 -10"><span class='ocrx_word' id='word_1_167' title='bbox 252 1027 399 1059; x_wconf 87' lang='lat' dir='ltr'>secundis</span> <span class='ocrx_word' id='word_1_168' title='bbox 423 1037 459 1058; x_wconf 91' lang='lat' dir='ltr'>ac</span> <span class='ocrx_word' id='word_1_169' title='bbox 478 1026 631 1068; x_wconf 88' lang='lat' dir='ltr'>proximis</span> <span class='ocrx_word' id='word_1_170' title='bbox 657 1026 769 1069; x_wconf 86' lang='lat' dir='ltr'>causis,</span> <span class='ocrx_word' id='word_1_171' title='bbox 787 1026 1011 1057; x_wconf 90' lang='lat' dir='ltr'>conclusiones</span> <span class='ocrx_word' id='word_1_172' title='bbox 1034 1025 1153 1056; x_wconf 88' lang='lat' dir='ltr'>multae</span> <span class='ocrx_word' id='word_1_173' title='bbox 1178 1025 1331 1056; x_wconf 87' lang='lat' dir='ltr'>sciuntur.</span> 
     </span>
     <span class='ocr_line' id='line_1_29' title="bbox 308 1070 1332 1112; baseline -0.003 -9"><span class='ocrx_word' id='word_1_174' title='bbox 308 1072 350 1103; x_wconf 85' lang='lat' dir='ltr'>Et</span> <span class='ocrx_word' id='word_1_175' title='bbox 371 1072 434 1103; x_wconf 91' lang='lat' dir='ltr'>hoc</span> <span class='ocrx_word' id='word_1_176' title='bbox 459 1071 573 1102; x_wconf 89' lang='lat' dir='ltr'>clarius</span> <span class='ocrx_word' id='word_1_177' title='bbox 597 1077 684 1112; x_wconf 87' lang='lat' dir='ltr'>patet</span> <span class='ocrx_word' id='word_1_178' title='bbox 706 1071 739 1101; x_wconf 92' lang='lat' dir='ltr'>in</span> <span class='ocrx_word' id='word_1_179' title='bbox 763 1071 840 1112; x_wconf 90' lang='lat' dir='ltr'>ipsis</span> <span class='ocrx_word' id='word_1_180' title='bbox 864 1070 1068 1111; x_wconf 89' lang='lat' dir='ltr'>passionibus</span> <span class='ocrx_word' id='word_1_181' title='bbox 1092 1079 1174 1111; x_wconf 91' lang='lat' dir='ltr'>quae</span> <span class='ocrx_word' id='word_1_182' title='bbox 1199 1070 1332 1100; x_wconf 91' lang='lat' dir='ltr'>demon-</span> 
     </span>
     <span class='ocr_line' id='line_1_30' title="bbox 251 1116 1332 1155; baseline -0.005 -6"><span class='ocrx_word' id='word_1_183' title='bbox 251 1123 399 1150; x_wconf 76' lang='lat' dir='ltr'>strantur.</span> <span class='ocrx_word' id='word_1_184' title='bbox 426 1116 461 1147; x_wconf 85' lang='lat' dir='ltr'>In</span> <span class='ocrx_word' id='word_1_185' title='bbox 486 1116 616 1148; x_wconf 90' lang='lat' dir='ltr'>scientia</span> <span class='ocrx_word' id='word_1_186' title='bbox 639 1116 726 1146; x_wconf 88' lang='lat' dir='ltr'>enim</span> <span class='ocrx_word' id='word_1_187' title='bbox 750 1116 788 1146; x_wconf 93' lang='lat' dir='ltr'>de</span> <span class='ocrx_word' id='word_1_188' title='bbox 812 1125 959 1152; x_wconf 90' lang='lat' dir='ltr'>numero,</span> <span class='ocrx_word' id='word_1_189' title='bbox 977 1125 1042 1146; x_wconf 91' lang='lat' dir='ltr'>non</span> <span class='ocrx_word' id='word_1_190' title='bbox 1067 1121 1195 1155; x_wconf 90' lang='lat' dir='ltr'>oportet</span> <span class='ocrx_word' id='word_1_191' title='bbox 1219 1124 1332 1145; x_wconf 90' lang='lat' dir='ltr'>omnes</span> 
     </span>
     <span class='ocr_line' id='line_1_31' title="bbox 251 1158 1333 1204; baseline -0.005 -11"><span class='ocrx_word' id='word_1_192' title='bbox 251 1161 417 1204; x_wconf 81' lang='lat' dir='ltr'>passiones</span> <span class='ocrx_word' id='word_1_193' title='bbox 446 1161 568 1192; x_wconf 90' lang='lat' dir='ltr'>scibiles</span> <span class='ocrx_word' id='word_1_194' title='bbox 602 1161 715 1191; x_wconf 89' lang='lat' dir='ltr'>eadem</span> <span class='ocrx_word' id='word_1_195' title='bbox 747 1160 892 1196; x_wconf 90' lang='lat' dir='ltr'>scientia,</span> <span class='ocrx_word' id='word_1_196' title='bbox 918 1159 1073 1191; x_wconf 88' lang='lat' dir='ltr'>contineri</span> <span class='ocrx_word' id='word_1_197' title='bbox 1096 1158 1270 1189; x_wconf 85' lang='lat' dir='ltr'>virtualiter</span> <span class='ocrx_word' id='word_1_198' title='bbox 1300 1159 1333 1189; x_wconf 90' lang='lat' dir='ltr'>in</span> 
     </span>
     <span class='ocr_line' id='line_1_32' title="bbox 251 1203 1333 1249; baseline -0.004 -12"><span class='ocrx_word' id='word_1_199' title='bbox 251 1216 399 1242; x_wconf 80' lang='lat' dir='ltr'>numero,</span> <span class='ocrx_word' id='word_1_200' title='bbox 410 1207 537 1249; x_wconf 52' lang='lat' dir='ltr'>primo,</span> <span class='ocrx_word' id='word_1_201' title='bbox 549 1206 630 1237; x_wconf 85' lang='lat' dir='ltr'>idest</span> <span class='ocrx_word' id='word_1_202' title='bbox 653 1206 827 1246; x_wconf 87' lang='lat' dir='ltr'>adaequate</span> <span class='ocrx_word' id='word_1_203' title='bbox 846 1211 877 1236; x_wconf 89' lang='lat' dir='ltr'>et</span> <span class='ocrx_word' id='word_1_204' title='bbox 891 1203 1091 1239; x_wconf 88' lang='lat' dir='ltr'>sufficienter,</span> <span class='ocrx_word' id='word_1_205' title='bbox 1109 1203 1274 1244; x_wconf 91' lang='lat' dir='ltr'>loquendo</span> <span class='ocrx_word' id='word_1_206' title='bbox 1295 1204 1333 1234; x_wconf 92' lang='lat' dir='ltr'>de</span> 
     </span>
     <span class='ocr_line' id='line_1_33' title="bbox 251 1247 1334 1292; baseline -0.004 -10"><span class='ocrx_word' id='word_1_207' title='bbox 251 1249 592 1292; x_wconf 63' lang='lat' dir='ltr'>numeroin‘sffipso:</span> <span class='ocrx_word' id='word_1_208' title='bbox 618 1249 774 1292; x_wconf 87' lang='lat' dir='ltr'>quoniam</span> <span class='ocrx_word' id='word_1_209' title='bbox 797 1249 841 1281; x_wconf 90' lang='lat' dir='ltr'>sic</span> <span class='ocrx_word' id='word_1_210' title='bbox 865 1259 922 1279; x_wconf 91' lang='lat' dir='ltr'>nec</span> <span class='ocrx_word' id='word_1_211' title='bbox 946 1248 1110 1289; x_wconf 79' lang='lat' dir='ltr'>passiones</span> <span class='ocrx_word' id='word_1_212' title='bbox 1135 1247 1246 1278; x_wconf 88' lang='lat' dir='ltr'>binarii</span> <span class='ocrx_word' id='word_1_213' title='bbox 1275 1258 1334 1279; x_wconf 91' lang='lat' dir='ltr'>nec</span> 
     </span>
     <span class='ocr_line' id='line_1_34' title="bbox 251 1293 1333 1334; baseline -0.004 -7"><span class='ocrx_word' id='word_1_214' title='bbox 251 1294 373 1327; x_wconf 84' lang='lat' dir='ltr'>trinarii</span> <span class='ocrx_word' id='word_1_215' title='bbox 396 1295 551 1327; x_wconf 84' lang='lat' dir='ltr'>scirentur</span> <span class='ocrx_word' id='word_1_216' title='bbox 577 1294 715 1330; x_wconf 88' lang='lat' dir='ltr'>ibidem,</span> <span class='ocrx_word' id='word_1_217' title='bbox 741 1301 776 1325; x_wconf 90' lang='lat' dir='ltr'>ut</span> <span class='ocrx_word' id='word_1_218' title='bbox 799 1300 895 1334; x_wconf 87' lang='lat' dir='ltr'>patet.</span> <span class='ocrx_word' id='word_1_219' title='bbox 925 1293 987 1324; x_wconf 86' lang='lat' dir='ltr'>Sed</span> <span class='ocrx_word' id='word_1_220' title='bbox 1017 1293 1097 1323; x_wconf 92' lang='lat' dir='ltr'>bene</span> <span class='ocrx_word' id='word_1_221' title='bbox 1122 1299 1250 1333; x_wconf 89' lang='lat' dir='ltr'>oportet</span> <span class='ocrx_word' id='word_1_222' title='bbox 1273 1303 1333 1323; x_wconf 90' lang='lat' dir='ltr'>nu-</span> 
     </span>
     <span class='ocr_line' id='line_1_35' title="bbox 244 1337 1334 1383; baseline -0.005 -11"><span class='ocrx_word' id='word_1_223' title='bbox 244 1347 381 1379; x_wconf 83' lang='lat' dir='ltr'>&#39;merum</span> <span class='ocrx_word' id='word_1_224' title='bbox 403 1340 436 1370; x_wconf 90' lang='lat' dir='ltr'>in</span> <span class='ocrx_word' id='word_1_225' title='bbox 460 1350 494 1371; x_wconf 90' lang='lat' dir='ltr'>se</span> <span class='ocrx_word' id='word_1_226' title='bbox 518 1339 679 1370; x_wconf 89' lang='lat' dir='ltr'>continere</span> <span class='ocrx_word' id='word_1_227' title='bbox 702 1338 876 1383; x_wconf 65' lang='lat' dir='ltr'>virtualiter</span> <span class='ocrx_word' id='word_1_228' title='bbox 897 1347 1010 1368; x_wconf 89' lang='lat' dir='ltr'>omnes</span> <span class='ocrx_word' id='word_1_229' title='bbox 1034 1337 1199 1378; x_wconf 89' lang='lat' dir='ltr'>passiones</span> <span class='ocrx_word' id='word_1_230' title='bbox 1223 1337 1334 1368; x_wconf 88' lang='lat' dir='ltr'>huius-</span> 
     </span>
     <span class='ocr_line' id='line_1_36' title="bbox 253 1382 1334 1426; baseline -0.005 -9"><span class='ocrx_word' id='word_1_231' title='bbox 253 1385 344 1417; x_wconf 78' lang='lat' dir='ltr'>modi</span> <span class='ocrx_word' id='word_1_232' title='bbox 367 1390 403 1416; x_wconf 82' lang='lat' dir='ltr'>ut</span> <span class='ocrx_word' id='word_1_233' title='bbox 419 1385 564 1426; x_wconf 78' lang='lat' dir='ltr'>primam</span> <span class='ocrx_word' id='word_1_234' title='bbox 589 1383 731 1415; x_wconf 80' lang='lat' dir='ltr'>radicem</span> <span class='ocrx_word' id='word_1_235' title='bbox 756 1393 880 1414; x_wconf 88' lang='lat' dir='ltr'>earum.</span> <span class='ocrx_word' id='word_1_236' title='bbox 906 1383 950 1414; x_wconf 90' lang='lat' dir='ltr'>Ut</span> <span class='ocrx_word' id='word_1_237' title='bbox 974 1382 1159 1413; x_wconf 85' lang='lat' dir='ltr'>distinctum</span> <span class='ocrx_word' id='word_1_238' title='bbox 1178 1389 1287 1413; x_wconf 87' lang='lat' dir='ltr'>autem</span> <span class='ocrx_word' id='word_1_239' title='bbox 1303 1389 1334 1413; x_wconf 92' lang='lat' dir='ltr'>et</span> 
     </span>
     <span class='ocr_line' id='line_1_37' title="bbox 252 1427 1333 1472; baseline -0.004 -11"><span class='ocrx_word' id='word_1_240' title='bbox 252 1428 476 1472; x_wconf 72' lang='lat' dir='ltr'>participatum</span> <span class='ocrx_word' id='word_1_241' title='bbox 499 1428 532 1459; x_wconf 89' lang='lat' dir='ltr'>in</span> <span class='ocrx_word' id='word_1_242' title='bbox 556 1428 679 1460; x_wconf 89' lang='lat' dir='ltr'>binario</span> <span class='ocrx_word' id='word_1_243' title='bbox 708 1434 739 1458; x_wconf 90' lang='lat' dir='ltr'>et</span> <span class='ocrx_word' id='word_1_244' title='bbox 770 1427 900 1458; x_wconf 86' lang='lat' dir='ltr'>trinario</span> <span class='ocrx_word' id='word_1_245' title='bbox 925 1434 999 1463; x_wconf 90' lang='lat' dir='ltr'>etc.,</span> <span class='ocrx_word' id='word_1_246' title='bbox 1032 1433 1159 1467; x_wconf 87' lang='lat' dir='ltr'>oportet</span> <span class='ocrx_word' id='word_1_247' title='bbox 1183 1427 1333 1458; x_wconf 88' lang='lat' dir='ltr'>omnium</span> 
     </span>
     <span class='ocr_line' id='line_1_38' title="bbox 251 1472 1333 1516; baseline -0.003 -11"><span class='ocrx_word' id='word_1_248' title='bbox 251 1473 442 1516; x_wconf 66' lang='lat' dir='ltr'>passionum</span> <span class='ocrx_word' id='word_1_249' title='bbox 464 1473 645 1504; x_wconf 89' lang='lat' dir='ltr'>subiectum</span> <span class='ocrx_word' id='word_1_250' title='bbox 668 1482 736 1503; x_wconf 93' lang='lat' dir='ltr'>esse</span> <span class='ocrx_word' id='word_1_251' title='bbox 760 1473 911 1513; x_wconf 87' lang='lat' dir='ltr'>primum,</span> <span class='ocrx_word' id='word_1_252' title='bbox 931 1472 1013 1503; x_wconf 92' lang='lat' dir='ltr'>idest</span> <span class='ocrx_word' id='word_1_253' title='bbox 1036 1472 1262 1513; x_wconf 86' lang='lat' dir='ltr'>adaequatum.</span> <span class='ocrx_word' id='word_1_254' title='bbox 1285 1474 1333 1503; x_wconf 87' lang='lat' dir='ltr'>Ac</span> 
     </span>
     <span class='ocr_line' id='line_1_39' title="bbox 252 1517 1334 1560; baseline -0.003 -10"><span class='ocrx_word' id='word_1_255' title='bbox 252 1527 310 1560; x_wconf 86' lang='lat' dir='ltr'>per</span> <span class='ocrx_word' id='word_1_256' title='bbox 331 1517 414 1555; x_wconf 90' lang='lat' dir='ltr'>hoc,</span> <span class='ocrx_word' id='word_1_257' title='bbox 439 1517 594 1559; x_wconf 89' lang='lat' dir='ltr'>principia</span> <span class='ocrx_word' id='word_1_258' title='bbox 621 1517 692 1549; x_wconf 88' lang='lat' dir='ltr'>talis</span> <span class='ocrx_word' id='word_1_259' title='bbox 716 1517 880 1554; x_wconf 89' lang='lat' dir='ltr'>scientiae,</span> <span class='ocrx_word' id='word_1_260' title='bbox 911 1527 993 1558; x_wconf 90' lang='lat' dir='ltr'>quae</span> <span class='ocrx_word' id='word_1_261' title='bbox 1017 1517 1135 1547; x_wconf 87' lang='lat' dir='ltr'>habent</span> <span class='ocrx_word' id='word_1_262' title='bbox 1160 1526 1334 1547; x_wconf 87' lang='lat' dir='ltr'>numerum</span> 
     </span>
     <span class='ocr_line' id='line_1_40' title="bbox 252 1561 1334 1605; baseline -0.002 -11"><span class='ocrx_word' id='word_1_263' title='bbox 252 1572 317 1605; x_wconf 51' lang='lat' dir='ltr'>pro*</span> <span class='ocrx_word' id='word_1_264' title='bbox 327 1562 483 1602; x_wconf 83' lang='lat' dir='ltr'>subiecto,</span> <span class='ocrx_word' id='word_1_265' title='bbox 498 1562 663 1594; x_wconf 89' lang='lat' dir='ltr'>continent</span> <span class='ocrx_word' id='word_1_266' title='bbox 675 1562 850 1593; x_wconf 87' lang='lat' dir='ltr'>virtualiter</span> <span class='ocrx_word' id='word_1_267' title='bbox 869 1572 982 1593; x_wconf 89' lang='lat' dir='ltr'>omnes</span> <span class='ocrx_word' id='word_1_268' title='bbox 999 1561 1144 1592; x_wconf 86' lang='lat' dir='ltr'>veritates</span> <span class='ocrx_word' id='word_1_269' title='bbox 1160 1568 1196 1593; x_wconf 94' lang='lat' dir='ltr'>ut</span> <span class='ocrx_word' id='word_1_270' title='bbox 1212 1561 1334 1602; x_wconf 87' lang='lat' dir='ltr'>primae</span> 
     </span>
     <span class='ocr_line' id='line_1_41' title="bbox 252 1605 1334 1648; baseline -0.004 -8"><span class='ocrx_word' id='word_1_271' title='bbox 252 1616 377 1640; x_wconf 69' lang='lat' dir='ltr'>eamne.</span> <span class='ocrx_word' id='word_1_272' title='bbox 406 1608 474 1639; x_wconf 85' lang='lat' dir='ltr'>Nec</span> <span class='ocrx_word' id='word_1_273' title='bbox 498 1614 626 1648; x_wconf 89' lang='lat' dir='ltr'>oportet</span> <span class='ocrx_word' id='word_1_274' title='bbox 653 1607 743 1648; x_wconf 92' lang='lat' dir='ltr'>quod</span> <span class='ocrx_word' id='word_1_275' title='bbox 767 1606 925 1638; x_wconf 88' lang='lat' dir='ltr'>sufficiant</span> <span class='ocrx_word' id='word_1_276' title='bbox 954 1607 994 1637; x_wconf 85' lang='lat' dir='ltr'>ad</span> <span class='ocrx_word' id='word_1_277' title='bbox 1017 1605 1196 1637; x_wconf 84' lang='lat' dir='ltr'>inferendas</span> <span class='ocrx_word' id='word_1_278' title='bbox 1220 1616 1334 1636; x_wconf 88' lang='lat' dir='ltr'>omnes</span> 
     </span>
     <span class='ocr_line' id='line_1_42' title="bbox 224 1651 1335 1693; baseline -0.003 -8"><span class='ocrx_word' id='word_1_279' title='bbox 224 1656 227 1658; x_wconf 84' lang='grc'><em>“</em></span> <span class='ocrx_word' id='word_1_280' title='bbox 251 1651 487 1689; x_wconf 70' lang='lat' dir='ltr'>conclusiones,</span> <span class='ocrx_word' id='word_1_281' title='bbox 514 1651 575 1683; x_wconf 89' lang='lat' dir='ltr'>nisi</span> <span class='ocrx_word' id='word_1_282' title='bbox 600 1652 750 1683; x_wconf 88' lang='lat' dir='ltr'>adiuncta</span> <span class='ocrx_word' id='word_1_283' title='bbox 768 1651 1043 1693; x_wconf 89' lang='lat' dir='ltr'>propositionibus</span> <span class='ocrx_word' id='word_1_284' title='bbox 1070 1661 1208 1692; x_wconf 89' lang='lat' dir='ltr'>quarum</span> <span class='ocrx_word' id='word_1_285' title='bbox 1233 1651 1335 1682; x_wconf 87' lang='lat' dir='ltr'>subie-</span> 
     </span>
    </p>
   </div>
   <div class='ocr_carea' id='block_1_11' title="bbox 182 1695 1333 1736">
    <p class='ocr_par' dir='ltr' id='par_1_11' title="bbox 182 1695 1333 1736">
     <span class='ocr_line' id='line_1_43' title="bbox 182 1695 1333 1736; baseline -0.004 -5"><span class='ocrx_word' id='word_1_286' title='bbox 182 1695 202 1706; x_wconf 56' lang='grc'>’“</span> <span class='ocrx_word' id='word_1_287' title='bbox 252 1703 343 1731; x_wconf 63' lang='lat' dir='ltr'>aum</span> <span class='ocrx_word' id='word_1_288' title='bbox 364 1697 409 1728; x_wconf 82' lang='lat' dir='ltr'>sit</span> <span class='ocrx_word' id='word_1_289' title='bbox 427 1696 567 1728; x_wconf 85' lang='lat' dir='ltr'>binarius</span> <span class='ocrx_word' id='word_1_290' title='bbox 596 1704 652 1728; x_wconf 86' lang='lat' dir='ltr'>aut</span> <span class='ocrx_word' id='word_1_291' title='bbox 681 1696 828 1728; x_wconf 88' lang='lat' dir='ltr'>trinarius</span> <span class='ocrx_word' id='word_1_292' title='bbox 852 1703 932 1734; x_wconf 91' lang='lat' dir='ltr'>etc.,</span> <span class='ocrx_word' id='word_1_293' title='bbox 964 1704 1001 1728; x_wconf 92' lang='lat' dir='ltr'>ut</span> <span class='ocrx_word' id='word_1_294' title='bbox 1028 1696 1130 1728; x_wconf 86' lang='lat' dir='ltr'>causis</span> <span class='ocrx_word' id='word_1_295' title='bbox 1160 1695 1333 1736; x_wconf 84' lang='lat' dir='ltr'>proximis:</span> 
     </span>
    </p>
   </div>
   <div class='ocr_carea' id='block_1_12' title="bbox 251 1740 1335 1874">
    <p class='ocr_par' dir='ltr' id='par_1_12' title="bbox 251 1740 1335 1874">
     <span class='ocr_line' id='line_1_44' title="bbox 251 1740 1335 1785; baseline -0.003 -11"><span class='ocrx_word' id='word_1_296' title='bbox 251 1742 533 1785; x_wconf 80' lang='lat' dir='ltr'>quemadmodum</span> <span class='ocrx_word' id='word_1_297' title='bbox 556 1751 614 1773; x_wconf 91' lang='lat' dir='ltr'>nec</span> <span class='ocrx_word' id='word_1_298' title='bbox 637 1751 792 1773; x_wconf 92' lang='lat' dir='ltr'>numerus</span> <span class='ocrx_word' id='word_1_299' title='bbox 816 1742 850 1772; x_wconf 90' lang='lat' dir='ltr'>in</span> <span class='ocrx_word' id='word_1_300' title='bbox 873 1752 907 1772; x_wconf 91' lang='lat' dir='ltr'>se</span> <span class='ocrx_word' id='word_1_301' title='bbox 931 1752 1025 1773; x_wconf 87' lang='lat' dir='ltr'>causa</span> <span class='ocrx_word' id='word_1_302' title='bbox 1049 1748 1095 1772; x_wconf 93' lang='lat' dir='ltr'>est</span> <span class='ocrx_word' id='word_1_303' title='bbox 1118 1740 1278 1772; x_wconf 85' lang='lat' dir='ltr'>sufficiens</span> <span class='ocrx_word' id='word_1_304' title='bbox 1294 1741 1335 1771; x_wconf 89' lang='lat' dir='ltr'>ad</span> 
     </span>
     <span class='ocr_line' id='line_1_45' title="bbox 252 1785 1334 1830; baseline -0.003 -12"><span class='ocrx_word' id='word_1_305' title='bbox 252 1786 418 1830; x_wconf 76' lang='lat' dir='ltr'>passiones</span> <span class='ocrx_word' id='word_1_306' title='bbox 436 1786 561 1823; x_wconf 87' lang='lat' dir='ltr'>binarii,</span> <span class='ocrx_word' id='word_1_307' title='bbox 578 1787 634 1818; x_wconf 91' lang='lat' dir='ltr'>sed</span> <span class='ocrx_word' id='word_1_308' title='bbox 651 1793 687 1818; x_wconf 94' lang='lat' dir='ltr'>ut</span> <span class='ocrx_word' id='word_1_309' title='bbox 710 1786 813 1828; x_wconf 91' lang='lat' dir='ltr'>prima</span> <span class='ocrx_word' id='word_1_310' title='bbox 837 1787 923 1817; x_wconf 87' lang='lat' dir='ltr'>radix</span> <span class='ocrx_word' id='word_1_311' title='bbox 948 1795 1071 1817; x_wconf 88' lang='lat' dir='ltr'>earum:</span> <span class='ocrx_word' id='word_1_312' title='bbox 1097 1792 1128 1816; x_wconf 93' lang='lat' dir='ltr'>et</span> <span class='ocrx_word' id='word_1_313' title='bbox 1151 1785 1214 1816; x_wconf 89' lang='lat' dir='ltr'>hoc</span> <span class='ocrx_word' id='word_1_314' title='bbox 1237 1786 1270 1816; x_wconf 90' lang='lat' dir='ltr'>in</span> <span class='ocrx_word' id='word_1_315' title='bbox 1295 1795 1334 1816; x_wconf 92' lang='lat' dir='ltr'>eo</span> 
     </span>
     <span class='ocr_line' id='line_1_46' title="bbox 252 1829 1333 1874; baseline -0.003 -11"><span class='ocrx_word' id='word_1_316' title='bbox 252 1832 344 1874; x_wconf 84' lang='lat' dir='ltr'>quod</span> <span class='ocrx_word' id='word_1_317' title='bbox 367 1831 501 1868; x_wconf 84' lang='lat' dir='ltr'>scibiles,</span> <span class='ocrx_word' id='word_1_318' title='bbox 521 1831 603 1863; x_wconf 93' lang='lat' dir='ltr'>idest</span> <span class='ocrx_word' id='word_1_319' title='bbox 623 1831 817 1873; x_wconf 90' lang='lat' dir='ltr'>inquantum</span> <span class='ocrx_word' id='word_1_320' title='bbox 837 1839 911 1862; x_wconf 92' lang='lat' dir='ltr'>sunt</span> <span class='ocrx_word' id='word_1_321' title='bbox 939 1831 971 1862; x_wconf 93' lang='lat' dir='ltr'>in</span> <span class='ocrx_word' id='word_1_322' title='bbox 996 1831 1050 1862; x_wconf 88' lang='lat' dir='ltr'>tali</span> <span class='ocrx_word' id='word_1_323' title='bbox 1074 1830 1178 1871; x_wconf 89' lang='lat' dir='ltr'>specie</span> <span class='ocrx_word' id='word_1_324' title='bbox 1202 1829 1333 1866; x_wconf 90' lang='lat' dir='ltr'>scibilis;</span> 
     </span>
    </p>
   </div>
   <div class='ocr_carea' id='block_1_13' title="bbox 196 1876 789 1919">
    <p class='ocr_par' dir='ltr' id='par_1_13' title="bbox 196 1876 789 1919">
     <span class='ocr_line' id='line_1_47' title="bbox 196 1876 789 1919; baseline -0.003 -11"><span class='ocrx_word' id='word_1_325' title='bbox 196 1887 198 1889; x_wconf 66' lang='grc'><strong><em>’</em></strong></span> <span class='ocrx_word' id='word_1_326' title='bbox 253 1876 413 1919; x_wconf 82' lang='lat' dir='ltr'>quidquid</span> <span class='ocrx_word' id='word_1_327' title='bbox 437 1876 477 1907; x_wconf 90' lang='lat' dir='ltr'>sit</span> <span class='ocrx_word' id='word_1_328' title='bbox 499 1876 532 1907; x_wconf 89' lang='lat' dir='ltr'>in</span> <span class='ocrx_word' id='word_1_329' title='bbox 557 1887 624 1908; x_wconf 89' lang='lat' dir='ltr'>esse</span> <span class='ocrx_word' id='word_1_330' title='bbox 649 1883 789 1908; x_wconf 88' lang='lat' dir='ltr'>naturae.</span> 
     </span>
    </p>
   </div>
   <div class='ocr_carea' id='block_1_14' title="bbox 229 1919 1335 2051">
    <p class='ocr_par' dir='ltr' id='par_1_14' title="bbox 229 1919 1335 2051">
     <span class='ocr_line' id='line_1_48' title="bbox 282 1919 1335 1960; baseline -0.004 -7"><span class='ocrx_word' id='word_1_331' title='bbox 282 1950 286 1955; x_wconf 84' lang='lat'>.</span> <span class='ocrx_word' id='word_1_332' title='bbox 309 1921 351 1953; x_wconf 84' lang='lat' dir='ltr'>Et</span> <span class='ocrx_word' id='word_1_333' title='bbox 365 1921 545 1953; x_wconf 75' lang='lat' dir='ltr'>secundum</span> <span class='ocrx_word' id='word_1_334' title='bbox 569 1921 651 1952; x_wconf 88' lang='lat' dir='ltr'>hanc</span> <span class='ocrx_word' id='word_1_335' title='bbox 674 1921 770 1957; x_wconf 89' lang='lat' dir='ltr'>viam,</span> <span class='ocrx_word' id='word_1_336' title='bbox 795 1920 1001 1951; x_wconf 86' lang='lat' dir='ltr'>manifestum</span> <span class='ocrx_word' id='word_1_337' title='bbox 1016 1927 1063 1950; x_wconf 90' lang='lat' dir='ltr'>est</span> <span class='ocrx_word' id='word_1_338' title='bbox 1087 1919 1176 1960; x_wconf 91' lang='lat' dir='ltr'>quod</span> <span class='ocrx_word' id='word_1_339' title='bbox 1200 1919 1335 1950; x_wconf 87' lang='lat' dir='ltr'>eandem</span> 
     </span>
     <span class='ocr_line' id='line_1_49' title="bbox 229 1964 1335 2007; baseline -0.003 -10"><span class='ocrx_word' id='word_1_340' title='bbox 229 1965 420 1997; x_wconf 80' lang='lat' dir='ltr'>&#39;scientiam</span> <span class='ocrx_word' id='word_1_341' title='bbox 453 1966 632 1997; x_wconf 90' lang='lat' dir='ltr'>secundum</span> <span class='ocrx_word' id='word_1_342' title='bbox 659 1966 799 2007; x_wconf 89' lang='lat' dir='ltr'>speciem</span> <span class='ocrx_word' id='word_1_343' title='bbox 830 1964 984 2005; x_wconf 88' lang='lat' dir='ltr'>contingit</span> <span class='ocrx_word' id='word_1_344' title='bbox 1013 1974 1080 1995; x_wconf 91' lang='lat' dir='ltr'>esse</span> <span class='ocrx_word' id='word_1_345' title='bbox 1105 1965 1143 1995; x_wconf 92' lang='lat' dir='ltr'>de</span> <span class='ocrx_word' id='word_1_346' title='bbox 1166 1973 1280 2004; x_wconf 89' lang='lat' dir='ltr'>genere</span> <span class='ocrx_word' id='word_1_347' title='bbox 1305 1970 1335 1995; x_wconf 92' lang='lat' dir='ltr'>et</span> 
     </span>
     <span class='ocr_line' id='line_1_50' title="bbox 253 2009 1156 2051; baseline -0.002 -10"><span class='ocrx_word' id='word_1_348' title='bbox 253 2010 364 2042; x_wconf 89' lang='lat' dir='ltr'>multis</span> <span class='ocrx_word' id='word_1_349' title='bbox 388 2010 564 2051; x_wconf 85' lang='lat' dir='ltr'>speciebus,</span> <span class='ocrx_word' id='word_1_350' title='bbox 589 2010 767 2042; x_wconf 89' lang='lat' dir='ltr'>secundum</span> <span class='ocrx_word' id='word_1_351' title='bbox 791 2010 993 2051; x_wconf 89' lang='lat' dir='ltr'>singulorum</span> <span class='ocrx_word' id='word_1_352' title='bbox 1017 2009 1156 2050; x_wconf 88' lang='lat' dir='ltr'>propria.</span> 
     </span>
    </p>
   </div>
   <div class='ocr_carea' id='block_1_15' title="bbox 2412 245 2455 272">
    <p class='ocr_par' dir='ltr' id='par_1_15' title="bbox 2412 245 2455 272">
     <span class='ocr_line' id='line_1_51' title="bbox 2412 245 2455 272; baseline 0.047 -2"><span class='ocrx_word' id='word_1_353' title='bbox 2412 245 2455 272; x_wconf 89' lang='lat'>21</span> 
     </span>
    </p>
   </div>
   <div class='ocr_carea' id='block_1_16' title="bbox 1386 313 2466 1815">
    <p class='ocr_par' dir='ltr' id='par_1_16' title="bbox 1386 313 2463 799">
     <span class='ocr_line' id='line_1_52' title="bbox 1444 313 2460 354; baseline 0 -11"><span class='ocrx_word' id='word_1_354' title='bbox 1444 313 1497 343; x_wconf 93' lang='lat' dir='ltr'>XI.</span> <span class='ocrx_word' id='word_1_355' title='bbox 1511 313 1553 343; x_wconf 94' lang='lat' dir='ltr'>Et</span> <span class='ocrx_word' id='word_1_356' title='bbox 1565 313 1590 343; x_wconf 91' lang='lat' dir='ltr'>si</span> <span class='ocrx_word' id='word_1_357' title='bbox 1606 320 1788 354; x_wconf 86' lang='lat' dir='ltr'>quaeratur:</span> <span class='ocrx_word' id='word_1_358' title='bbox 1809 313 1890 350; x_wconf 89' lang='lat' dir='ltr'>Quis</span> <span class='ocrx_word' id='word_1_359' title='bbox 1905 323 1979 354; x_wconf 87' lang='lat' dir='ltr'>ergo</span> <span class='ocrx_word' id='word_1_360' title='bbox 1997 313 2054 344; x_wconf 89' lang='lat' dir='ltr'>erit</span> <span class='ocrx_word' id='word_1_361' title='bbox 2068 313 2159 343; x_wconf 91' lang='lat' dir='ltr'>limes</span> <span class='ocrx_word' id='word_1_362' title='bbox 2175 313 2334 344; x_wconf 87' lang='lat' dir='ltr'>scibilium</span> <span class='ocrx_word' id='word_1_363' title='bbox 2349 313 2382 343; x_wconf 89' lang='lat' dir='ltr'>in</span> <span class='ocrx_word' id='word_1_364' title='bbox 2396 323 2460 344; x_wconf 86' lang='lat' dir='ltr'>una</span> 
     </span>
     <span class='ocr_line' id='line_1_53' title="bbox 1386 355 2460 398; baseline 0.001 -11"><span class='ocrx_word' id='word_1_365' title='bbox 1386 355 1537 388; x_wconf 88' lang='lat' dir='ltr'>scientia?</span> <span class='ocrx_word' id='word_1_366' title='bbox 1561 357 1628 388; x_wconf 88' lang='lat' dir='ltr'>Iam</span> <span class='ocrx_word' id='word_1_367' title='bbox 1653 363 1739 398; x_wconf 88' lang='lat' dir='ltr'>patet</span> <span class='ocrx_word' id='word_1_368' title='bbox 1753 358 1920 398; x_wconf 89' lang='lat' dir='ltr'>responsio</span> <span class='ocrx_word' id='word_1_369' title='bbox 1944 367 1981 388; x_wconf 84' lang='lat' dir='ltr'>ex</span> <span class='ocrx_word' id='word_1_370' title='bbox 2000 358 2106 388; x_wconf 89' lang='lat' dir='ltr'>dictis:</span> <span class='ocrx_word' id='word_1_371' title='bbox 2126 357 2303 388; x_wconf 90' lang='lat' dir='ltr'>limitantur</span> <span class='ocrx_word' id='word_1_372' title='bbox 2321 367 2460 398; x_wconf 87' lang='lat' dir='ltr'>namque</span> 
     </span>
     <span class='ocr_line' id='line_1_54' title="bbox 1386 401 2462 442; baseline 0 -10"><span class='ocrx_word' id='word_1_373' title='bbox 1386 401 1532 432; x_wconf 87' lang='lat' dir='ltr'>scientiae</span> <span class='ocrx_word' id='word_1_374' title='bbox 1555 402 1734 432; x_wconf 90' lang='lat' dir='ltr'>secundum</span> <span class='ocrx_word' id='word_1_375' title='bbox 1757 401 1876 442; x_wconf 91' lang='lat' dir='ltr'>species</span> <span class='ocrx_word' id='word_1_376' title='bbox 1900 402 2059 432; x_wconf 89' lang='lat' dir='ltr'>scibilium</span> <span class='ocrx_word' id='word_1_377' title='bbox 2081 409 2118 432; x_wconf 91' lang='lat' dir='ltr'>ut</span> <span class='ocrx_word' id='word_1_378' title='bbox 2141 402 2195 438; x_wconf 85' lang='lat' dir='ltr'>sic,</span> <span class='ocrx_word' id='word_1_379' title='bbox 2220 409 2250 432; x_wconf 93' lang='lat' dir='ltr'>et</span> <span class='ocrx_word' id='word_1_380' title='bbox 2270 412 2336 432; x_wconf 92' lang='lat' dir='ltr'>non</span> <span class='ocrx_word' id='word_1_381' title='bbox 2352 411 2462 432; x_wconf 91' lang='lat' dir='ltr'>secun-</span> 
     </span>
     <span class='ocr_line' id='line_1_55' title="bbox 1387 445 2462 487; baseline 0 -11"><span class='ocrx_word' id='word_1_382' title='bbox 1387 446 1465 476; x_wconf 90' lang='lat' dir='ltr'>dum</span> <span class='ocrx_word' id='word_1_383' title='bbox 1489 446 1608 486; x_wconf 91' lang='lat' dir='ltr'>species</span> <span class='ocrx_word' id='word_1_384' title='bbox 1632 456 1749 477; x_wconf 89' lang='lat' dir='ltr'>rerum.</span> <span class='ocrx_word' id='word_1_385' title='bbox 1783 446 1824 476; x_wconf 88' lang='lat' dir='ltr'>Et</span> <span class='ocrx_word' id='word_1_386' title='bbox 1847 445 1920 476; x_wconf 92' lang='lat' dir='ltr'>ideo</span> <span class='ocrx_word' id='word_1_387' title='bbox 1944 453 1992 477; x_wconf 94' lang='lat' dir='ltr'>tot</span> <span class='ocrx_word' id='word_1_388' title='bbox 2021 446 2139 486; x_wconf 90' lang='lat' dir='ltr'>species</span> <span class='ocrx_word' id='word_1_389' title='bbox 2163 453 2194 477; x_wconf 93' lang='lat' dir='ltr'>et</span> <span class='ocrx_word' id='word_1_390' title='bbox 2216 456 2462 487; x_wconf 56' lang='lat' dir='ltr'>generaserum</span> 
     </span>
     <span class='ocr_line' id='line_1_56' title="bbox 1386 490 2461 532; baseline 0.001 -12"><span class='ocrx_word' id='word_1_391' title='bbox 1386 491 1445 521; x_wconf 91' lang='lat' dir='ltr'>sub</span> <span class='ocrx_word' id='word_1_392' title='bbox 1469 501 1534 521; x_wconf 91' lang='lat' dir='ltr'>una</span> <span class='ocrx_word' id='word_1_393' title='bbox 1557 497 1693 531; x_wconf 91' lang='lat' dir='ltr'>possunt</span> <span class='ocrx_word' id='word_1_394' title='bbox 1717 490 1945 530; x_wconf 87' lang='lat' dir='ltr'>comprehendi</span> <span class='ocrx_word' id='word_1_395' title='bbox 1969 490 2107 527; x_wconf 89' lang='lat' dir='ltr'>scientia,</span> <span class='ocrx_word' id='word_1_396' title='bbox 2133 497 2214 532; x_wconf 91' lang='lat' dir='ltr'>quot</span> <span class='ocrx_word' id='word_1_397' title='bbox 2232 490 2461 530; x_wconf 88' lang='lat' dir='ltr'>comprehendi</span> 
     </span>
     <span class='ocr_line' id='line_1_57' title="bbox 1387 534 2460 576; baseline 0 -11"><span class='ocrx_word' id='word_1_398' title='bbox 1387 535 1542 576; x_wconf 90' lang='lat' dir='ltr'>contingit</span> <span class='ocrx_word' id='word_1_399' title='bbox 1565 536 1624 566; x_wconf 93' lang='lat' dir='ltr'>sub</span> <span class='ocrx_word' id='word_1_400' title='bbox 1641 545 1705 566; x_wconf 91' lang='lat' dir='ltr'>una</span> <span class='ocrx_word' id='word_1_401' title='bbox 1728 535 1832 575; x_wconf 91' lang='lat' dir='ltr'>specie</span> <span class='ocrx_word' id='word_1_402' title='bbox 1855 534 1966 566; x_wconf 89' lang='lat' dir='ltr'>scibili.</span> <span class='ocrx_word' id='word_1_403' title='bbox 1991 535 2032 565; x_wconf 93' lang='lat' dir='ltr'>Et</span> <span class='ocrx_word' id='word_1_404' title='bbox 2047 535 2120 565; x_wconf 92' lang='lat' dir='ltr'>ideo</span> <span class='ocrx_word' id='word_1_405' title='bbox 2143 534 2198 565; x_wconf 89' lang='lat' dir='ltr'>illa</span> <span class='ocrx_word' id='word_1_406' title='bbox 2216 534 2295 566; x_wconf 90' lang='lat' dir='ltr'>ratio</span> <span class='ocrx_word' id='word_1_407' title='bbox 2317 534 2460 566; x_wconf 89' lang='lat' dir='ltr'>formalis</span> 
     </span>
     <span class='ocr_line' id='line_1_58' title="bbox 1386 578 2462 620; baseline 0 -11"><span class='ocrx_word' id='word_1_408' title='bbox 1386 589 1493 610; x_wconf 89' lang='lat' dir='ltr'>rerum</span> <span class='ocrx_word' id='word_1_409' title='bbox 1516 590 1598 620; x_wconf 89' lang='lat' dir='ltr'>quae</span> <span class='ocrx_word' id='word_1_410' title='bbox 1630 579 1736 620; x_wconf 89' lang='lat' dir='ltr'>primo</span> <span class='ocrx_word' id='word_1_411' title='bbox 1769 578 1882 610; x_wconf 90' lang='lat' dir='ltr'>fundat</span> <span class='ocrx_word' id='word_1_412' title='bbox 1913 579 2001 609; x_wconf 89' lang='lat' dir='ltr'>illam</span> <span class='ocrx_word' id='word_1_413' title='bbox 2029 579 2168 620; x_wconf 89' lang='lat' dir='ltr'>speciem</span> <span class='ocrx_word' id='word_1_414' title='bbox 2190 579 2352 615; x_wconf 88' lang='lat' dir='ltr'>scibilem,</span> <span class='ocrx_word' id='word_1_415' title='bbox 2381 579 2462 610; x_wconf 93' lang='lat' dir='ltr'>idest</span> 
     </span>
     <span class='ocr_line' id='line_1_59' title="bbox 1387 623 2462 664; baseline 0 -10"><span class='ocrx_word' id='word_1_416' title='bbox 1387 624 1438 655; x_wconf 92' lang='lat' dir='ltr'>cui</span> <span class='ocrx_word' id='word_1_417' title='bbox 1462 624 1550 664; x_wconf 90' lang='lat' dir='ltr'>prius</span> <span class='ocrx_word' id='word_1_418' title='bbox 1570 624 1718 655; x_wconf 90' lang='lat' dir='ltr'>convenit</span> <span class='ocrx_word' id='word_1_419' title='bbox 1741 623 1794 654; x_wconf 89' lang='lat' dir='ltr'>ille</span> <span class='ocrx_word' id='word_1_420' title='bbox 1817 623 1934 654; x_wconf 88' lang='lat' dir='ltr'>modus</span> <span class='ocrx_word' id='word_1_421' title='bbox 1958 623 2176 655; x_wconf 85' lang='lat' dir='ltr'>abstractionis</span> <span class='ocrx_word' id='word_1_422' title='bbox 2194 623 2245 654; x_wconf 89' lang='lat' dir='ltr'>vel</span> <span class='ocrx_word' id='word_1_423' title='bbox 2268 623 2462 660; x_wconf 85' lang='lat' dir='ltr'>definitionis</span> 
     </span>
     <span class='ocr_line' id='line_1_60' title="bbox 1386 668 2463 709; baseline -0.001 -10"><span class='ocrx_word' id='word_1_424' title='bbox 1386 668 1436 699; x_wconf 91' lang='lat' dir='ltr'>vel</span> <span class='ocrx_word' id='word_1_425' title='bbox 1460 668 1671 709; x_wconf 85' lang='lat' dir='ltr'>cognitionis,</span> <span class='ocrx_word' id='word_1_426' title='bbox 1701 668 1757 709; x_wconf 92' lang='lat' dir='ltr'>qui</span> <span class='ocrx_word' id='word_1_427' title='bbox 1787 668 1951 699; x_wconf 87' lang='lat' dir='ltr'>constituit</span> <span class='ocrx_word' id='word_1_428' title='bbox 1974 668 2062 698; x_wconf 88' lang='lat' dir='ltr'>illam</span> <span class='ocrx_word' id='word_1_429' title='bbox 2085 668 2225 709; x_wconf 90' lang='lat' dir='ltr'>speciem</span> <span class='ocrx_word' id='word_1_430' title='bbox 2248 668 2383 704; x_wconf 91' lang='lat' dir='ltr'>scibilis,</span> <span class='ocrx_word' id='word_1_431' title='bbox 2415 675 2463 699; x_wconf 90' lang='lat' dir='ltr'>est</span> 
     </span>
     <span class='ocr_line' id='line_1_61' title="bbox 1386 712 2462 753; baseline -0.001 -9"><span class='ocrx_word' id='word_1_432' title='bbox 1386 713 1466 744; x_wconf 84' lang='lat' dir='ltr'>ratio</span> <span class='ocrx_word' id='word_1_433' title='bbox 1491 713 1634 744; x_wconf 85' lang='lat' dir='ltr'>formalis</span> <span class='ocrx_word' id='word_1_434' title='bbox 1658 712 1789 743; x_wconf 80' lang='lat' dir='ltr'>subiecti</span> <span class='ocrx_word' id='word_1_435' title='bbox 1812 713 1845 743; x_wconf 94' lang='lat' dir='ltr'>in</span> <span class='ocrx_word' id='word_1_436' title='bbox 1868 712 1923 744; x_wconf 87' lang='lat' dir='ltr'>illa</span> <span class='ocrx_word' id='word_1_437' title='bbox 1946 712 2091 749; x_wconf 90' lang='lat' dir='ltr'>scientia;</span> <span class='ocrx_word' id='word_1_438' title='bbox 2126 719 2156 743; x_wconf 93' lang='lat' dir='ltr'>et</span> <span class='ocrx_word' id='word_1_439' title='bbox 2180 719 2226 743; x_wconf 90' lang='lat' dir='ltr'>est</span> <span class='ocrx_word' id='word_1_440' title='bbox 2248 712 2351 753; x_wconf 85' lang='lat' dir='ltr'>prima</span> <span class='ocrx_word' id='word_1_441' title='bbox 2374 712 2462 743; x_wconf 87' lang='lat' dir='ltr'>radix</span> 
     </span>
     <span class='ocr_line' id='line_1_62' title="bbox 1387 756 2240 799; baseline -0.001 -11"><span class='ocrx_word' id='word_1_442' title='bbox 1387 758 1535 788; x_wconf 91' lang='lat' dir='ltr'>omnium</span> <span class='ocrx_word' id='word_1_443' title='bbox 1551 757 1780 799; x_wconf 88' lang='lat' dir='ltr'>pertinentium</span> <span class='ocrx_word' id='word_1_444' title='bbox 1796 757 1836 787; x_wconf 90' lang='lat' dir='ltr'>ad</span> <span class='ocrx_word' id='word_1_445' title='bbox 1851 757 1939 787; x_wconf 87' lang='lat' dir='ltr'>illam</span> <span class='ocrx_word' id='word_1_446' title='bbox 1955 757 2119 788; x_wconf 86' lang='lat' dir='ltr'>scientiam</span> <span class='ocrx_word' id='word_1_447' title='bbox 2135 763 2171 787; x_wconf 89' lang='lat' dir='ltr'>ut</span> <span class='ocrx_word' id='word_1_448' title='bbox 2186 756 2240 787; x_wconf 90' lang='lat' dir='ltr'>sic.</span> 
     </span>
    </p>

    <p class='ocr_par' dir='ltr' id='par_1_17' title="bbox 1386 800 2462 1110">
     <span class='ocr_line' id='line_1_63' title="bbox 1441 800 2460 840; baseline -0.002 -7"><span class='ocrx_word' id='word_1_449' title='bbox 1441 803 1540 840; x_wconf 92' lang='lat' dir='ltr'>Quod</span> <span class='ocrx_word' id='word_1_450' title='bbox 1563 809 1671 833; x_wconf 90' lang='lat' dir='ltr'>autem</span> <span class='ocrx_word' id='word_1_451' title='bbox 1695 801 1888 832; x_wconf 89' lang='lat' dir='ltr'>continentia</span> <span class='ocrx_word' id='word_1_452' title='bbox 1903 801 2046 832; x_wconf 88' lang='lat' dir='ltr'>virtualis</span> <span class='ocrx_word' id='word_1_453' title='bbox 2062 801 2132 832; x_wconf 92' lang='lat' dir='ltr'>talis</span> <span class='ocrx_word' id='word_1_454' title='bbox 2148 807 2183 832; x_wconf 92' lang='lat' dir='ltr'>ut</span> <span class='ocrx_word' id='word_1_455' title='bbox 2200 801 2354 832; x_wconf 89' lang='lat' dir='ltr'>declarata</span> <span class='ocrx_word' id='word_1_456' title='bbox 2373 807 2419 831; x_wconf 88' lang='lat' dir='ltr'>est</span> <span class='ocrx_word' id='word_1_457' title='bbox 2433 800 2460 837; x_wconf 88' lang='lat'>*,</span> 
     </span>
     <span class='ocr_line' id='line_1_64' title="bbox 1387 845 2462 886; baseline -0.003 -8"><span class='ocrx_word' id='word_1_458' title='bbox 1387 846 1521 878; x_wconf 86' lang='lat' dir='ltr'>sufficiat</span> <span class='ocrx_word' id='word_1_459' title='bbox 1544 847 1585 877; x_wconf 93' lang='lat' dir='ltr'>ad</span> <span class='ocrx_word' id='word_1_460' title='bbox 1607 847 1787 877; x_wconf 90' lang='lat' dir='ltr'>subiectum</span> <span class='ocrx_word' id='word_1_461' title='bbox 1811 853 1842 877; x_wconf 93' lang='lat' dir='ltr'>et</span> <span class='ocrx_word' id='word_1_462' title='bbox 1864 845 2019 886; x_wconf 83' lang='lat' dir='ltr'>principia</span> <span class='ocrx_word' id='word_1_463' title='bbox 2042 845 2199 882; x_wconf 88' lang='lat' dir='ltr'>scientiae,</span> <span class='ocrx_word' id='word_1_464' title='bbox 2219 851 2305 886; x_wconf 88' lang='lat' dir='ltr'>patet</span> <span class='ocrx_word' id='word_1_465' title='bbox 2329 855 2365 875; x_wconf 87' lang='lat' dir='ltr'>ex</span> <span class='ocrx_word' id='word_1_466' title='bbox 2388 855 2462 886; x_wconf 90' lang='lat' dir='ltr'>pro-</span> 
     </span>
     <span class='ocr_line' id='line_1_65' title="bbox 1387 890 2462 930; baseline -0.001 -8"><span class='ocrx_word' id='word_1_467' title='bbox 1387 892 1527 922; x_wconf 89' lang='lat' dir='ltr'>cessibus</span> <span class='ocrx_word' id='word_1_468' title='bbox 1550 891 1766 927; x_wconf 74' lang='lat' dir='ltr'>scientiarum,</span> <span class='ocrx_word' id='word_1_469' title='bbox 1792 898 1858 921; x_wconf 89' lang='lat' dir='ltr'>tam</span> <span class='ocrx_word' id='word_1_470' title='bbox 1881 890 1914 920; x_wconf 94' lang='lat' dir='ltr'>in</span> <span class='ocrx_word' id='word_1_471' title='bbox 1938 890 2168 921; x_wconf 87' lang='lat' dir='ltr'>mathematicis</span> <span class='ocrx_word' id='word_1_472' title='bbox 2192 900 2291 930; x_wconf 89' lang='lat' dir='ltr'>quarn</span> <span class='ocrx_word' id='word_1_473' title='bbox 2314 890 2347 919; x_wconf 92' lang='lat' dir='ltr'>in</span> <span class='ocrx_word' id='word_1_474' title='bbox 2371 896 2462 921; x_wconf 87' lang='lat' dir='ltr'>natu-</span> 
     </span>
     <span class='ocr_line' id='line_1_66' title="bbox 1386 934 2462 976; baseline -0.003 -9"><span class='ocrx_word' id='word_1_475' title='bbox 1386 936 1514 967; x_wconf 84' lang='lat' dir='ltr'>ralibus.</span> <span class='ocrx_word' id='word_1_476' title='bbox 1539 935 1719 976; x_wconf 82' lang='lat' dir='ltr'>Utrobique</span> <span class='ocrx_word' id='word_1_477' title='bbox 1742 945 1883 976; x_wconf 89' lang='lat' dir='ltr'>namque</span> <span class='ocrx_word' id='word_1_478' title='bbox 1907 935 2083 966; x_wconf 89' lang='lat' dir='ltr'>multarum</span> <span class='ocrx_word' id='word_1_479' title='bbox 2107 934 2284 975; x_wconf 88' lang='lat' dir='ltr'>specierum</span> <span class='ocrx_word' id='word_1_480' title='bbox 2298 934 2462 974; x_wconf 88' lang='lat' dir='ltr'>passiones</span> 
     </span>
     <span class='ocr_line' id='line_1_67' title="bbox 1387 978 2462 1021; baseline -0.001 -10"><span class='ocrx_word' id='word_1_481' title='bbox 1387 981 1515 1021; x_wconf 89' lang='lat' dir='ltr'>proprie</span> <span class='ocrx_word' id='word_1_482' title='bbox 1545 980 1734 1016; x_wconf 88' lang='lat' dir='ltr'>traduntur,</span> <span class='ocrx_word' id='word_1_483' title='bbox 1767 987 1845 1021; x_wconf 87' lang='lat' dir='ltr'>puta</span> <span class='ocrx_word' id='word_1_484' title='bbox 1874 979 2022 1020; x_wconf 86' lang='lat' dir='ltr'>trianguli</span> <span class='ocrx_word' id='word_1_485' title='bbox 2055 986 2086 1010; x_wconf 92' lang='lat' dir='ltr'>et</span> <span class='ocrx_word' id='word_1_486' title='bbox 2115 978 2347 1020; x_wconf 88' lang='lat' dir='ltr'>quadranguli,</span> <span class='ocrx_word' id='word_1_487' title='bbox 2383 989 2462 1020; x_wconf 89' lang='lat' dir='ltr'>quas</span> 
     </span>
     <span class='ocr_line' id='line_1_68' title="bbox 1386 1023 2461 1066; baseline -0.002 -10"><span class='ocrx_word' id='word_1_488' title='bbox 1386 1025 1585 1066; x_wconf 92' lang='lat' dir='ltr'>impossibile</span> <span class='ocrx_word' id='word_1_489' title='bbox 1610 1031 1656 1055; x_wconf 91' lang='lat' dir='ltr'>est</span> <span class='ocrx_word' id='word_1_490' title='bbox 1674 1025 1848 1066; x_wconf 90' lang='lat' dir='ltr'>adaequate</span> <span class='ocrx_word' id='word_1_491' title='bbox 1873 1024 2027 1055; x_wconf 87' lang='lat' dir='ltr'>contineri</span> <span class='ocrx_word' id='word_1_492' title='bbox 2043 1023 2076 1054; x_wconf 92' lang='lat' dir='ltr'>in</span> <span class='ocrx_word' id='word_1_493' title='bbox 2092 1024 2235 1054; x_wconf 90' lang='lat' dir='ltr'>subiecto</span> <span class='ocrx_word' id='word_1_494' title='bbox 2259 1023 2461 1066; x_wconf 82' lang='lat' dir='ltr'>geometriae,</span> 
     </span>
     <span class='ocr_line' id='line_1_69' title="bbox 1388 1077 1716 1110; baseline 0.015 -10"><span class='ocrx_word' id='word_1_495' title='bbox 1388 1077 1424 1101; x_wconf 88' lang='lat' dir='ltr'>ut</span> <span class='ocrx_word' id='word_1_496' title='bbox 1448 1077 1544 1110; x_wconf 83' lang='lat' dir='ltr'>patet.</span> <span class='ocrx_word' id='word_1_497' title='bbox 1712 1102 1716 1105; x_wconf 89' lang='lat'>.</span> 
     </span>
    </p>

    <p class='ocr_par' dir='ltr' id='par_1_18' title="bbox 1386 1111 2465 1690">
     <span class='ocr_line' id='line_1_70' title="bbox 1446 1111 2461 1154; baseline -0.003 -9"><span class='ocrx_word' id='word_1_498' title='bbox 1446 1115 1514 1145; x_wconf 89' lang='lat' dir='ltr'>XII.</span> <span class='ocrx_word' id='word_1_499' title='bbox 1527 1115 1579 1145; x_wconf 89' lang='lat' dir='ltr'>Ad</span> <span class='ocrx_word' id='word_1_500' title='bbox 1594 1114 1732 1154; x_wconf 87' lang='lat' dir='ltr'>primam</span> <span class='ocrx_word' id='word_1_501' title='bbox 1743 1113 1761 1133; x_wconf 88' lang='lat'><em>*</em></span> <span class='ocrx_word' id='word_1_502' title='bbox 1777 1123 1852 1154; x_wconf 89' lang='lat' dir='ltr'>ergo</span> <span class='ocrx_word' id='word_1_503' title='bbox 1865 1113 1951 1144; x_wconf 91' lang='lat' dir='ltr'>Scoti</span> <span class='ocrx_word' id='word_1_504' title='bbox 1963 1113 2129 1149; x_wconf 88' lang='lat' dir='ltr'>rationem,</span> <span class='ocrx_word' id='word_1_505' title='bbox 2141 1113 2206 1143; x_wconf 91' lang='lat' dir='ltr'>iam</span> <span class='ocrx_word' id='word_1_506' title='bbox 2222 1112 2343 1143; x_wconf 88' lang='lat' dir='ltr'>dic-tum</span> <span class='ocrx_word' id='word_1_507' title='bbox 2358 1119 2405 1143; x_wconf 90' lang='lat' dir='ltr'>est</span> <span class='ocrx_word' id='word_1_508' title='bbox 2415 1111 2461 1142; x_wconf 83' lang='lat'>**.</span> 
     </span>
     <span class='ocr_line' id='line_1_71' title="bbox 1387 1156 2463 1197; baseline -0.003 -8"><span class='ocrx_word' id='word_1_509' title='bbox 1387 1177 1407 1181; x_wconf 91' lang='lat'>-</span> <span class='ocrx_word' id='word_1_510' title='bbox 1423 1159 1475 1189; x_wconf 88' lang='lat' dir='ltr'>Ad</span> <span class='ocrx_word' id='word_1_511' title='bbox 1499 1159 1672 1189; x_wconf 88' lang='lat' dir='ltr'>secundam</span> <span class='ocrx_word' id='word_1_512' title='bbox 1688 1168 1774 1195; x_wconf 91' lang='lat' dir='ltr'>vero,</span> <span class='ocrx_word' id='word_1_513' title='bbox 1791 1168 1828 1188; x_wconf 85' lang='lat' dir='ltr'>ex</span> <span class='ocrx_word' id='word_1_514' title='bbox 1852 1158 1966 1188; x_wconf 90' lang='lat' dir='ltr'>eodem</span> <span class='ocrx_word' id='word_1_515' title='bbox 1989 1157 2200 1188; x_wconf 91' lang='lat' dir='ltr'>fundamento</span> <span class='ocrx_word' id='word_1_516' title='bbox 2225 1157 2348 1193; x_wconf 89' lang='lat' dir='ltr'>dicitur,</span> <span class='ocrx_word' id='word_1_517' title='bbox 2373 1156 2463 1197; x_wconf 91' lang='lat' dir='ltr'>quod</span> 
     </span>
     <span class='ocr_line' id='line_1_72' title="bbox 1387 1201 2461 1237; baseline -0.002 -4"><span class='ocrx_word' id='word_1_518' title='bbox 1387 1203 1568 1234; x_wconf 88' lang='lat' dir='ltr'>subiectum</span> <span class='ocrx_word' id='word_1_519' title='bbox 1601 1202 1727 1233; x_wconf 89' lang='lat' dir='ltr'>habitus</span> <span class='ocrx_word' id='word_1_520' title='bbox 1761 1202 1922 1233; x_wconf 91' lang='lat' dir='ltr'>continere</span> <span class='ocrx_word' id='word_1_521' title='bbox 1952 1202 2126 1233; x_wconf 88' lang='lat' dir='ltr'>virtualiter</span> <span class='ocrx_word' id='word_1_522' title='bbox 2158 1208 2264 1232; x_wconf 89' lang='lat' dir='ltr'>toturn</span> <span class='ocrx_word' id='word_1_523' title='bbox 2294 1201 2440 1232; x_wconf 91' lang='lat' dir='ltr'>habitum</span> <span class='ocrx_word' id='word_1_524' title='bbox 2454 1225 2461 1237; x_wconf 90' lang='lat'><strong><em>‚</em></strong></span> 
     </span>
     <span class='ocr_line' id='line_1_73' title="bbox 1387 1245 2463 1288; baseline -0.002 -10"><span class='ocrx_word' id='word_1_525' title='bbox 1387 1255 1493 1288; x_wconf 91' lang='lat' dir='ltr'>potest</span> <span class='ocrx_word' id='word_1_526' title='bbox 1510 1247 1678 1288; x_wconf 91' lang='lat' dir='ltr'>dupliciter</span> <span class='ocrx_word' id='word_1_527' title='bbox 1693 1247 1841 1287; x_wconf 87' lang='lat' dir='ltr'>intelligi:</span> <span class='ocrx_word' id='word_1_528' title='bbox 1867 1256 1934 1277; x_wconf 92' lang='lat' dir='ltr'>uno</span> <span class='ocrx_word' id='word_1_529' title='bbox 1951 1247 2061 1283; x_wconf 89' lang='lat' dir='ltr'>modo,</span> <span class='ocrx_word' id='word_1_530' title='bbox 2080 1246 2265 1286; x_wconf 85' lang='lat' dir='ltr'>accipiendo</span> <span class='ocrx_word' id='word_1_531' title='bbox 2283 1245 2463 1276; x_wconf 85' lang='lat' dir='ltr'>subiectum</span> 
     </span>
     <span class='ocr_line' id='line_1_74' title="bbox 1386 1289 2463 1333; baseline -0.003 -10"><span class='ocrx_word' id='word_1_532' title='bbox 1386 1293 1420 1323; x_wconf 92' lang='lat' dir='ltr'>in</span> <span class='ocrx_word' id='word_1_533' title='bbox 1445 1292 1566 1333; x_wconf 87' lang='lat' dir='ltr'>seipso;</span> <span class='ocrx_word' id='word_1_534' title='bbox 1591 1292 1654 1322; x_wconf 90' lang='lat' dir='ltr'>alio</span> <span class='ocrx_word' id='word_1_535' title='bbox 1679 1292 1790 1327; x_wconf 89' lang='lat' dir='ltr'>modo,</span> <span class='ocrx_word' id='word_1_536' title='bbox 1816 1298 1851 1322; x_wconf 92' lang='lat' dir='ltr'>ut</span> <span class='ocrx_word' id='word_1_537' title='bbox 1874 1290 2040 1321; x_wconf 90' lang='lat' dir='ltr'>inventurn</span> <span class='ocrx_word' id='word_1_538' title='bbox 2064 1291 2096 1321; x_wconf 94' lang='lat' dir='ltr'>in</span> <span class='ocrx_word' id='word_1_539' title='bbox 2120 1290 2188 1321; x_wconf 89' lang='lat' dir='ltr'>aliis</span> <span class='ocrx_word' id='word_1_540' title='bbox 2204 1300 2260 1331; x_wconf 91' lang='lat' dir='ltr'>per</span> <span class='ocrx_word' id='word_1_541' title='bbox 2283 1299 2315 1320; x_wconf 93' lang='lat' dir='ltr'>se</span> <span class='ocrx_word' id='word_1_542' title='bbox 2339 1289 2463 1330; x_wconf 87' lang='lat' dir='ltr'>partici—</span> 
     </span>
     <span class='ocr_line' id='line_1_75' title="bbox 1387 1334 2465 1378; baseline -0.003 -11"><span class='ocrx_word' id='word_1_543' title='bbox 1387 1337 1536 1378; x_wconf 85' lang='lat' dir='ltr'>pantibus</span> <span class='ocrx_word' id='word_1_544' title='bbox 1564 1336 1810 1378; x_wconf 89' lang='lat' dir='ltr'>quomodolibet</span> <span class='ocrx_word' id='word_1_545' title='bbox 1842 1335 1960 1376; x_wconf 89' lang='lat' dir='ltr'>ipsum.</span> <span class='ocrx_word' id='word_1_546' title='bbox 1992 1335 2033 1366; x_wconf 93' lang='lat' dir='ltr'>Et</span> <span class='ocrx_word' id='word_1_547' title='bbox 2056 1334 2198 1366; x_wconf 91' lang='lat' dir='ltr'>similiter</span> <span class='ocrx_word' id='word_1_548' title='bbox 2222 1334 2383 1365; x_wconf 91' lang='lat' dir='ltr'>continere</span> <span class='ocrx_word' id='word_1_549' title='bbox 2406 1334 2465 1364; x_wconf 89' lang='lat' dir='ltr'>vir-</span> 
     </span>
     <span class='ocr_line' id='line_1_76' title="bbox 1387 1379 2462 1422; baseline -0.005 -9"><span class='ocrx_word' id='word_1_550' title='bbox 1387 1382 1512 1413; x_wconf 90' lang='lat' dir='ltr'>tualiter</span> <span class='ocrx_word' id='word_1_551' title='bbox 1536 1381 1717 1422; x_wconf 89' lang='lat' dir='ltr'>dupliciter:</span> <span class='ocrx_word' id='word_1_552' title='bbox 1738 1380 1855 1411; x_wconf 89' lang='lat' dir='ltr'>scilicet</span> <span class='ocrx_word' id='word_1_553' title='bbox 1870 1380 2054 1421; x_wconf 86' lang='lat' dir='ltr'>adaequate,</span> <span class='ocrx_word' id='word_1_554' title='bbox 2070 1386 2101 1411; x_wconf 89' lang='lat' dir='ltr'>et</span> <span class='ocrx_word' id='word_1_555' title='bbox 2120 1386 2155 1410; x_wconf 91' lang='lat' dir='ltr'>ut</span> <span class='ocrx_word' id='word_1_556' title='bbox 2170 1379 2309 1420; x_wconf 87' lang='lat' dir='ltr'>primam</span> <span class='ocrx_word' id='word_1_557' title='bbox 2323 1388 2462 1409; x_wconf 89' lang='lat' dir='ltr'>causam.</span> 
     </span>
     <span class='ocr_line' id='line_1_77' title="bbox 1388 1423 2463 1466; baseline -0.004 -9"><span class='ocrx_word' id='word_1_558' title='bbox 1388 1426 1575 1458; x_wconf 89' lang='lat' dir='ltr'>Subiectum</span> <span class='ocrx_word' id='word_1_559' title='bbox 1597 1425 1631 1456; x_wconf 90' lang='lat' dir='ltr'>in</span> <span class='ocrx_word' id='word_1_560' title='bbox 1654 1425 1760 1466; x_wconf 82' lang='lat' dir='ltr'>seipso</span> <span class='ocrx_word' id='word_1_561' title='bbox 1793 1425 1934 1456; x_wconf 88' lang='lat' dir='ltr'>continet</span> <span class='ocrx_word' id='word_1_562' title='bbox 1956 1424 2129 1455; x_wconf 89' lang='lat' dir='ltr'>virtualiter</span> <span class='ocrx_word' id='word_1_563' title='bbox 2142 1448 2149 1460; x_wconf 92' lang='lat'>,</span> <span class='ocrx_word' id='word_1_564' title='bbox 2174 1430 2210 1454; x_wconf 91' lang='lat' dir='ltr'>ut</span> <span class='ocrx_word' id='word_1_565' title='bbox 2232 1423 2336 1464; x_wconf 90' lang='lat' dir='ltr'>prima</span> <span class='ocrx_word' id='word_1_566' title='bbox 2359 1433 2463 1459; x_wconf 86' lang='lat' dir='ltr'>causa,</span> 
     </span>
     <span class='ocr_line' id='line_1_78' title="bbox 1387 1468 2465 1510; baseline -0.004 -8"><span class='ocrx_word' id='word_1_567' title='bbox 1387 1478 1494 1502; x_wconf 90' lang='lat' dir='ltr'>totum</span> <span class='ocrx_word' id='word_1_568' title='bbox 1510 1470 1666 1506; x_wconf 83' lang='lat' dir='ltr'>habitum,</span> <span class='ocrx_word' id='word_1_569' title='bbox 1685 1476 1715 1501; x_wconf 93' lang='lat' dir='ltr'>et</span> <span class='ocrx_word' id='word_1_570' title='bbox 1731 1479 1798 1500; x_wconf 90' lang='lat' dir='ltr'>non</span> <span class='ocrx_word' id='word_1_571' title='bbox 1817 1476 1952 1510; x_wconf 89' lang='lat' dir='ltr'>partem;</span> <span class='ocrx_word' id='word_1_572' title='bbox 1973 1469 2054 1500; x_wconf 89' lang='lat' dir='ltr'>sicut</span> <span class='ocrx_word' id='word_1_573' title='bbox 2070 1469 2119 1500; x_wconf 94' lang='lat' dir='ltr'>sol</span> <span class='ocrx_word' id='word_1_574' title='bbox 2138 1468 2279 1500; x_wconf 90' lang='lat' dir='ltr'>continet</span> <span class='ocrx_word' id='word_1_575' title='bbox 2292 1468 2465 1498; x_wconf 90' lang='lat' dir='ltr'>virtualiter</span> 
     </span>
     <span class='ocr_line' id='line_1_79' title="bbox 1387 1512 2464 1555; baseline -0.005 -8"><span class='ocrx_word' id='word_1_576' title='bbox 1387 1522 1495 1547; x_wconf 86' lang='lat' dir='ltr'>toturn</span> <span class='ocrx_word' id='word_1_577' title='bbox 1510 1515 1687 1551; x_wconf 89' lang='lat' dir='ltr'>hominem,</span> <span class='ocrx_word' id='word_1_578' title='bbox 1704 1521 1735 1546; x_wconf 89' lang='lat' dir='ltr'>et</span> <span class='ocrx_word' id='word_1_579' title='bbox 1750 1524 1816 1545; x_wconf 90' lang='lat' dir='ltr'>non</span> <span class='ocrx_word' id='word_1_580' title='bbox 1836 1521 1969 1555; x_wconf 90' lang='lat' dir='ltr'>partem,</span> <span class='ocrx_word' id='word_1_581' title='bbox 1985 1520 2021 1545; x_wconf 90' lang='lat' dir='ltr'>ut</span> <span class='ocrx_word' id='word_1_582' title='bbox 2040 1513 2143 1554; x_wconf 89' lang='lat' dir='ltr'>prima</span> <span class='ocrx_word' id='word_1_583' title='bbox 2159 1520 2267 1544; x_wconf 88' lang='lat' dir='ltr'>tamen</span> <span class='ocrx_word' id='word_1_584' title='bbox 2286 1512 2351 1543; x_wconf 84' lang='lat' dir='ltr'>sive</span> <span class='ocrx_word' id='word_1_585' title='bbox 2371 1522 2464 1553; x_wconf 90' lang='lat' dir='ltr'>supe-</span> 
     </span>
     <span class='ocr_line' id='line_1_80' title="bbox 1388 1557 2464 1599; baseline -0.004 -8"><span class='ocrx_word' id='word_1_586' title='bbox 1388 1561 1453 1591; x_wconf 89' lang='lat' dir='ltr'>rior</span> <span class='ocrx_word' id='word_1_587' title='bbox 1469 1570 1573 1591; x_wconf 88' lang='lat' dir='ltr'>causa.</span> <span class='ocrx_word' id='word_1_588' title='bbox 1591 1559 1778 1590; x_wconf 90' lang='lat' dir='ltr'>Subiectum</span> <span class='ocrx_word' id='word_1_589' title='bbox 1792 1565 1900 1589; x_wconf 87' lang='lat' dir='ltr'>autem</span> <span class='ocrx_word' id='word_1_590' title='bbox 1916 1558 1949 1589; x_wconf 93' lang='lat' dir='ltr'>in</span> <span class='ocrx_word' id='word_1_591' title='bbox 1966 1568 1998 1589; x_wconf 91' lang='lat' dir='ltr'>se</span> <span class='ocrx_word' id='word_1_592' title='bbox 2015 1565 2046 1590; x_wconf 91' lang='lat' dir='ltr'>et</span> <span class='ocrx_word' id='word_1_593' title='bbox 2057 1558 2090 1589; x_wconf 91' lang='lat' dir='ltr'>in</span> <span class='ocrx_word' id='word_1_594' title='bbox 2102 1557 2375 1599; x_wconf 86' lang='lat' dir='ltr'>participantibus,</span> <span class='ocrx_word' id='word_1_595' title='bbox 2390 1566 2464 1588; x_wconf 90' lang='lat' dir='ltr'>con-</span> 
     </span>
     <span class='ocr_line' id='line_1_81' title="bbox 1388 1601 2463 1644; baseline -0.004 -8"><span class='ocrx_word' id='word_1_596' title='bbox 1388 1606 1468 1636; x_wconf 86' lang='lat' dir='ltr'>tinet</span> <span class='ocrx_word' id='word_1_597' title='bbox 1490 1604 1664 1635; x_wconf 89' lang='lat' dir='ltr'>virtualiter</span> <span class='ocrx_word' id='word_1_598' title='bbox 1679 1611 1710 1634; x_wconf 90' lang='lat' dir='ltr'>et</span> <span class='ocrx_word' id='word_1_599' title='bbox 1727 1604 1911 1644; x_wconf 86' lang='lat' dir='ltr'>adaequate,</span> <span class='ocrx_word' id='word_1_600' title='bbox 1928 1609 1964 1634; x_wconf 90' lang='lat' dir='ltr'>ut</span> <span class='ocrx_word' id='word_1_601' title='bbox 1979 1610 2046 1634; x_wconf 93' lang='lat' dir='ltr'>tota</span> <span class='ocrx_word' id='word_1_602' title='bbox 2066 1613 2170 1639; x_wconf 86' lang='lat' dir='ltr'>causa,</span> <span class='ocrx_word' id='word_1_603' title='bbox 2186 1609 2292 1634; x_wconf 87' lang='lat' dir='ltr'>totum</span> <span class='ocrx_word' id='word_1_604' title='bbox 2307 1601 2463 1632; x_wconf 90' lang='lat' dir='ltr'>habitum.</span> 
     </span>
     <span class='ocr_line' id='line_1_82' title="bbox 1388 1645 2464 1690; baseline -0.005 -9"><span class='ocrx_word' id='word_1_605' title='bbox 1388 1668 1408 1673; x_wconf 94' lang='lat'>-</span> <span class='ocrx_word' id='word_1_606' title='bbox 1421 1650 1462 1681; x_wconf 89' lang='lat' dir='ltr'>Et</span> <span class='ocrx_word' id='word_1_607' title='bbox 1482 1649 1526 1680; x_wconf 91' lang='lat' dir='ltr'>sic</span> <span class='ocrx_word' id='word_1_608' title='bbox 1545 1655 1632 1690; x_wconf 89' lang='lat' dir='ltr'>patet</span> <span class='ocrx_word' id='word_1_609' title='bbox 1655 1649 1695 1679; x_wconf 92' lang='lat' dir='ltr'>ad</span> <span class='ocrx_word' id='word_1_610' title='bbox 1719 1648 1857 1679; x_wconf 91' lang='lat' dir='ltr'>dubium</span> <span class='ocrx_word' id='word_1_611' title='bbox 1875 1645 1909 1679; x_wconf 67' lang='lat' dir='ltr'>‘et</span> <span class='ocrx_word' id='word_1_612' title='bbox 1928 1647 2120 1688; x_wconf 90' lang='lat' dir='ltr'>simpliciter,</span> <span class='ocrx_word' id='word_1_613' title='bbox 2142 1654 2173 1678; x_wconf 90' lang='lat' dir='ltr'>et</span> <span class='ocrx_word' id='word_1_614' title='bbox 2195 1647 2238 1678; x_wconf 85' lang='lat' dir='ltr'>ad</span> <span class='ocrx_word' id='word_1_615' title='bbox 2260 1646 2464 1677; x_wconf 44' lang='lat' dir='ltr'>hominem&amp;</span> 
     </span>
    </p>

    <p class='ocr_par' dir='ltr' id='par_1_19' title="bbox 1387 1691 2466 1815">
     <span class='ocr_line' id='line_1_83' title="bbox 1447 1691 2466 1732; baseline -0.004 -7"><span class='ocrx_word' id='word_1_616' title='bbox 1447 1694 1530 1725; x_wconf 88' lang='lat' dir='ltr'>XIII.</span> <span class='ocrx_word' id='word_1_617' title='bbox 1555 1694 1674 1732; x_wconf 88' lang='lat' dir='ltr'>Quoad</span> <span class='ocrx_word' id='word_1_618' title='bbox 1697 1693 1876 1724; x_wconf 88' lang='lat' dir='ltr'>secundum</span> <span class='ocrx_word' id='word_1_619' title='bbox 1894 1692 1925 1729; x_wconf 91' lang='lat'>*,</span> <span class='ocrx_word' id='word_1_620' title='bbox 1951 1692 2129 1724; x_wconf 89' lang='lat' dir='ltr'>referuntur</span> <span class='ocrx_word' id='word_1_621' title='bbox 2151 1699 2213 1723; x_wconf 88' lang='lat' dir='ltr'>tres</span> <span class='ocrx_word' id='word_1_622' title='bbox 2232 1691 2370 1722; x_wconf 87' lang='lat' dir='ltr'>aliorum</span> <span class='ocrx_word' id='word_1_623' title='bbox 2394 1691 2466 1721; x_wconf 92' lang='lat' dir='ltr'>assi-</span> 
     </span>
     <span class='ocr_line' id='line_1_84' title="bbox 1387 1736 2466 1780; baseline -0.004 -10"><span class='ocrx_word' id='word_1_624' title='bbox 1387 1739 1564 1780; x_wconf 88' lang='lat' dir='ltr'>gnationes.</span> <span class='ocrx_word' id='word_1_625' title='bbox 1588 1738 1695 1769; x_wconf 90' lang='lat' dir='ltr'>Prima</span> <span class='ocrx_word' id='word_1_626' title='bbox 1712 1745 1759 1768; x_wconf 91' lang='lat' dir='ltr'>est</span> <span class='ocrx_word' id='word_1_627' title='bbox 1773 1737 1915 1778; x_wconf 90' lang='lat' dir='ltr'>Magistri</span> <span class='ocrx_word' id='word_1_628' title='bbox 1931 1737 2179 1768; x_wconf 86' lang='lat' dir='ltr'>Sententiarum:</span> <span class='ocrx_word' id='word_1_629' title='bbox 2200 1736 2339 1767; x_wconf 87' lang='lat' dir='ltr'>secunda</span> <span class='ocrx_word' id='word_1_630' title='bbox 2353 1736 2466 1776; x_wconf 86' lang='lat' dir='ltr'>Hugo-</span> 
     </span>
     <span class='ocr_line' id='line_1_85' title="bbox 1388 1780 2466 1815; baseline -0.005 0"><span class='ocrx_word' id='word_1_631' title='bbox 1388 1784 1437 1814; x_wconf 92' lang='lat' dir='ltr'>nis</span> <span class='ocrx_word' id='word_1_632' title='bbox 1461 1784 1500 1815; x_wconf 91' lang='lat' dir='ltr'>de</span> <span class='ocrx_word' id='word_1_633' title='bbox 1519 1783 1636 1815; x_wconf 90' lang='lat' dir='ltr'>Sancto</span> <span class='ocrx_word' id='word_1_634' title='bbox 1652 1782 1795 1814; x_wconf 89' lang='lat' dir='ltr'>Victore:</span> <span class='ocrx_word' id='word_1_635' title='bbox 1821 1782 1910 1814; x_wconf 86' lang='lat' dir='ltr'>tertia</span> <span class='ocrx_word' id='word_1_636' title='bbox 1927 1789 1973 1813; x_wconf 88' lang='lat' dir='ltr'>est</span> <span class='ocrx_word' id='word_1_637' title='bbox 1988 1780 2231 1813; x_wconf 86' lang='lat' dir='ltr'>Lincolniensis.</span> <span class='ocrx_word' id='word_1_638' title='bbox 2256 1780 2318 1812; x_wconf 90' lang='lat' dir='ltr'>Sed</span> <span class='ocrx_word' id='word_1_639' title='bbox 2341 1780 2466 1811; x_wconf 89' lang='lat' dir='ltr'>adverte</span> 
     </span>
    </p>
   </div>
   <div class='ocr_carea' id='block_1_17' title="bbox 2489 805 2670 834">
    <p class='ocr_par' dir='ltr' id='par_1_20' title="bbox 2489 805 2670 834">
     <span class='ocr_line' id='line_1_86' title="bbox 2489 805 2670 834; baseline 0 -7"><span class='ocrx_word' id='word_1_640' title='bbox 2489 807 2498 815; x_wconf 89' lang='grc'>·</span> <span class='ocrx_word' id='word_1_641' title='bbox 2509 805 2580 827; x_wconf 88' lang='lat' dir='ltr'>Num.</span> <span class='ocrx_word' id='word_1_642' title='bbox 2591 811 2670 834; x_wconf 85' lang='lat' dir='ltr'>praec.</span> 
     </span>
    </p>
   </div>
   <div class='ocr_carea' id='block_1_18' title="bbox 2489 1113 2676 1163">
    <p class='ocr_par' dir='ltr' id='par_1_21' title="bbox 2489 1113 2676 1163">
     <span class='ocr_line' id='line_1_87' title="bbox 2489 1113 2676 1136; baseline 0 0"><span class='ocrx_word' id='word_1_643' title='bbox 2489 1114 2500 1125; x_wconf 68' lang='lat'>⁶</span> <span class='ocrx_word' id='word_1_644' title='bbox 2516 1113 2551 1136; x_wconf 85' lang='lat' dir='ltr'>Cf.</span> <span class='ocrx_word' id='word_1_645' title='bbox 2567 1120 2676 1136; x_wconf 61' lang='lat' dir='ltr'>num01x.</span> 
     </span>
     <span class='ocr_line' id='line_1_88' title="bbox 2490 1140 2632 1163; baseline 0 -1"><span class='ocrx_word' id='word_1_646' title='bbox 2490 1142 2510 1151; x_wconf 91' lang='grc'>·”</span> <span class='ocrx_word' id='word_1_647' title='bbox 2525 1140 2598 1163; x_wconf 86' lang='lat' dir='ltr'>Num.</span> <span class='ocrx_word' id='word_1_648' title='bbox 2608 1147 2632 1162; x_wconf 84' lang='lat' dir='ltr'>x.</span> 
     </span>
    </p>
   </div>
   <div class='ocr_carea' id='block_1_19' title="bbox 2492 1645 2687 1717">
    <p class='ocr_par' dir='ltr' id='par_1_22' title="bbox 2492 1645 2687 1717">
     <span class='ocr_line' id='line_1_89' title="bbox 2493 1645 2687 1668; baseline 0.005 -1"><span class='ocrx_word' id='word_1_649' title='bbox 2493 1647 2501 1655; x_wconf 85' lang='lat'>·</span> <span class='ocrx_word' id='word_1_650' title='bbox 2517 1645 2552 1668; x_wconf 81' lang='lat' dir='ltr'>cf.</span> <span class='ocrx_word' id='word_1_651' title='bbox 2563 1651 2627 1667; x_wconf 91' lang='lat' dir='ltr'>num.</span> <span class='ocrx_word' id='word_1_652' title='bbox 2636 1652 2687 1668; x_wconf 74' lang='lat' dir='ltr'>vni.</span> 
     </span>
     <span class='ocr_line' id='line_1_90' title="bbox 2492 1694 2670 1717; baseline 0 -1"><span class='ocrx_word' id='word_1_653' title='bbox 2492 1695 2503 1705; x_wconf 78' lang='lat'>⁸</span> <span class='ocrx_word' id='word_1_654' title='bbox 2518 1694 2554 1717; x_wconf 83' lang='lat' dir='ltr'>Cf.</span> <span class='ocrx_word' id='word_1_655' title='bbox 2570 1700 2634 1716; x_wconf 89' lang='lat' dir='ltr'>num.</span> <span class='ocrx_word' id='word_1_656' title='bbox 2644 1700 2670 1716; x_wconf 91' lang='grc' dir='ltr'>ιι.</span> 
     </span>
    </p>
   </div>
   <div class='ocr_carea' id='block_1_20' title="bbox 1388 1825 2488 1867">
    <p class='ocr_par' dir='ltr' id='par_1_23' title="bbox 1388 1825 2488 1867">
     <span class='ocr_line' id='line_1_91' title="bbox 1388 1825 2488 1867; baseline -0.004 -8"><span class='ocrx_word' id='word_1_657' title='bbox 1388 1828 1580 1859; x_wconf 88' lang='lat' dir='ltr'>modestiam</span> <span class='ocrx_word' id='word_1_658' title='bbox 1599 1827 1758 1859; x_wconf 91' lang='lat' dir='ltr'>Auctoris.</span> <span class='ocrx_word' id='word_1_659' title='bbox 1776 1827 1941 1865; x_wconf 87' lang='lat' dir='ltr'>Quoniam</span> <span class='ocrx_word' id='word_1_660' title='bbox 1960 1826 2075 1867; x_wconf 85' lang='lat' dir='ltr'>primo,</span> <span class='ocrx_word' id='word_1_661' title='bbox 2093 1825 2272 1857; x_wconf 85' lang='lat' dir='ltr'>excusando</span> <span class='ocrx_word' id='word_1_662' title='bbox 2291 1825 2374 1861; x_wconf 90' lang='lat' dir='ltr'>illos,</span> <span class='ocrx_word' id='word_1_663' title='bbox 2393 1825 2467 1856; x_wconf 92' lang='lat' dir='ltr'>dicit</span> <span class='ocrx_word' id='word_1_664' title='bbox 2485 1834 2488 1837; x_wconf 61' lang='lat'><strong>⁴</strong></span> 
     </span>
    </p>
   </div>
   <div class='ocr_carea' id='block_1_21' title="bbox 1387 1869 2466 2037">
    <p class='ocr_par' dir='ltr' id='par_1_24' title="bbox 1387 1869 2466 2037">
     <span class='ocr_line' id='line_1_92' title="bbox 1388 1869 2466 1914; baseline -0.004 -10"><span class='ocrx_word' id='word_1_665' title='bbox 1388 1874 1478 1914; x_wconf 94' lang='lat' dir='ltr'>quod</span> <span class='ocrx_word' id='word_1_666' title='bbox 1493 1873 1696 1904; x_wconf 89' lang='lat' dir='ltr'>attenderunt</span> <span class='ocrx_word' id='word_1_667' title='bbox 1711 1873 1751 1902; x_wconf 87' lang='lat' dir='ltr'>ad</span> <span class='ocrx_word' id='word_1_668' title='bbox 1766 1872 1948 1903; x_wconf 85' lang='lat' dir='ltr'>materiam:</span> <span class='ocrx_word' id='word_1_669' title='bbox 1974 1871 2064 1912; x_wconf 88' lang='lat' dir='ltr'>quasi</span> <span class='ocrx_word' id='word_1_670' title='bbox 2089 1871 2206 1902; x_wconf 90' lang='lat' dir='ltr'>diceret</span> <span class='ocrx_word' id='word_1_671' title='bbox 2229 1870 2318 1911; x_wconf 91' lang='lat' dir='ltr'>quod</span> <span class='ocrx_word' id='word_1_672' title='bbox 2334 1879 2400 1900; x_wconf 91' lang='lat' dir='ltr'>non</span> <span class='ocrx_word' id='word_1_673' title='bbox 2419 1869 2466 1900; x_wconf 90' lang='lat' dir='ltr'>in-</span> 
     </span>
     <span class='ocr_line' id='line_1_93' title="bbox 1388 1914 2466 1957; baseline -0.004 -9"><span class='ocrx_word' id='word_1_674' title='bbox 1388 1918 1559 1949; x_wconf 90' lang='lat' dir='ltr'>tendebant</span> <span class='ocrx_word' id='word_1_675' title='bbox 1589 1917 1747 1957; x_wconf 81' lang='lat' dir='ltr'>assignare</span> <span class='ocrx_word' id='word_1_676' title='bbox 1778 1916 1958 1948; x_wconf 89' lang='lat' dir='ltr'>subiectum</span> <span class='ocrx_word' id='word_1_677' title='bbox 1989 1915 2133 1946; x_wconf 86' lang='lat' dir='ltr'>formale.</span> <span class='ocrx_word' id='word_1_678' title='bbox 2165 1915 2330 1950; x_wconf 92' lang='lat' dir='ltr'>Secundo,</span> <span class='ocrx_word' id='word_1_679' title='bbox 2356 1914 2466 1945; x_wconf 90' lang='lat' dir='ltr'>omnia</span> 
     </span>
     <span class='ocr_line' id='line_1_94' title="bbox 1387 1959 2464 2003; baseline -0.004 -10"><span class='ocrx_word' id='word_1_680' title='bbox 1387 1962 1568 2003; x_wconf 87' lang='lat' dir='ltr'>supradicta</span> <span class='ocrx_word' id='word_1_681' title='bbox 1590 1961 1713 1992; x_wconf 92' lang='lat' dir='ltr'>reducit</span> <span class='ocrx_word' id='word_1_682' title='bbox 1736 1962 1775 1991; x_wconf 91' lang='lat' dir='ltr'>ad</span> <span class='ocrx_word' id='word_1_683' title='bbox 1799 1961 1978 1992; x_wconf 88' lang='lat' dir='ltr'>subiectum</span> <span class='ocrx_word' id='word_1_684' title='bbox 2002 1960 2136 1991; x_wconf 89' lang='lat' dir='ltr'>formale</span> <span class='ocrx_word' id='word_1_685' title='bbox 2160 1970 2178 1990; x_wconf 91' lang='lat' dir='ltr'>a</span> <span class='ocrx_word' id='word_1_686' title='bbox 2201 1969 2234 1990; x_wconf 90' lang='lat' dir='ltr'>se</span> <span class='ocrx_word' id='word_1_687' title='bbox 2249 1959 2464 2000; x_wconf 81' lang='lat' dir='ltr'>assignatum,</span> 
     </span>
     <span class='ocr_line' id='line_1_95' title="bbox 1388 2005 2269 2037; baseline -0.002 0"><span class='ocrx_word' id='word_1_688' title='bbox 1388 2007 1494 2037; x_wconf 90' lang='lat' dir='ltr'>dicens</span> <span class='ocrx_word' id='word_1_689' title='bbox 1519 2006 1628 2037; x_wconf 87' lang='lat' dir='ltr'>omnia</span> <span class='ocrx_word' id='word_1_690' title='bbox 1652 2006 1729 2037; x_wconf 90' lang='lat' dir='ltr'>haec</span> <span class='ocrx_word' id='word_1_691' title='bbox 1752 2006 1875 2037; x_wconf 91' lang='lat' dir='ltr'>tractari</span> <span class='ocrx_word' id='word_1_692' title='bbox 1899 2005 1931 2035; x_wconf 91' lang='lat' dir='ltr'>in</span> <span class='ocrx_word' id='word_1_693' title='bbox 1956 2005 2066 2035; x_wconf 90' lang='lat' dir='ltr'>ordine</span> <span class='ocrx_word' id='word_1_694' title='bbox 2090 2005 2129 2035; x_wconf 88' lang='lat' dir='ltr'>ad</span> <span class='ocrx_word' id='word_1_695' title='bbox 2153 2005 2269 2035; x_wconf 92' lang='lat' dir='ltr'>Deum.</span> 
     </span>
    </p>
   </div>
   <div class='ocr_carea' id='block_1_22' title="bbox 823 2169 1891 2297">
    <p class='ocr_par' dir='ltr' id='par_1_25' title="bbox 823 2169 1891 2297">
     <span class='ocr_line' id='line_1_96' title="bbox 1046 2169 1676 2213; baseline -0.005 0"><span class='ocrx_word' id='word_1_696' title='bbox 1046 2170 1368 2213; x_wconf 88' lang='lat' dir='ltr'>ARTICULUS</span> <span class='ocrx_word' id='word_1_697' title='bbox 1399 2169 1676 2211; x_wconf 89' lang='lat' dir='ltr'>OCTAVUS</span> 
     </span>
     <span class='ocr_line' id='line_1_97' title="bbox 823 2262 1891 2297; baseline -0.004 0"><span class='ocrx_word' id='word_1_698' title='bbox 823 2266 992 2297; x_wconf 66' lang='lat' dir='ltr'>‹UTRUM</span> <span class='ocrx_word' id='word_1_699' title='bbox 1017 2264 1137 2296; x_wconf 82' lang='lat' dir='ltr'>HAEC</span> <span class='ocrx_word' id='word_1_700' title='bbox 1161 2264 1391 2296; x_wconf 72' lang='lat' dir='ltr'>DocrmNA</span> <span class='ocrx_word' id='word_1_701' title='bbox 1415 2264 1483 2295; x_wconf 76' lang='lat' dir='ltr'>slr</span> <span class='ocrx_word' id='word_1_702' title='bbox 1508 2262 1891 2295; x_wconf 78' lang='lat' dir='ltr'>ARGUMENTATWA</span> 
     </span>
    </p>
   </div>
   <div class='ocr_carea' id='block_1_23' title="bbox 536 2349 2197 2421">
    <p class='ocr_par' dir='ltr' id='par_1_26' title="bbox 536 2349 2197 2421">
     <span class='ocr_line' id='line_1_98' title="bbox 536 2349 2197 2389; baseline -0.004 -8"><span class='ocrx_word' id='word_1_703' title='bbox 536 2357 567 2381; x_wconf 89' lang='lat'>11·</span> <span class='ocrx_word' id='word_1_704' title='bbox 587 2356 640 2388; x_wconf 73' lang='lat'>11⁰,</span> <span class='ocrx_word' id='word_1_705' title='bbox 660 2363 704 2389; x_wconf 87' lang='lat' dir='ltr'>qu.</span> <span class='ocrx_word' id='word_1_706' title='bbox 724 2363 742 2386; x_wconf 90' lang='grc' dir='ltr'>ι,</span> <span class='ocrx_word' id='word_1_707' title='bbox 762 2360 809 2380; x_wconf 87' lang='lat' dir='ltr'>art.</span> <span class='ocrx_word' id='word_1_708' title='bbox 825 2354 852 2383; x_wconf 86' lang='lat'>5.</span> <span class='ocrx_word' id='word_1_709' title='bbox 873 2355 905 2379; x_wconf 90' lang='lat' dir='ltr'>ad</span> <span class='ocrx_word' id='word_1_710' title='bbox 926 2361 954 2385; x_wconf 83' lang='lat'>2;</span> <span class='ocrx_word' id='word_1_711' title='bbox 974 2354 983 2379; x_wconf 97' lang='lat' dir='ltr'>I</span> <span class='ocrx_word' id='word_1_712' title='bbox 1003 2354 1087 2382; x_wconf 75' lang='lat' dir='ltr'>Sent„</span> <span class='ocrx_word' id='word_1_713' title='bbox 1109 2353 1187 2382; x_wconf 73' lang='lat' dir='ltr'>Prot,</span> <span class='ocrx_word' id='word_1_714' title='bbox 1206 2357 1253 2378; x_wconf 86' lang='lat' dir='ltr'>art.</span> <span class='ocrx_word' id='word_1_715' title='bbox 1275 2352 1305 2384; x_wconf 87' lang='lat'>5;</span> <span class='ocrx_word' id='word_1_716' title='bbox 1326 2352 1334 2376; x_wconf 90' lang='lat'><em>1</em></span> <span class='ocrx_word' id='word_1_717' title='bbox 1357 2352 1434 2377; x_wconf 86' lang='lat' dir='ltr'>Cont.</span> <span class='ocrx_word' id='word_1_718' title='bbox 1450 2353 1538 2381; x_wconf 76' lang='lat' dir='ltr'>Gent„</span> <span class='ocrx_word' id='word_1_719' title='bbox 1559 2359 1614 2384; x_wconf 84' lang='lat' dir='ltr'>cap.</span> <span class='ocrx_word' id='word_1_720' title='bbox 1628 2358 1667 2381; x_wconf 81' lang='lat' dir='ltr'>rx;</span> <span class='ocrx_word' id='word_1_721' title='bbox 1688 2351 1713 2376; x_wconf 88' lang='lat' dir='ltr'>in</span> <span class='ocrx_word' id='word_1_722' title='bbox 1732 2351 1805 2376; x_wconf 87' lang='lat' dir='ltr'>Boet.</span> <span class='ocrx_word' id='word_1_723' title='bbox 1826 2350 1859 2376; x_wconf 85' lang='lat' dir='ltr'>de</span> <span class='ocrx_word' id='word_1_724' title='bbox 1881 2350 1965 2380; x_wconf 70' lang='lat' dir='ltr'>Trim,</span> <span class='ocrx_word' id='word_1_725' title='bbox 1986 2357 2030 2382; x_wconf 89' lang='lat' dir='ltr'>qu.</span> <span class='ocrx_word' id='word_1_726' title='bbox 2050 2356 2078 2381; x_wconf 86' lang='lat'>11,</span> <span class='ocrx_word' id='word_1_727' title='bbox 2098 2354 2145 2374; x_wconf 90' lang='lat' dir='ltr'>art.</span> <span class='ocrx_word' id='word_1_728' title='bbox 2168 2349 2197 2380; x_wconf 86' lang='lat'>3;</span> 
     </span>
     <span class='ocr_line' id='line_1_99' title="bbox 1156 2386 1567 2421; baseline -0.002 -8"><span class='ocrx_word' id='word_1_729' title='bbox 1156 2388 1280 2419; x_wconf 73' lang='lat' dir='ltr'>Quodub.</span> <span class='ocrx_word' id='word_1_730' title='bbox 1300 2387 1341 2419; x_wconf 76' lang='lat' dir='ltr'>IV,</span> <span class='ocrx_word' id='word_1_731' title='bbox 1362 2396 1407 2421; x_wconf 90' lang='lat' dir='ltr'>qu.</span> <span class='ocrx_word' id='word_1_732' title='bbox 1422 2395 1455 2416; x_wconf 70' lang='grc' dir='ltr'>ιι,</span> <span class='ocrx_word' id='word_1_733' title='bbox 1475 2393 1522 2412; x_wconf 88' lang='lat' dir='ltr'>art.</span> <span class='ocrx_word' id='word_1_734' title='bbox 1543 2386 1567 2412; x_wconf 85' lang='lat'>3.</span> 
     </span>
    </p>
   </div>
   <div class='ocr_carea' id='block_1_24' title="bbox 254 2486 468 2690">
    <p class='ocr_par' dir='ltr' id='par_1_27' title="bbox 254 2486 468 2690">
     <span class='ocr_line' id='line_1_100' title="bbox 254 2486 468 2690; baseline 0 -83"><span class='ocrx_word' id='word_1_735' title='bbox 254 2486 468 2690; x_wconf 95' lang='lat' dir='ltr'>  </span> 
     </span>
    </p>
   </div>
   <div class='ocr_carea' id='block_1_25' title="bbox 253 2635 1337 3121">
    <p class='ocr_par' dir='ltr' id='par_1_28' title="bbox 253 2635 1336 2907">
     <span class='ocr_line' id='line_1_101' title="bbox 312 2635 1336 2691; baseline -0.009 -6.474"><span class='ocrx_word' id='word_1_736' title='bbox 312 2660 322 2674; x_wconf 53' lang='lat'>2*</span> <span class='ocrx_word' id='word_1_737' title='bbox 339 2638 401 2677; x_wconf 57' lang='grc' dir='ltr'><em>ἓ</em></span> <span class='ocrx_word' id='word_1_738' title='bbox 426 2635 459 2677; x_wconf 44' lang='lat' dir='ltr'>K</span> <span class='ocrx_word' id='word_1_739' title='bbox 475 2641 670 2680; x_wconf 87' lang='lat' dir='ltr'>Catholica</span> <span class='ocrx_word' id='word_1_740' title='bbox 690 2648 706 2662; x_wconf 80' lang='lat'>‘¹‘</span> <span class='ocrx_word' id='word_1_741' title='bbox 722 2641 757 2678; x_wconf 75' lang='lat' dir='ltr'>*z</span> <span class='ocrx_word' id='word_1_742' title='bbox 788 2641 874 2678; x_wconf 87' lang='lat' dir='ltr'>tolle</span> <span class='ocrx_word' id='word_1_743' title='bbox 892 2645 1136 2691; x_wconf 78' lang='lat' dir='ltr'>argumenta,</span> <span class='ocrx_word' id='word_1_744' title='bbox 1158 2639 1223 2676; x_wconf 85' lang='lat' dir='ltr'>uhi</span> <span class='ocrx_word' id='word_1_745' title='bbox 1233 2639 1336 2688; x_wconf 88' lang='lat' dir='ltr'>fides</span> 
     </span>
     <span class='ocr_line' id='line_1_102' title="bbox 255 2692 1336 2746; baseline -0.005 -12"><span class='ocrx_word' id='word_1_746' title='bbox 255 2695 463 2746; x_wconf 85' lang='lat' dir='ltr'>quaeritur.</span> <span class='ocrx_word' id='word_1_747' title='bbox 503 2695 582 2732; x_wconf 89' lang='lat' dir='ltr'>Sed</span> <span class='ocrx_word' id='word_1_748' title='bbox 610 2695 648 2732; x_wconf 87' lang='lat' dir='ltr'>in</span> <span class='ocrx_word' id='word_1_749' title='bbox 677 2695 750 2731; x_wconf 88' lang='lat' dir='ltr'>hac</span> <span class='ocrx_word' id='word_1_750' title='bbox 785 2694 957 2732; x_wconf 91' lang='lat' dir='ltr'>doctrina</span> <span class='ocrx_word' id='word_1_751' title='bbox 993 2693 1200 2743; x_wconf 89' lang='lat' dir='ltr'>praecipue</span> <span class='ocrx_word' id='word_1_752' title='bbox 1238 2692 1336 2730; x_wconf 88' lang='lat' dir='ltr'>fides</span> 
     </span>
     <span class='ocr_line' id='line_1_103' title="bbox 256 2747 1335 2800; baseline -0.004 -13"><span class='ocrx_word' id='word_1_753' title='bbox 256 2748 466 2800; x_wconf 90' lang='lat' dir='ltr'>quaeritur:</span> <span class='ocrx_word' id='word_1_754' title='bbox 502 2748 606 2786; x_wconf 91' lang='lat' dir='ltr'>unde</span> <span class='ocrx_word' id='word_1_755' title='bbox 643 2748 779 2786; x_wconf 91' lang='lat' dir='ltr'>dicitur</span> <span class='ocrx_word' id='word_1_756' title='bbox 812 2750 916 2785; x_wconf 85' lang='lat' dir='ltr'>Ioan.</span> <span class='ocrx_word' id='word_1_757' title='bbox 938 2747 1036 2784; x_wconf 75' lang='lat' dir='ltr'>xx*:</span> <span class='ocrx_word' id='word_1_758' title='bbox 1066 2749 1160 2784; x_wconf 81' lang='lat' dir='ltr'>haec</span> <span class='ocrx_word' id='word_1_759' title='bbox 1196 2747 1335 2795; x_wconf 80' lang='lat' dir='ltr'>scripta</span> 
     </span>
     <span class='ocr_line' id='line_1_104' title="bbox 253 2801 1336 2850; baseline -0.003 -10"><span class='ocrx_word' id='word_1_760' title='bbox 253 2809 343 2841; x_wconf 83' lang='lat' dir='ltr'>sunt</span> <span class='ocrx_word' id='word_1_761' title='bbox 370 2808 411 2839; x_wconf 87' lang='lat' dir='ltr'>ut</span> <span class='ocrx_word' id='word_1_762' title='bbox 437 2803 607 2840; x_wconf 83' lang='lat' dir='ltr'>credatis.</span> <span class='ocrx_word' id='word_1_763' title='bbox 638 2803 741 2850; x_wconf 88' lang='lat' dir='ltr'>Ergo</span> <span class='ocrx_word' id='word_1_764' title='bbox 762 2814 869 2839; x_wconf 88' lang='lat' dir='ltr'>sacra</span> <span class='ocrx_word' id='word_1_765' title='bbox 898 2801 1071 2839; x_wconf 91' lang='lat' dir='ltr'>doctrina</span> <span class='ocrx_word' id='word_1_766' title='bbox 1095 2813 1174 2838; x_wconf 91' lang='lat' dir='ltr'>non</span> <span class='ocrx_word' id='word_1_767' title='bbox 1203 2808 1260 2837; x_wconf 90' lang='lat' dir='ltr'>est</span> <span class='ocrx_word' id='word_1_768' title='bbox 1279 2813 1336 2837; x_wconf 92' lang='lat' dir='ltr'>ar-</span> 
     </span>
     <span class='ocr_line' id='line_1_105' title="bbox 256 2857 531 2907; baseline -0.004 -12"><span class='ocrx_word' id='word_1_769' title='bbox 256 2857 531 2907; x_wconf 81' lang='lat' dir='ltr'>gumentativa.</span> 
     </span>
    </p>

    <p class='ocr_par' dir='ltr' id='par_1_29' title="bbox 256 2908 1337 3121">
     <span class='ocr_line' id='line_1_106' title="bbox 312 2908 1336 2957; baseline -0.004 -9"><span class='ocrx_word' id='word_1_770' title='bbox 312 2922 348 2948; x_wconf 86' lang='lat'>2.</span> <span class='ocrx_word' id='word_1_771' title='bbox 378 2911 618 2956; x_wconf 75' lang='lat' dir='ltr'>PRAETEREA,</span> <span class='ocrx_word' id='word_1_772' title='bbox 650 2909 680 2946; x_wconf 91' lang='lat' dir='ltr'>si</span> <span class='ocrx_word' id='word_1_773' title='bbox 709 2909 756 2946; x_wconf 92' lang='lat' dir='ltr'>sit</span> <span class='ocrx_word' id='word_1_774' title='bbox 783 2908 1103 2957; x_wconf 82' lang='lat' dir='ltr'>argumentativa,</span> <span class='ocrx_word' id='word_1_775' title='bbox 1134 2915 1199 2945; x_wconf 88' lang='lat' dir='ltr'>aut</span> <span class='ocrx_word' id='word_1_776' title='bbox 1227 2919 1336 2955; x_wconf 88' lang='lat' dir='ltr'>argu-</span> 
     </span>
     <span class='ocr_line' id='line_1_107' title="bbox 256 2961 1336 3011; baseline -0.005 -9"><span class='ocrx_word' id='word_1_777' title='bbox 256 2971 450 3002; x_wconf 88' lang='lat' dir='ltr'>mentatur</span> <span class='ocrx_word' id='word_1_778' title='bbox 478 2975 524 3001; x_wconf 85' lang='lat' dir='ltr'>ex</span> <span class='ocrx_word' id='word_1_779' title='bbox 548 2963 784 3011; x_wconf 78' lang='lat' dir='ltr'>auctoritate,</span> <span class='ocrx_word' id='word_1_780' title='bbox 805 2971 871 3000; x_wconf 90' lang='lat' dir='ltr'>aut</span> <span class='ocrx_word' id='word_1_781' title='bbox 890 2975 936 2999; x_wconf 84' lang='lat' dir='ltr'>ex</span> <span class='ocrx_word' id='word_1_782' title='bbox 956 2962 1112 2999; x_wconf 86' lang='lat' dir='ltr'>ratione.</span> <span class='ocrx_word' id='word_1_783' title='bbox 1145 2961 1184 2998; x_wconf 93' lang='lat' dir='ltr'>Si</span> <span class='ocrx_word' id='word_1_784' title='bbox 1205 2973 1251 2998; x_wconf 87' lang='lat' dir='ltr'>ex</span> <span class='ocrx_word' id='word_1_785' title='bbox 1270 2973 1336 2998; x_wconf 88' lang='lat' dir='ltr'>au-</span> 
     </span>
     <span class='ocr_line' id='line_1_108' title="bbox 258 3014 1337 3072; baseline -0.004 -17"><span class='ocrx_word' id='word_1_786' title='bbox 258 3017 441 3072; x_wconf 56' lang='lat' dir='ltr'>ctoritate,</span> <span class='ocrx_word' id='word_1_787' title='bbox 461 3029 542 3055; x_wconf 92' lang='lat' dir='ltr'>non</span> <span class='ocrx_word' id='word_1_788' title='bbox 560 3017 713 3054; x_wconf 88' lang='lat' dir='ltr'>videtur</span> <span class='ocrx_word' id='word_1_789' title='bbox 741 3017 816 3054; x_wconf 92' lang='lat' dir='ltr'>hoc</span> <span class='ocrx_word' id='word_1_790' title='bbox 834 3015 852 3045; x_wconf 71' lang='grc' dir='ltr'><strong><em>β</em></strong></span> <span class='ocrx_word' id='word_1_791' title='bbox 881 3028 1092 3064; x_wconf 89' lang='lat' dir='ltr'>congruere</span> <span class='ocrx_word' id='word_1_792' title='bbox 1119 3015 1198 3052; x_wconf 92' lang='lat' dir='ltr'>eius</span> <span class='ocrx_word' id='word_1_793' title='bbox 1218 3014 1337 3063; x_wconf 88' lang='lat' dir='ltr'>digni-</span> 
     </span>
     <span class='ocr_line' id='line_1_109' title="bbox 256 3068 1335 3121; baseline -0.003 -13"><span class='ocrx_word' id='word_1_794' title='bbox 256 3070 342 3108; x_wconf 86' lang='lat' dir='ltr'>tati:</span> <span class='ocrx_word' id='word_1_795' title='bbox 373 3083 463 3108; x_wconf 86' lang='lat' dir='ltr'>nam</span> <span class='ocrx_word' id='word_1_796' title='bbox 490 3072 598 3108; x_wconf 91' lang='lat' dir='ltr'>locus</span> <span class='ocrx_word' id='word_1_797' title='bbox 627 3071 676 3108; x_wconf 89' lang='lat' dir='ltr'>ab</span> <span class='ocrx_word' id='word_1_798' title='bbox 705 3070 925 3121; x_wconf 86' lang='lat' dir='ltr'>auctoritate</span> <span class='ocrx_word' id='word_1_799' title='bbox 960 3077 1015 3107; x_wconf 90' lang='lat' dir='ltr'>est</span> <span class='ocrx_word' id='word_1_800' title='bbox 1038 3068 1335 3116; x_wconf 89' lang='lat' dir='ltr'>infirmissimus,</span> 
     </span>
    </p>
   </div>
   <div class='ocr_carea' id='block_1_26' title="bbox 53 3123 1389 3182">
    <p class='ocr_par' dir='ltr' id='par_1_30' title="bbox 53 3123 1389 3182">
     <span class='ocr_line' id='line_1_110' title="bbox 53 3123 1389 3182; baseline 0.002 -26"><span class='ocrx_word' id='word_1_801' title='bbox 53 3147 55 3150; x_wconf 85' lang='lat'>-</span> <span class='ocrx_word' id='word_1_802' title='bbox 85 3132 231 3182; x_wconf 46' lang='grc' dir='ltr'>ιιῡόὶιζέῐὲιῖ</span> <span class='ocrx_word' id='word_1_803' title='bbox 258 3124 474 3163; x_wconf 90' lang='lat' dir='ltr'>secundum</span> <span class='ocrx_word' id='word_1_804' title='bbox 500 3124 680 3162; x_wconf 90' lang='lat' dir='ltr'>Boetium</span> <span class='ocrx_word' id='word_1_805' title='bbox 700 3124 731 3161; x_wconf 67' lang='lat'>²⁸.</span> <span class='ocrx_word' id='word_1_806' title='bbox 759 3124 799 3161; x_wconf 93' lang='lat' dir='ltr'>Si</span> <span class='ocrx_word' id='word_1_807' title='bbox 828 3123 943 3160; x_wconf 91' lang='lat' dir='ltr'>etiam</span> <span class='ocrx_word' id='word_1_808' title='bbox 963 3129 977 3150; x_wconf 85' lang='lat'>⁷</span> <span class='ocrx_word' id='word_1_809' title='bbox 1004 3135 1050 3161; x_wconf 88' lang='lat' dir='ltr'>ex</span> <span class='ocrx_word' id='word_1_810' title='bbox 1079 3123 1240 3170; x_wconf 85' lang='lat' dir='ltr'>ratione,</span> <span class='ocrx_word' id='word_1_811' title='bbox 1261 3123 1337 3159; x_wconf 91' lang='lat' dir='ltr'>hoc</span> <span class='ocrx_word' id='word_1_812' title='bbox 1387 3129 1389 3131; x_wconf 82' lang='lat'>&#39;</span> 
     </span>
    </p>
   </div>
   <div class='ocr_carea' id='block_1_27' title="bbox 48 3176 1336 3238">
    <p class='ocr_par' dir='ltr' id='par_1_31' title="bbox 48 3176 1336 3238">
     <span class='ocr_line' id='line_1_111' title="bbox 48 3176 1336 3238; baseline -0.002 -23"><span class='ocrx_word' id='word_1_813' title='bbox 48 3193 71 3215; x_wconf 13' lang='grc' dir='ltr'>γε</span> <span class='ocrx_word' id='word_1_814' title='bbox 126 3186 158 3208; x_wconf 72' lang='lat' dir='ltr'>de</span> <span class='ocrx_word' id='word_1_815' title='bbox 171 3186 228 3235; x_wconf 45' lang='lat' dir='ltr'>effl-</span> <span class='ocrx_word' id='word_1_816' title='bbox 257 3190 338 3238; x_wconf 81' lang='lat' dir='ltr'>non</span> <span class='ocrx_word' id='word_1_817' title='bbox 358 3178 532 3226; x_wconf 84' lang='lat' dir='ltr'>congruit</span> <span class='ocrx_word' id='word_1_818' title='bbox 551 3178 633 3215; x_wconf 91' lang='lat' dir='ltr'>eius</span> <span class='ocrx_word' id='word_1_819' title='bbox 652 3178 737 3215; x_wconf 90' lang='lat' dir='ltr'>fini:</span> <span class='ocrx_word' id='word_1_820' title='bbox 760 3177 849 3226; x_wconf 90' lang='lat' dir='ltr'>quia</span> <span class='ocrx_word' id='word_1_821' title='bbox 869 3177 1084 3214; x_wconf 90' lang='lat' dir='ltr'>secundum</span> <span class='ocrx_word' id='word_1_822' title='bbox 1105 3176 1336 3225; x_wconf 90' lang='lat' dir='ltr'>Gregorium</span> 
     </span>
    </p>
   </div>
   <div class='ocr_carea' id='block_1_28' title="bbox 53 3227 1336 3299">
    <p class='ocr_par' dir='ltr' id='par_1_32' title="bbox 53 3227 1336 3299">
     <span class='ocr_line' id='line_1_112' title="bbox 53 3227 1336 3299; baseline -0.016 -28"><span class='ocrx_word' id='word_1_823' title='bbox 53 3267 119 3299; x_wconf 53' lang='grc' dir='ltr'>,ὓ</span> <span class='ocrx_word' id='word_1_824' title='bbox 138 3229 230 3298; x_wconf 35' lang='lat' dir='ltr'>mm}</span> <span class='ocrx_word' id='word_1_825' title='bbox 258 3243 298 3268; x_wconf 84' lang='lat'>111</span> <span class='ocrx_word' id='word_1_826' title='bbox 325 3230 487 3268; x_wconf 89' lang='lat' dir='ltr'>homilia</span> <span class='ocrx_word' id='word_1_827' title='bbox 503 3231 537 3279; x_wconf 72' lang='lat'>*⁷</span> <span class='ocrx_word' id='word_1_828' title='bbox 556 3232 658 3280; x_wconf 84' lang='lat' dir='ltr'>fides</span> <span class='ocrx_word' id='word_1_829' title='bbox 686 3244 761 3268; x_wconf 88' lang='lat' dir='ltr'>non</span> <span class='ocrx_word' id='word_1_830' title='bbox 790 3231 903 3268; x_wconf 87' lang='lat' dir='ltr'>habet</span> <span class='ocrx_word' id='word_1_831' title='bbox 928 3231 1116 3276; x_wconf 60' lang='lat' dir='ltr'>meritum,</span> <span class='ocrx_word' id='word_1_832' title='bbox 1146 3231 1212 3267; x_wconf 70' lang='lat' dir='ltr'>uhi</span> <span class='ocrx_word' id='word_1_833' title='bbox 1228 3227 1242 3251; x_wconf 75' lang='grc' dir='ltr'><strong><em>δ</em></strong></span> <span class='ocrx_word' id='word_1_834' title='bbox 1269 3231 1336 3266; x_wconf 69' lang='lat' dir='ltr'>hu,</span> 
     </span>
    </p>
   </div>
   <div class='ocr_carea' id='block_1_29' title="bbox 258 3285 1337 3441">
    <p class='ocr_par' dir='ltr' id='par_1_33' title="bbox 258 3285 1337 3441">
     <span class='ocr_line' id='line_1_113' title="bbox 258 3285 1337 3333; baseline -0.002 -11"><span class='ocrx_word' id='word_1_835' title='bbox 258 3296 376 3322; x_wconf 86' lang='lat' dir='ltr'>mana</span> <span class='ocrx_word' id='word_1_836' title='bbox 414 3285 511 3327; x_wconf 83' lang='lat' dir='ltr'>ratio</span> <span class='ocrx_word' id='word_1_837' title='bbox 542 3286 704 3333; x_wconf 82' lang='lat' dir='ltr'>praebet</span> <span class='ocrx_word' id='word_1_838' title='bbox 737 3285 1049 3333; x_wconf 85' lang='lat' dir='ltr'>experimentum.</span> <span class='ocrx_word' id='word_1_839' title='bbox 1089 3285 1192 3332; x_wconf 90' lang='lat' dir='ltr'>Ergo</span> <span class='ocrx_word' id='word_1_840' title='bbox 1230 3295 1337 3320; x_wconf 83' lang='lat' dir='ltr'>sacra</span> 
     </span>
     <span class='ocr_line' id='line_1_114' title="bbox 260 3337 970 3387; baseline -0.003 -11"><span class='ocrx_word' id='word_1_841' title='bbox 260 3338 434 3376; x_wconf 88' lang='lat' dir='ltr'>doctrina</span> <span class='ocrx_word' id='word_1_842' title='bbox 461 3349 542 3374; x_wconf 92' lang='lat' dir='ltr'>non</span> <span class='ocrx_word' id='word_1_843' title='bbox 570 3346 627 3376; x_wconf 92' lang='lat' dir='ltr'>est</span> <span class='ocrx_word' id='word_1_844' title='bbox 653 3337 970 3387; x_wconf 89' lang='lat' dir='ltr'>argumentativa.</span> 
     </span>
     <span class='ocr_line' id='line_1_115' title="bbox 315 3389 1336 3441; baseline -0.001 -13"><span class='ocrx_word' id='word_1_845' title='bbox 315 3392 391 3428; x_wconf 78' lang='lat' dir='ltr'>SED</span> <span class='ocrx_word' id='word_1_846' title='bbox 421 3402 570 3428; x_wconf 82' lang='lat' dir='ltr'>CONTRA</span> <span class='ocrx_word' id='word_1_847' title='bbox 601 3403 668 3429; x_wconf 84' lang='lat' dir='ltr'>EST</span> <span class='ocrx_word' id='word_1_848' title='bbox 700 3392 807 3441; x_wconf 92' lang='lat' dir='ltr'>quod</span> <span class='ocrx_word' id='word_1_849' title='bbox 828 3391 965 3429; x_wconf 89' lang='lat' dir='ltr'>dicitur</span> <span class='ocrx_word' id='word_1_850' title='bbox 983 3390 1036 3427; x_wconf 84' lang='lat' dir='ltr'>ad</span> <span class='ocrx_word' id='word_1_851' title='bbox 1057 3389 1180 3427; x_wconf 86' lang='lat' dir='ltr'>Titum</span> <span class='ocrx_word' id='word_1_852' title='bbox 1202 3389 1258 3437; x_wconf 75' lang='lat'>1²¹⁶,</span> <span class='ocrx_word' id='word_1_853' title='bbox 1289 3389 1336 3427; x_wconf 90' lang='lat' dir='ltr'>de</span> 
     </span>
    </p>
   </div>
   <div class='ocr_carea' id='block_1_30' title="bbox 262 3522 1335 3664">
    <p class='ocr_par' dir='ltr' id='par_1_34' title="bbox 262 3522 1335 3664">
     <span class='ocr_line' id='line_1_116' title="bbox 316 3522 1335 3557; baseline -0.001 -9"><span class='ocrx_word' id='word_1_854' title='bbox 316 3524 343 3557; x_wconf 85' lang='grc' dir='ltr'>α)</span> <span class='ocrx_word' id='word_1_855' title='bbox 364 3524 434 3549; x_wconf 84' lang='lat' dir='ltr'>libro</span> <span class='ocrx_word' id='word_1_856' title='bbox 454 3524 471 3548; x_wconf 89' lang='lat'><em>1</em></span> <span class='ocrx_word' id='word_1_857' title='bbox 488 3523 521 3548; x_wconf 83' lang='lat' dir='ltr'>de</span> <span class='ocrx_word' id='word_1_858' title='bbox 541 3523 609 3548; x_wconf 83' lang='lat' dir='ltr'>Fide</span> <span class='ocrx_word' id='word_1_859' title='bbox 630 3522 777 3548; x_wconf 81' lang='lat' dir='ltr'>catholica.</span> <span class='ocrx_word' id='word_1_860' title='bbox 794 3536 814 3542; x_wconf 90' lang='lat'>—</span> <span class='ocrx_word' id='word_1_861' title='bbox 831 3523 900 3548; x_wconf 83' lang='lat' dir='ltr'>libro</span> <span class='ocrx_word' id='word_1_862' title='bbox 921 3523 955 3548; x_wconf 85' lang='lat' dir='ltr'>de</span> <span class='ocrx_word' id='word_1_863' title='bbox 974 3522 1160 3548; x_wconf 84' lang='lat' dir='ltr'>Sacramentis</span> <span class='ocrx_word' id='word_1_864' title='bbox 1183 3522 1287 3548; x_wconf 88' lang='lat' dir='ltr'>codices</span> <span class='ocrx_word' id='word_1_865' title='bbox 1309 3527 1335 3547; x_wconf 90' lang='lat' dir='ltr'>et</span> 
     </span>
     <span class='ocr_line' id='line_1_117' title="bbox 262 3560 1052 3627; baseline -0.003 -7"><span class='ocrx_word' id='word_1_866' title='bbox 262 3560 415 3627; x_wconf 44' lang='lat' dir='ltr'>edd-fifteen</span> <span class='ocrx_word' id='word_1_867' title='bbox 435 3594 542 3620; x_wconf 80' lang='lat' dir='ltr'>videtur</span> <span class='ocrx_word' id='word_1_868' title='bbox 560 3593 616 3619; x_wconf 87' lang='lat' dir='ltr'>hoc.</span> <span class='ocrx_word' id='word_1_869' title='bbox 635 3607 655 3612; x_wconf 90' lang='lat'><em>-</em></span> <span class='ocrx_word' id='word_1_870' title='bbox 674 3593 724 3618; x_wconf 84' lang='lat' dir='ltr'>hoc</span> <span class='ocrx_word' id='word_1_871' title='bbox 742 3601 793 3618; x_wconf 86' lang='lat' dir='ltr'>non</span> <span class='ocrx_word' id='word_1_872' title='bbox 814 3593 922 3619; x_wconf 78' lang='lat' dir='ltr'>videtur</span> <span class='ocrx_word' id='word_1_873' title='bbox 940 3593 1052 3619; x_wconf 88' lang='lat' dir='ltr'>codices.</span> 
     </span>
     <span class='ocr_line' id='line_1_118' title="bbox 316 3629 941 3664; baseline -0.005 -8"><span class='ocrx_word' id='word_1_874' title='bbox 316 3631 344 3664; x_wconf 88' lang='grc' dir='ltr'>γ)</span> <span class='ocrx_word' id='word_1_875' title='bbox 363 3631 453 3656; x_wconf 79' lang='lat' dir='ltr'>etiam.</span> <span class='ocrx_word' id='word_1_876' title='bbox 471 3645 490 3650; x_wconf 93' lang='lat'>-</span> <span class='ocrx_word' id='word_1_877' title='bbox 510 3630 572 3655; x_wconf 87' lang='lat' dir='ltr'>Orn.</span> <span class='ocrx_word' id='word_1_878' title='bbox 586 3630 621 3660; x_wconf 85' lang='lat' dir='ltr'>E;</span> <span class='ocrx_word' id='word_1_879' title='bbox 640 3631 730 3654; x_wconf 79' lang='lat' dir='ltr'>autem</span> <span class='ocrx_word' id='word_1_880' title='bbox 750 3629 827 3654; x_wconf 89' lang='lat' dir='ltr'>ceteri</span> <span class='ocrx_word' id='word_1_881' title='bbox 847 3634 872 3654; x_wconf 88' lang='lat' dir='ltr'>et</span> <span class='ocrx_word' id='word_1_882' title='bbox 889 3629 941 3654; x_wconf 79' lang='lat' dir='ltr'>ab.</span> 
     </span>
    </p>
   </div>
   <div class='ocr_carea' id='block_1_31' title="bbox 1389 2473 2469 3438">
    <p class='ocr_par' dir='ltr' id='par_1_35' title="bbox 1389 2473 2469 2631">
     <span class='ocr_line' id='line_1_119' title="bbox 1389 2473 2465 2526; baseline -0.004 -13"><span class='ocrx_word' id='word_1_883' title='bbox 1389 2477 1591 2526; x_wconf 88' lang='lat' dir='ltr'>episcopo:</span> <span class='ocrx_word' id='word_1_884' title='bbox 1607 2476 1889 2525; x_wconf 82' lang='lat' dir='ltr'>amplectentem</span> <span class='ocrx_word' id='word_1_885' title='bbox 1900 2481 1910 2495; x_wconf 69' lang='lat'>³</span> <span class='ocrx_word' id='word_1_886' title='bbox 1928 2487 2013 2511; x_wconf 89' lang='lat' dir='ltr'>eum</span> <span class='ocrx_word' id='word_1_887' title='bbox 2031 2474 2098 2523; x_wconf 87' lang='lat' dir='ltr'>qui</span> <span class='ocrx_word' id='word_1_888' title='bbox 2108 2474 2314 2510; x_wconf 81' lang='lat' dir='ltr'>secundum</span> <span class='ocrx_word' id='word_1_889' title='bbox 2329 2473 2465 2510; x_wconf 87' lang='lat' dir='ltr'>doctri-</span> 
     </span>
     <span class='ocr_line' id='line_1_120' title="bbox 1390 2527 2469 2578; baseline -0.003 -11"><span class='ocrx_word' id='word_1_890' title='bbox 1390 2542 1479 2567; x_wconf 90' lang='lat' dir='ltr'>nam</span> <span class='ocrx_word' id='word_1_891' title='bbox 1500 2536 1564 2576; x_wconf 83' lang='lat' dir='ltr'>est,</span> <span class='ocrx_word' id='word_1_892' title='bbox 1573 2530 1731 2578; x_wconf 88' lang='lat' dir='ltr'>fidelem</span> <span class='ocrx_word' id='word_1_893' title='bbox 1751 2541 1977 2574; x_wconf 83' lang='lat' dir='ltr'>sermonem,</span> <span class='ocrx_word' id='word_1_894' title='bbox 1999 2533 2040 2565; x_wconf 87' lang='lat' dir='ltr'>ut</span> <span class='ocrx_word' id='word_1_895' title='bbox 2050 2533 2185 2576; x_wconf 80' lang='lat' dir='ltr'>potens</span> <span class='ocrx_word' id='word_1_896' title='bbox 2203 2527 2250 2564; x_wconf 86' lang='lat' dir='ltr'>sit</span> <span class='ocrx_word' id='word_1_897' title='bbox 2268 2528 2469 2565; x_wconf 87' lang='lat' dir='ltr'>exhortari</span> 
     </span>
     <span class='ocr_line' id='line_1_121' title="bbox 1389 2581 2463 2631; baseline -0.004 -10"><span class='ocrx_word' id='word_1_898' title='bbox 1389 2585 1426 2621; x_wconf 88' lang='lat' dir='ltr'>in</span> <span class='ocrx_word' id='word_1_899' title='bbox 1447 2584 1619 2621; x_wconf 86' lang='lat' dir='ltr'>doctrina</span> <span class='ocrx_word' id='word_1_900' title='bbox 1638 2595 1745 2630; x_wconf 84' lang='lat' dir='ltr'>sana,</span> <span class='ocrx_word' id='word_1_901' title='bbox 1767 2589 1804 2619; x_wconf 89' lang='lat' dir='ltr'>et</span> <span class='ocrx_word' id='word_1_902' title='bbox 1820 2594 1883 2619; x_wconf 81' lang='lat' dir='ltr'>eos</span> <span class='ocrx_word' id='word_1_903' title='bbox 1911 2582 1977 2631; x_wconf 86' lang='lat' dir='ltr'>qui</span> <span class='ocrx_word' id='word_1_904' title='bbox 2003 2581 2268 2619; x_wconf 85' lang='lat' dir='ltr'>contradicunt</span> <span class='ocrx_word' id='word_1_905' title='bbox 2284 2592 2463 2631; x_wconf 84' lang='lat' dir='ltr'>arguere.</span> 
     </span>
    </p>

    <p class='ocr_par' dir='ltr' id='par_1_36' title="bbox 1389 2634 2465 3114">
     <span class='ocr_line' id='line_1_122' title="bbox 1444 2634 2464 2684; baseline -0.004 -9"><span class='ocrx_word' id='word_1_906' title='bbox 1444 2639 1671 2675; x_wconf 67' lang='lat' dir='ltr'>Rsssponnsso</span> <span class='ocrx_word' id='word_1_907' title='bbox 1692 2648 1877 2673; x_wconf 78' lang='lat' dir='ltr'><strong>DICENDUM</strong></span> <span class='ocrx_word' id='word_1_908' title='bbox 1898 2635 2015 2684; x_wconf 88' lang='lat' dir='ltr'>quod,</span> <span class='ocrx_word' id='word_1_909' title='bbox 2037 2635 2134 2672; x_wconf 87' lang='lat' dir='ltr'>sicut</span> <span class='ocrx_word' id='word_1_910' title='bbox 2161 2634 2256 2671; x_wconf 87' lang='lat' dir='ltr'>aliae</span> <span class='ocrx_word' id='word_1_911' title='bbox 2285 2634 2464 2671; x_wconf 89' lang='lat' dir='ltr'>scientiae</span> 
     </span>
     <span class='ocr_line' id='line_1_123' title="bbox 1389 2688 2464 2739; baseline -0.004 -11"><span class='ocrx_word' id='word_1_912' title='bbox 1389 2704 1468 2728; x_wconf 92' lang='lat' dir='ltr'>non</span> <span class='ocrx_word' id='word_1_913' title='bbox 1502 2697 1816 2739; x_wconf 87' lang='lat' dir='ltr'>argumentantur</span> <span class='ocrx_word' id='word_1_914' title='bbox 1845 2690 1895 2726; x_wconf 89' lang='lat' dir='ltr'>ad</span> <span class='ocrx_word' id='word_1_915' title='bbox 1923 2701 1993 2726; x_wconf 90' lang='lat' dir='ltr'>sua</span> <span class='ocrx_word' id='word_1_916' title='bbox 2020 2688 2207 2738; x_wconf 89' lang='lat' dir='ltr'>principia</span> <span class='ocrx_word' id='word_1_917' title='bbox 2241 2688 2464 2737; x_wconf 87' lang='lat' dir='ltr'>probanda,</span> 
     </span>
     <span class='ocr_line' id='line_1_124' title="bbox 1389 2741 2463 2793; baseline -0.004 -11"><span class='ocrx_word' id='word_1_918' title='bbox 1389 2745 1458 2783; x_wconf 87' lang='lat' dir='ltr'>sed</span> <span class='ocrx_word' id='word_1_919' title='bbox 1488 2757 1533 2781; x_wconf 86' lang='lat' dir='ltr'>ex</span> <span class='ocrx_word' id='word_1_920' title='bbox 1560 2743 1756 2793; x_wconf 88' lang='lat' dir='ltr'>principiis</span> <span class='ocrx_word' id='word_1_921' title='bbox 1779 2750 2094 2791; x_wconf 88' lang='lat' dir='ltr'>argumentantur</span> <span class='ocrx_word' id='word_1_922' title='bbox 2113 2743 2162 2780; x_wconf 89' lang='lat' dir='ltr'>ad</span> <span class='ocrx_word' id='word_1_923' title='bbox 2181 2741 2463 2779; x_wconf 91' lang='lat' dir='ltr'>ostendendum</span> 
     </span>
     <span class='ocr_line' id='line_1_125' title="bbox 1389 2795 2464 2847; baseline -0.005 -11"><span class='ocrx_word' id='word_1_924' title='bbox 1389 2799 1463 2836; x_wconf 87' lang='lat' dir='ltr'>alia</span> <span class='ocrx_word' id='word_1_925' title='bbox 1491 2799 1529 2835; x_wconf 89' lang='lat' dir='ltr'>in</span> <span class='ocrx_word' id='word_1_926' title='bbox 1556 2797 1647 2847; x_wconf 87' lang='lat' dir='ltr'>ipsis</span> <span class='ocrx_word' id='word_1_927' title='bbox 1680 2796 1866 2843; x_wconf 77' lang='lat' dir='ltr'>scientiis3</span> <span class='ocrx_word' id='word_1_928' title='bbox 1895 2796 1947 2834; x_wconf 91' lang='lat' dir='ltr'>ita</span> <span class='ocrx_word' id='word_1_929' title='bbox 1974 2797 2070 2833; x_wconf 89' lang='lat' dir='ltr'>haee</span> <span class='ocrx_word' id='word_1_930' title='bbox 2100 2795 2272 2834; x_wconf 88' lang='lat' dir='ltr'>doctrina</span> <span class='ocrx_word' id='word_1_931' title='bbox 2300 2807 2379 2832; x_wconf 92' lang='lat' dir='ltr'>non</span> <span class='ocrx_word' id='word_1_932' title='bbox 2407 2807 2464 2832; x_wconf 91' lang='lat' dir='ltr'>ar-</span> 
     </span>
     <span class='ocr_line' id='line_1_126' title="bbox 1389 2849 2465 2901; baseline -0.004 -12"><span class='ocrx_word' id='word_1_933' title='bbox 1389 2860 1633 2901; x_wconf 87' lang='lat' dir='ltr'>gumentatur</span> <span class='ocrx_word' id='word_1_934' title='bbox 1658 2851 1706 2888; x_wconf 88' lang='lat' dir='ltr'>ad</span> <span class='ocrx_word' id='word_1_935' title='bbox 1726 2863 1795 2888; x_wconf 88' lang='lat' dir='ltr'>sua</span> <span class='ocrx_word' id='word_1_936' title='bbox 1813 2850 1999 2900; x_wconf 89' lang='lat' dir='ltr'>principia</span> <span class='ocrx_word' id='word_1_937' title='bbox 2017 2849 2230 2899; x_wconf 88' lang='lat' dir='ltr'>probanda,</span> <span class='ocrx_word' id='word_1_938' title='bbox 2251 2858 2349 2898; x_wconf 87' lang='lat' dir='ltr'>quae</span> <span class='ocrx_word' id='word_1_939' title='bbox 2378 2856 2465 2886; x_wconf 90' lang='lat' dir='ltr'>sunt</span> 
     </span>
     <span class='ocr_line' id='line_1_127' title="bbox 1390 2902 2465 2953; baseline -0.005 -10"><span class='ocrx_word' id='word_1_940' title='bbox 1390 2906 1534 2943; x_wconf 85' lang='lat' dir='ltr'>articuli</span> <span class='ocrx_word' id='word_1_941' title='bbox 1554 2904 1662 2951; x_wconf 77' lang='lat' dir='ltr'>fidei3</span> <span class='ocrx_word' id='word_1_942' title='bbox 1683 2904 1752 2941; x_wconf 91' lang='lat' dir='ltr'>sed</span> <span class='ocrx_word' id='word_1_943' title='bbox 1772 2917 1819 2941; x_wconf 85' lang='lat' dir='ltr'>ex</span> <span class='ocrx_word' id='word_1_944' title='bbox 1838 2904 1892 2941; x_wconf 91' lang='lat' dir='ltr'>eis</span> <span class='ocrx_word' id='word_1_945' title='bbox 1911 2903 2085 2953; x_wconf 92' lang='lat' dir='ltr'>procedit</span> <span class='ocrx_word' id='word_1_946' title='bbox 2104 2903 2153 2940; x_wconf 91' lang='lat' dir='ltr'>ad</span> <span class='ocrx_word' id='word_1_947' title='bbox 2173 2902 2316 2950; x_wconf 90' lang='lat' dir='ltr'>aliquid</span> <span class='ocrx_word' id='word_1_948' title='bbox 2331 2902 2435 2939; x_wconf 89' lang='lat' dir='ltr'>aliud</span> <span class='ocrx_word' id='word_1_949' title='bbox 2451 2902 2465 2928; x_wconf 70' lang='grc' dir='ltr'><strong>ζ</strong></span> 
     </span>
     <span class='ocr_line' id='line_1_128' title="bbox 1391 2955 2462 3007; baseline -0.004 -11"><span class='ocrx_word' id='word_1_950' title='bbox 1391 2958 1675 2997; x_wconf 87' lang='lat' dir='ltr'>ostendendum</span> <span class='ocrx_word' id='word_1_951' title='bbox 1695 2958 1731 3005; x_wconf 78' lang='grc' dir='ltr'>*ς</span> <span class='ocrx_word' id='word_1_952' title='bbox 1761 2958 1857 2995; x_wconf 85' lang='lat' dir='ltr'>sicut</span> <span class='ocrx_word' id='word_1_953' title='bbox 1875 2958 2096 3007; x_wconf 90' lang='lat' dir='ltr'>Apostolus,</span> <span class='ocrx_word' id='word_1_954' title='bbox 2119 2958 2132 2993; x_wconf 97' lang='lat' dir='ltr'>I</span> <span class='ocrx_word' id='word_1_955' title='bbox 2154 2956 2203 2994; x_wconf 89' lang='lat' dir='ltr'>ad</span> <span class='ocrx_word' id='word_1_956' title='bbox 2236 2957 2323 2993; x_wconf 91' lang='lat' dir='ltr'>Cor.</span> <span class='ocrx_word' id='word_1_957' title='bbox 2342 2967 2392 2992; x_wconf 88' lang='lat' dir='ltr'>xv</span> <span class='ocrx_word' id='word_1_958' title='bbox 2409 2955 2462 3004; x_wconf 47' lang='grc' dir='ltr'>*ἦ</span> 
     </span>
     <span class='ocr_line' id='line_1_129' title="bbox 1391 3009 2463 3059; baseline -0.005 -9"><span class='ocrx_word' id='word_1_959' title='bbox 1391 3026 1438 3050; x_wconf 85' lang='lat' dir='ltr'>ex</span> <span class='ocrx_word' id='word_1_960' title='bbox 1466 3011 1741 3050; x_wconf 88' lang='lat' dir='ltr'>resurrectione</span> <span class='ocrx_word' id='word_1_961' title='bbox 1771 3011 1912 3048; x_wconf 90' lang='lat' dir='ltr'>Christi</span> <span class='ocrx_word' id='word_1_962' title='bbox 1949 3017 2235 3059; x_wconf 89' lang='lat' dir='ltr'>argumentatur</span> <span class='ocrx_word' id='word_1_963' title='bbox 2262 3009 2312 3046; x_wconf 88' lang='lat' dir='ltr'>ad</span> <span class='ocrx_word' id='word_1_964' title='bbox 2338 3015 2463 3046; x_wconf 70' lang='lat' dir='ltr'>resur-</span> 
     </span>
     <span class='ocr_line' id='line_1_130' title="bbox 1391 3063 2197 3114; baseline -0.005 -10"><span class='ocrx_word' id='word_1_965' title='bbox 1391 3067 1600 3104; x_wconf 87' lang='lat' dir='ltr'>rectionem</span> <span class='ocrx_word' id='word_1_966' title='bbox 1618 3071 1632 3088; x_wconf 62' lang='grc' dir='ltr'><strong><em>η</em></strong></span> <span class='ocrx_word' id='word_1_967' title='bbox 1662 3077 1913 3102; x_wconf 89' lang='lat' dir='ltr'>communem</span> <span class='ocrx_word' id='word_1_968' title='bbox 1941 3063 2197 3114; x_wconf 87' lang='lat' dir='ltr'>probandam.</span> 
     </span>
    </p>

    <p class='ocr_par' dir='ltr' id='par_1_37' title="bbox 1390 3115 2465 3438">
     <span class='ocr_line' id='line_1_131' title="bbox 1446 3115 2464 3164; baseline -0.005 -7"><span class='ocrx_word' id='word_1_969' title='bbox 1446 3120 1524 3157; x_wconf 89' lang='lat' dir='ltr'>Sed</span> <span class='ocrx_word' id='word_1_970' title='bbox 1552 3127 1683 3156; x_wconf 88' lang='lat' dir='ltr'>tamen</span> <span class='ocrx_word' id='word_1_971' title='bbox 1711 3118 2035 3157; x_wconf 90' lang='lat' dir='ltr'>considerandum</span> <span class='ocrx_word' id='word_1_972' title='bbox 2056 3125 2112 3154; x_wconf 91' lang='lat' dir='ltr'>est</span> <span class='ocrx_word' id='word_1_973' title='bbox 2139 3117 2178 3153; x_wconf 91' lang='lat' dir='ltr'>in</span> <span class='ocrx_word' id='word_1_974' title='bbox 2197 3115 2361 3154; x_wconf 90' lang='lat' dir='ltr'>scientiis</span> <span class='ocrx_word' id='word_1_975' title='bbox 2380 3115 2464 3164; x_wconf 89' lang='lat' dir='ltr'>phi-</span> 
     </span>
     <span class='ocr_line' id='line_1_132' title="bbox 1390 3169 2465 3223; baseline -0.005 -12"><span class='ocrx_word' id='word_1_976' title='bbox 1390 3173 1609 3223; x_wconf 86' lang='lat' dir='ltr'>losophicis,</span> <span class='ocrx_word' id='word_1_977' title='bbox 1634 3172 1740 3221; x_wconf 92' lang='lat' dir='ltr'>quod</span> <span class='ocrx_word' id='word_1_978' title='bbox 1768 3172 1963 3209; x_wconf 87' lang='lat' dir='ltr'>inferiores</span> <span class='ocrx_word' id='word_1_979' title='bbox 1993 3170 2170 3208; x_wconf 88' lang='lat' dir='ltr'>scientiae</span> <span class='ocrx_word' id='word_1_980' title='bbox 2199 3182 2271 3207; x_wconf 90' lang='lat' dir='ltr'>nec</span> <span class='ocrx_word' id='word_1_981' title='bbox 2298 3169 2465 3218; x_wconf 89' lang='lat' dir='ltr'>probant</span> 
     </span>
     <span class='ocr_line' id='line_1_133' title="bbox 1391 3222 2464 3276; baseline -0.005 -12"><span class='ocrx_word' id='word_1_982' title='bbox 1391 3240 1460 3265; x_wconf 88' lang='lat' dir='ltr'>sua</span> <span class='ocrx_word' id='word_1_983' title='bbox 1487 3225 1683 3276; x_wconf 90' lang='lat' dir='ltr'>principia,</span> <span class='ocrx_word' id='word_1_984' title='bbox 1704 3238 1777 3263; x_wconf 90' lang='lat' dir='ltr'>nec</span> <span class='ocrx_word' id='word_1_985' title='bbox 1801 3232 1933 3263; x_wconf 88' lang='lat' dir='ltr'>contra</span> <span class='ocrx_word' id='word_1_986' title='bbox 1960 3232 2164 3273; x_wconf 89' lang='lat' dir='ltr'>negantem</span> <span class='ocrx_word' id='word_1_987' title='bbox 2183 3222 2370 3272; x_wconf 89' lang='lat' dir='ltr'>principia</span> <span class='ocrx_word' id='word_1_988' title='bbox 2391 3222 2464 3260; x_wconf 91' lang='lat' dir='ltr'>dis-</span> 
     </span>
     <span class='ocr_line' id='line_1_134' title="bbox 1390 3275 2462 3330; baseline -0.006 -12"><span class='ocrx_word' id='word_1_989' title='bbox 1390 3288 1537 3330; x_wconf 88' lang='lat' dir='ltr'>putant,</span> <span class='ocrx_word' id='word_1_990' title='bbox 1562 3279 1630 3317; x_wconf 90' lang='lat' dir='ltr'>sed</span> <span class='ocrx_word' id='word_1_991' title='bbox 1658 3280 1733 3316; x_wconf 92' lang='lat' dir='ltr'>hoc</span> <span class='ocrx_word' id='word_1_992' title='bbox 1762 3279 1981 3328; x_wconf 90' lang='lat' dir='ltr'>relinquunt</span> <span class='ocrx_word' id='word_1_993' title='bbox 2008 3276 2195 3327; x_wconf 89' lang='lat' dir='ltr'>superiori</span> <span class='ocrx_word' id='word_1_994' title='bbox 2224 3276 2401 3314; x_wconf 87' lang='lat' dir='ltr'>scientiae</span> <span class='ocrx_word' id='word_1_995' title='bbox 2421 3275 2462 3313; x_wconf 77' lang='lat' dir='ltr'>*t</span> 
     </span>
     <span class='ocr_line' id='line_1_135' title="bbox 1391 3329 2463 3384; baseline -0.006 -12"><span class='ocrx_word' id='word_1_996' title='bbox 1391 3346 1572 3384; x_wconf 87' lang='lat' dir='ltr'>suprema</span> <span class='ocrx_word' id='word_1_997' title='bbox 1590 3345 1685 3370; x_wconf 89' lang='lat' dir='ltr'>vero</span> <span class='ocrx_word' id='word_1_998' title='bbox 1709 3332 1806 3370; x_wconf 91' lang='lat' dir='ltr'>inter</span> <span class='ocrx_word' id='word_1_999' title='bbox 1833 3345 1910 3380; x_wconf 89' lang='lat' dir='ltr'>eas,</span> <span class='ocrx_word' id='word_1_1000' title='bbox 1931 3331 2070 3369; x_wconf 89' lang='lat' dir='ltr'>scilicet</span> <span class='ocrx_word' id='word_1_1001' title='bbox 2095 3330 2367 3379; x_wconf 88' lang='lat' dir='ltr'>metaphysica,</span> <span class='ocrx_word' id='word_1_1002' title='bbox 2389 3329 2463 3367; x_wconf 91' lang='lat' dir='ltr'>dis—</span> 
     </span>
     <span class='ocr_line' id='line_1_136' title="bbox 1390 3383 2462 3438; baseline -0.005 -13"><span class='ocrx_word' id='word_1_1003' title='bbox 1390 3395 1498 3438; x_wconf 89' lang='lat' dir='ltr'>putat</span> <span class='ocrx_word' id='word_1_1004' title='bbox 1526 3394 1657 3424; x_wconf 89' lang='lat' dir='ltr'>contra</span> <span class='ocrx_word' id='word_1_1005' title='bbox 1685 3393 1887 3434; x_wconf 88' lang='lat' dir='ltr'>negantem</span> <span class='ocrx_word' id='word_1_1006' title='bbox 1917 3397 1986 3422; x_wconf 89' lang='lat' dir='ltr'>sua</span> <span class='ocrx_word' id='word_1_1007' title='bbox 2013 3383 2209 3434; x_wconf 87' lang='lat' dir='ltr'>principia,</span> <span class='ocrx_word' id='word_1_1008' title='bbox 2230 3383 2260 3420; x_wconf 90' lang='lat' dir='ltr'>si</span> <span class='ocrx_word' id='word_1_1009' title='bbox 2285 3383 2462 3421; x_wconf 86' lang='lat' dir='ltr'>adversa-</span> 
     </span>
    </p>
   </div>
   <div class='ocr_carea' id='block_1_32' title="bbox 1604 3475 1764 3479">
    <p class='ocr_par' dir='ltr' id='par_1_38' title="bbox 1604 3475 1764 3479">
     <span class='ocr_line' id='line_1_137' title="bbox 1604 3475 1764 3479; baseline 0 0"><span class='ocrx_word' id='word_1_1010' title='bbox 1604 3475 1764 3479; x_wconf 95' lang='lat' dir='ltr'> </span> 
     </span>
    </p>
   </div>
   <div class='ocr_carea' id='block_1_33' title="bbox 1443 3517 2283 3659">
    <p class='ocr_par' dir='ltr' id='par_1_39' title="bbox 1443 3517 2283 3588">
     <span class='ocr_line' id='line_1_138' title="bbox 1443 3517 2283 3552; baseline -0.004 -8"><span class='ocrx_word' id='word_1_1011' title='bbox 1443 3520 1467 3552; x_wconf 82' lang='grc' dir='ltr'>δ)</span> <span class='ocrx_word' id='word_1_1012' title='bbox 1488 3520 1540 3544; x_wconf 83' lang='lat' dir='ltr'>ubi.</span> <span class='ocrx_word' id='word_1_1013' title='bbox 1558 3533 1576 3538; x_wconf 90' lang='lat'><em>-</em></span> <span class='ocrx_word' id='word_1_1014' title='bbox 1594 3518 1638 3543; x_wconf 85' lang='lat' dir='ltr'>cui</span> <span class='ocrx_word' id='word_1_1015' title='bbox 1656 3518 1803 3547; x_wconf 82' lang='lat' dir='ltr'>ACDEFG,</span> <span class='ocrx_word' id='word_1_1016' title='bbox 1823 3518 1865 3543; x_wconf 81' lang='lat' dir='ltr'>vel</span> <span class='ocrx_word' id='word_1_1017' title='bbox 1882 3518 1926 3542; x_wconf 88' lang='lat' dir='ltr'>cui</span> <span class='ocrx_word' id='word_1_1018' title='bbox 1945 3524 2035 3549; x_wconf 85' lang='lat' dir='ltr'>margo</span> <span class='ocrx_word' id='word_1_1019' title='bbox 2054 3517 2087 3549; x_wconf 91' lang='lat' dir='ltr'>B,</span> <span class='ocrx_word' id='word_1_1020' title='bbox 2107 3517 2183 3543; x_wconf 86' lang='lat' dir='ltr'>cuius</span> <span class='ocrx_word' id='word_1_1021' title='bbox 2203 3517 2245 3542; x_wconf 86' lang='lat' dir='ltr'>ed.</span> <span class='ocrx_word' id='word_1_1022' title='bbox 2257 3525 2283 3542; x_wconf 87' lang='lat' dir='ltr'>a.</span> 
     </span>
     <span class='ocr_line' id='line_1_139' title="bbox 1444 3552 2051 3588; baseline -0.005 -8"><span class='ocrx_word' id='word_1_1023' title='bbox 1444 3556 1466 3588; x_wconf 87' lang='grc' dir='ltr'>ε)</span> <span class='ocrx_word' id='word_1_1024' title='bbox 1486 3555 1695 3587; x_wconf 80' lang='lat' dir='ltr'>amplectentem.</span> <span class='ocrx_word' id='word_1_1025' title='bbox 1713 3567 1732 3573; x_wconf 91' lang='lat'>-—</span> <span class='ocrx_word' id='word_1_1026' title='bbox 1750 3554 1924 3585; x_wconf 82' lang='lat' dir='ltr'>amplectente</span> <span class='ocrx_word' id='word_1_1027' title='bbox 1942 3552 2051 3577; x_wconf 85' lang='lat' dir='ltr'>PDFab.</span> 
     </span>
    </p>

    <p class='ocr_par' dir='ltr' id='par_1_40' title="bbox 1443 3588 1955 3624">
     <span class='ocr_line' id='line_1_140' title="bbox 1443 3588 1955 3624; baseline -0.004 -9"><span class='ocrx_word' id='word_1_1028' title='bbox 1443 3591 1468 3624; x_wconf 82' lang='grc' dir='ltr'>ζ)</span> <span class='ocrx_word' id='word_1_1029' title='bbox 1489 3589 1592 3622; x_wconf 80' lang='lat' dir='ltr'>aliquid</span> <span class='ocrx_word' id='word_1_1030' title='bbox 1610 3589 1695 3614; x_wconf 82' lang='lat' dir='ltr'>aliud.</span> <span class='ocrx_word' id='word_1_1031' title='bbox 1712 3603 1732 3609; x_wconf 90' lang='lat'>—</span> <span class='ocrx_word' id='word_1_1032' title='bbox 1749 3589 1853 3622; x_wconf 77' lang='lat' dir='ltr'>aliquid</span> <span class='ocrx_word' id='word_1_1033' title='bbox 1871 3588 1955 3613; x_wconf 85' lang='lat' dir='ltr'>PBab.</span> 
     </span>
    </p>

    <p class='ocr_par' dir='ltr' id='par_1_41' title="bbox 1443 3623 2020 3659">
     <span class='ocr_line' id='line_1_141' title="bbox 1443 3623 2020 3659; baseline -0.005 -8"><span class='ocrx_word' id='word_1_1034' title='bbox 1443 3627 1470 3659; x_wconf 82' lang='grc' dir='ltr'>η)</span> <span class='ocrx_word' id='word_1_1035' title='bbox 1489 3625 1720 3656; x_wconf 72' lang='lat' dir='ltr'>resurrectionem.</span> <span class='ocrx_word' id='word_1_1036' title='bbox 1738 3639 1756 3643; x_wconf 83' lang='lat'><em>-</em></span> <span class='ocrx_word' id='word_1_1037' title='bbox 1775 3625 1906 3650; x_wconf 80' lang='lat' dir='ltr'>rationem</span> <span class='ocrx_word' id='word_1_1038' title='bbox 1926 3623 2020 3657; x_wconf 87' lang='lat' dir='ltr'>DpBC.</span> 
     </span>
    </p>
   </div>
   <div class='ocr_carea' id='block_1_34' title="bbox 2592 2902 2608 2931">
    <p class='ocr_par' dir='ltr' id='par_1_42' title="bbox 2592 2902 2608 2931">
     <span class='ocr_line' id='line_1_142' title="bbox 2592 2902 2608 2931; baseline 0 0"><span class='ocrx_word' id='word_1_1039' title='bbox 2592 2902 2608 2931; x_wconf 78' lang='grc' dir='ltr'>ζ</span> 
     </span>
    </p>
   </div>
   <div class='ocr_carea' id='block_1_35' title="bbox 2490 2960 2695 3015">
    <p class='ocr_par' dir='ltr' id='par_1_43' title="bbox 2490 2960 2695 3015">
     <span class='ocr_line' id='line_1_143' title="bbox 2490 2960 2611 2989; baseline -0.008 -7"><span class='ocrx_word' id='word_1_1040' title='bbox 2490 2960 2501 2970; x_wconf 72' lang='lat'>⁸</span> <span class='ocrx_word' id='word_1_1041' title='bbox 2515 2960 2543 2982; x_wconf 86' lang='lat' dir='ltr'>D.</span> <span class='ocrx_word' id='word_1_1042' title='bbox 2558 2960 2611 2989; x_wconf 84' lang='lat'>603.</span> 
     </span>
     <span class='ocr_line' id='line_1_144' title="bbox 2490 2986 2695 3015; baseline 0.01 -8"><span class='ocrx_word' id='word_1_1043' title='bbox 2490 2987 2512 2997; x_wconf 71' lang='lat'>⁴*</span> <span class='ocrx_word' id='word_1_1044' title='bbox 2527 2986 2595 3009; x_wconf 88' lang='lat' dir='ltr'>Vers.</span> <span class='ocrx_word' id='word_1_1045' title='bbox 2606 2993 2626 3008; x_wconf 70' lang='grc' dir='ltr'>ιι·</span> <span class='ocrx_word' id='word_1_1046' title='bbox 2641 2993 2695 3015; x_wconf 89' lang='lat' dir='ltr'>sqq.</span> 
     </span>
    </p>
   </div>
   <div class='ocr_carea' id='block_1_36' title="bbox 2589 3070 2606 3092">
    <p class='ocr_par' dir='ltr' id='par_1_44' title="bbox 2589 3070 2606 3092">
     <span class='ocr_line' id='line_1_145' title="bbox 2589 3070 2606 3092; baseline 0 0"><span class='ocrx_word' id='word_1_1047' title='bbox 2589 3070 2606 3092; x_wconf 80' lang='lat'>⁷1</span> 
     </span>
    </p>
   </div>
   <div class='ocr_carea' id='block_1_37' title="bbox 2492 3283 2618 3306">
    <p class='ocr_par' dir='ltr' id='par_1_45' title="bbox 2492 3283 2618 3306">
     <span class='ocr_line' id='line_1_146' title="bbox 2492 3283 2618 3306; baseline -0.008 0"><span class='ocrx_word' id='word_1_1048' title='bbox 2492 3285 2500 3293; x_wconf 89' lang='lat'>&#39;</span> <span class='ocrx_word' id='word_1_1049' title='bbox 2516 3283 2545 3306; x_wconf 84' lang='lat' dir='ltr'>D.</span> <span class='ocrx_word' id='word_1_1050' title='bbox 2559 3289 2618 3306; x_wconf 75' lang='lat'>1¹02.</span> 
     </span>
    </p>
   </div>
  </div>
 </body>
</html>
