2768 4178
280 280 327 306 22
983 267 1252 315 QUAESTIO
1282 268 1315 315 I,
1344 267 1644 305 ARTICULUS
1673 266 1761 303 VIII

280 349 357 386 rius
377 348 518 398 aliquid
539 347 729 386 concedit:
755 347 785 384 si
805 355 933 384 autem
952 346 1043 384 nihil
1063 346 1250 394 concedit,
1270 357 1350 383 non
1458 346 1583 384 Utitur
1601 353 1732 383 tamen
1752 358 1860 382 sacra
1881 344 2052 382 doctrina
2072 344 2185 381 etiam
2202 350 2221 366 ⁷¹
2246 344 2392 382 r'atione
2411 345 2485 382 hu-

279 410 406 452 potest
434 414 522 439 cum
561 413 607 438 eo
647 401 859 450 disputare,
888 407 1015 449 potest
1041 407 1172 437 tamen
1200 399 1350 436 solvere
1404 412 1538 437 mana:
1568 412 1648 437 non
1676 399 1834 448 quidem
1868 399 1918 436 ad
1945 397 2192 448 probandum
2222 398 2364 447 fidem,
2394 398 2486 447 quia

134 456 148 481 ⁰
282 456 446 493 rationes
474 454 603 505 ipsius.
634 454 745 492 Unde
765 466 873 491 sacra
893 453 1076 503 scriptura
1100 450 1124 500 ⁰,
1156 464 1244 489 cum
1272 464 1352 489 non
1405 466 1476 503 per
1503 454 1578 490 hoc
1601 453 1797 490 tolleretur
1815 452 1995 489 meritum
2024 451 2136 499 fidei;
2167 451 2236 488 sed
2255 451 2305 489 ad
2325 451 2487 489 manife-

281 509 420 546 habeat
456 508 714 557 superiorem,
753 507 919 556 disputat
957 518 1046 543 cum
1083 513 1245 554 negante
1283 517 1352 542 sua
1407 506 1589 544 standum
1618 506 1746 555 aliqua
1774 505 1847 543 alia
1880 518 1980 554 quae
2018 504 2220 542 traduntur
2246 504 2287 542 in
2314 505 2389 542 hac
2418 504 2489 542 do-

280 561 485 612 principia:
515 561 817 609 argumentando
846 559 1022 609 quidem,
1053 558 1083 596 si
1112 558 1353 597 adversarius
1409 560 1550 602 ctrina„
1566 560 1668 597 Cum
1689 559 1792 596 enim
1808 565 1824 589 P
1842 559 1962 608 gratia
1979 571 2060 596 non
2079 559 2186 596 tollat
2204 565 2396 605 naturam,
2418 557 2488 595 sed

282 615 424 664 aliquid
453 614 638 652 concedat
667 626 802 651 eorum
832 625 930 663 quae
958 625 1028 662 per
1048 611 1220 650 divinam
1244 624 1353 649 reve·
1407 613 1592 663 perficiat,
1623 620 1775 662 oportet
1802 613 1908 661 quod
1937 611 2118 650 naturalis
2147 612 2243 649 ratio
2271 611 2490 649 subserviat

282 668 464 706 lationem
492 668 701 714 habentur;
731 667 828 704 sicut
854 679 923 716 per
951 665 1194 703 auctoritates
1223 677 1354 702 sacrae
1408 667 1516 713 fidei;
1547 666 1644 704 sicut
1673 673 1710 703 et
1736 666 1918 704 naturalis
1937 665 2129 703 inclinatio
2148 665 2356 703 voluntatis
2377 665 2489 702 obse-

283 721 477 759 doctrinae
511 721 749 770 disputamus
784 728 916 758 contra
952 719 1185 767 haereticos,
1222 726 1259 755 et
1285 731 1355 767 per
1409 720 1538 769 quitur
1575 719 1730 757 caritati.
1770 719 1882 758 Unde
1917 727 1955 757 et
1987 720 2197 769 Apostolus
2231 719 2342 767 dicit,
2378 719 2410 755 11
2441 718 2494 755 ad

145 786 152 801 ³
282 787 403 812 unum
423 774 622 812 articulum
642 781 649 795 ‘
669 782 801 811 contra
820 780 1001 822 negantes
1030 772 1158 810 alium.
1191 771 1231 809 Si
1258 784 1354 809 vero
1415 774 1503 811 Cor.
1523 785 1547 810 x
1565 773 1603 810 *:
1634 773 1671 810 in
1691 773 1944 822 captivitatem
1973 773 2185 823 redigentes
2204 784 2357 810 omnem
2386 772 2492 809 intel-

142 839 156 854 κ
283 828 523 866 adversarius
556 828 649 865 nihil
687 827 815 865 credat
833 834 847 848 ⁸
877 839 1013 864 eorum
1042 838 1142 876 quae
1176 825 1356 863 divinitus
1410 827 1545 864 lectum
1575 826 1613 863 in
1642 827 1861 875 obsequium
1895 827 2044 864 Christi.
2083 827 2133 864 Et
2165 826 2256 864 inde
2295 833 2351 863 est
2383 826 2490 875 quod

283 882 518 929 revelantur,
549 894 628 919 non
655 889 827 919 remanet
855 880 1020 930 amplius
1037 879 1102 918 via
1121 879 1170 916 ad
1189 879 1356 928 proban·
1411 879 1525 917 etiam
1554 885 1568 899 ³
1596 879 1882 917 auctoritatibus
1918 879 2243 929 philosophorum
2278 891 2388 917 sacra
2423 879 2492 917 do-

142 930 159 955 λ
284 935 378 973 dum
398 935 575 972 articulos
604 935 695 972 fidei
722 947 792 984 per
810 934 976 972 rationes
995 932 1018 981 ¹,
1048 933 1117 970 sed
1137 932 1185 970 ad
1205 933 1356 969 solven-
1411 933 1530 971 ctrina
1543 932 1672 981 utitur,
1687 932 1753 970 ubi
1767 945 1837 982 per
1851 933 2042 971 rationem
2062 934 2276 970 naturalem
2289 933 2494 983 veritatem,

285 988 377 1026 dum
399 988 577 1036 rationes,
598 988 628 1025 si
649 1001 744 1037 quas
762 987 917 1035 inducit,
939 995 1072 1024 contra
1090 986 1223 1024 fidem.
1254 986 1357 1022 Cum
1412 998 1645 1035 cognoscere
1660 993 1887 1035 potuerunt3
1908 986 2005 1024 sicut
2018 987 2174 1035 Paulus,
2189 987 2356 1024 Actuum
2370 998 2444 1024 xvn
2458 986 2492 1035 ²⁸²,

285 1041 388 1079 enirn
416 1042 514 1079 fides
541 1041 723 1079 infallibili
741 1041 890 1079 veritati
909 1040 1099 1088 innitatur,
1121 1038 1358 1089 impossibile
1411 1040 1558 1078 inducit
1575 1039 1742 1076 verbum
1758 1039 1878 1087 Arati,
1895 1039 2043 1077 dicens:
2062 1041 2159 1077 sicut
2177 1046 2214 1077 et
2229 1040 2386 1089 quidam
2399 1051 2493 1088 poe-

141 1103 160 1129 t*
284 1102 414 1132 autem
443 1095 489 1132 sit
507 1095 554 1133 de
574 1107 669 1133 vero
689 1102 709 1121 Ι*
737 1094 989 1132 demonstrari
1010 1093 1255 1141 contrarium,
1276 1105 1358 1130 ma·
1411 1100 1539 1132 tarum
1566 1098 1782 1130 vestrorum
1810 1093 2002 1139 dixerunt,
2030 1105 2154 1143 genus
2181 1094 2260 1131 Dei
2283 1106 2426 1131 sumus.

284 1148 463 1185 nifestum
493 1156 548 1186 est
574 1148 820 1198 probationes
839 1160 938 1197 quae
959 1155 1090 1185 contra
1108 1147 1229 1185 fidem
1249 1146 1358 1184 indu·
1467 1146 1546 1185 Sed
1573 1154 1704 1184 tamen
1733 1158 1842 1184 sacra
1871 1146 2044 1184 doctrina
2062 1153 2078 1167 ¹’
2105 1146 2328 1185 huiusmodi
2361 1154 2492 1184 aucto-

285 1209 441 1250 cuntur,
471 1214 550 1239 non
579 1214 662 1239 esse
691 1201 1057 1249 demonstrationes,
1087 1200 1156 1238 sed
1184 1199 1359 1238 solubilia
1412 1201 1582 1239 ritatibus
1622 1200 1740 1237 utitur
1777 1200 1888 1248 quasi
1927 1199 2115 1237 extraneis
2158 1200 2392 1248 argumentis
2407 1230 2417 1249 ,
2457 1207 2494 1237 et

285 1263 521 1303 argumenta.
1411 1253 1686 1304 probabilibus.
1730 1253 2029 1291 Auctoritatibus
2067 1260 2198 1290 autem
2242 1253 2451 1291 canonicae
2480 1258 2495 1274 ¹²

339 1310 398 1345 AD
418 1321 556 1346 PRIMUM
575 1319 675 1346 ERGO
691 1320 877 1346 DICENDUM
897 1309 1014 1358 quod,
1030 1307 1117 1345 licet
1131 1315 1359 1355 argumenta
1413 1308 1630 1357 Scripturae
1658 1306 1775 1344 utitur
1793 1307 1961 1357 proprie,
1979 1319 2024 1344 ex
2043 1307 2270 1344 necessitate
2290 1318 2495 1355 argumen—

286 1361 441 1399 rationis
468 1363 663 1399 humanae
691 1374 772 1399 non
790 1362 958 1399 habeant
976 1361 1104 1399 locum
1124 1362 1173 1399 ad
1192 1361 1359 1410 proban-
1412 1361 1542 1399 tando.
1581 1360 1881 1398 Auctoritatibus
1919 1368 2050 1398 autern
2087 1360 2252 1398 aliorum
2288 1359 2494 1398 doctorum

287 1415 380 1453 dum
400 1428 501 1464 quae
520 1415 612 1453 fidei
631 1423 729 1464 sunt,
746 1423 878 1453 tamen
898 1427 944 1452 ex
964 1414 1128 1452 articulis
1147 1414 1239 1452 fidei
1263 1415 1360 1452 haec
1413 1414 1608 1463 ecclesiae,
1630 1414 1739 1464 quasi
1767 1414 1966 1463 arguendo
1989 1419 2005 1444 7
2035 1426 2081 1451 ex
2108 1414 2285 1464 propriis,
2316 1414 2385 1452 sed
2404 1425 2495 1463 pro-

49 1470 179 1522 .1„·c„2‘p,
286 1469 458 1506 doctrina
486 1469 535 1507 ad
563 1468 635 1506 alia
663 1476 960 1517 argumentatur,
989 1476 1031 1506 ut
1055 1468 1198 1506 dictum
1219 1475 1230 1488 ¹¹
1255 1475 1312 1506 est
1325 1468 1357 1505 ³⁸.
1412 1468 1599 1506 babiliter.
1639 1467 1812 1505 Innititur
1840 1467 1944 1505 enim
1973 1467 2071 1505 fides
2109 1475 2240 1506 nostra
2267 1466 2495 1506 revelationi

340 1524 399 1559 An
434 1534 626 1560 SECUNDUM
661 1534 847 1560 monimum
882 1522 987 1571 quod
1021 1522 1278 1570 argumentari
1314 1533 1359 1559 ex
1412 1521 1607 1572 Apostolis
1637 1529 1673 1558 et
1700 1521 1902 1571 Prophetis
1934 1521 2078 1570 factae,
2113 1521 2180 1570 qui
2215 1521 2424 1559 canonicos
2453 1519 2495 1558 li-

286 1575 509 1613 auctoritate
529 1583 586 1612 est
605 1576 771 1613 maxime
790 1575 991 1626 proprium
1011 1575 1125 1613 huius
1145 1575 1358 1613 doctrinae:
1413 1576 1504 1613 bros
1533 1575 1785 1625 scripserunt:
1815 1587 1895 1612 non
1924 1582 2055 1612 autem
2084 1575 2327 1623 revelationi,
2356 1574 2388 1613 si
2416 1586 2495 1624 qua

288 1642 333 1666 eo
355 1629 461 1678 quod
488 1629 674 1679 principia
702 1629 815 1668 huius
844 1629 1038 1667 doctrinae
1066 1641 1137 1678 per
1161 1629 1360 1666 revelatio-
1413 1629 1482 1667 fuit
1501 1629 1583 1666 aliis
1603 1628 1826 1666 doctoribus
1852 1629 1962 1666 facta.
1993 1628 2105 1666 Unde
2136 1628 2224 1666 dicit
2242 1627 2494 1679 Augustinus,

287 1695 377 1720 nem
404 1683 607 1731 habentur,
636 1691 673 1721 et
700 1683 754 1720 sic
782 1691 933 1733 oportet
956 1682 1061 1732 quod
1091 1683 1266 1720 credatur
1293 1695 1360 1720 au·
1410 1679 1452 1720 'in
1491 1682 1649 1732 epistola
1686 1682 1736 1720 ad
1770 1682 2056 1731 Hieronymum
2074 1682 2112 1719 *ε
2149 1682 2247 1720 Solis
2279 1683 2332 1719 eis
2350 1687 2368 1709 1
2393 1682 2495 1720 Scri·-

287 1736 448 1773 ctoritati
484 1748 619 1774 eorum
657 1737 795 1786 quibus
831 1736 1014 1775 revelatio
1043 1736 1141 1773 facta
1170 1743 1236 1773 est.
1276 1737 1362 1773 Nec
1408 1742 1614 1785 pturarum
1650 1736 1753 1773 libris
1785 1736 1852 1785 qui
1887 1736 2064 1773 canonici
2093 1736 2352 1786 appellantur,
2381 1736 2497 1774 didici

286 1791 362 1827 hoc
391 1790 548 1838 derogat
575 1790 745 1838 dignitati
772 1790 885 1828 huius
914 1789 1130 1828 doctrinae:
1160 1802 1251 1827 nam
1276 1789 1362 1827 licet
1412 1791 1514 1827 hunc
1531 1790 1715 1827 honorem
1735 1789 1896 1839 deferre,
1919 1795 1959 1826 ut
1976 1789 2122 1826 nullum
2142 1795 2338 1827 auctorem
2358 1801 2493 1828 eorum

146 1847 158 1877 ξ
286 1844 393 1881 locus
414 1843 462 1880 ab
483 1844 706 1881 auctoritate
725 1856 823 1893 quae
839 1841 853 1868 ε
872 1843 1052 1881 fundatur
1071 1855 1186 1892 super
1214 1842 1360 1882 ratione
1415 1844 1452 1880 in
1480 1843 1677 1880 scribendo
1714 1854 1863 1880 errasse
1896 1843 2041 1892 aliquid
2063 1843 2291 1892 firmissime
2323 1843 2492 1882 credam.

286 1897 469 1944 humana,
491 1897 537 1934 sit
556 1896 856 1944 infirmissimus;
885 1898 993 1934 locus
1012 1905 1143 1934 tamen
1162 1897 1211 1934 ab
1231 1904 1360 1934 aucto·
1413 1896 1521 1934 Alios
1552 1901 1678 1933 autem
1712 1896 1763 1933 ita
1796 1895 1903 1946 lego,
1935 1902 1994 1942 ut,
2032 1897 2266 1945 quantalibet
2298 1897 2495 1937 sanctitate

145 1957 159 1973 ⁰
286 1950 395 1987 ritate
424 1963 522 1999 quae
542 1956 555 1970 ⁰
583 1951 763 1988 fundatur
797 1963 913 2000 super
946 1950 1179 1988 revelatione
1209 1949 1360 1998 divina,
1413 1950 1659 1998 doctrinaque
1672 1947 1688 1977 Ψ
1703 1949 1978 1998 praepolleant,
1999 1961 2075 1987 non
2096 1950 2179 1987 ideo
2197 1961 2333 1988 verum
2347 1956 2493 2001 putem,

287 2011 343 2040 est
372 2004 671 2041 efficacissimus.
1414 2003 1516 2052 quod
1543 2003 1615 2052 ipsi
1640 2003 1691 2039 ita
1719 2008 1918 2040 senserunt
1942 2002 2004 2040 vel
2029 2003 2272 2052 scripserunt.

340 2162 365 2196 θ)
384 2163 528 2195 scriptura.
546 2175 565 2181 -
583 2161 709 2187 doctrina
729 2161 840 2187 codices.
857 2175 876 2180 -·
895 2161 946 2186 Pro
964 2169 1024 2186 cum
1048 2165 1176 2195 negante,
1195 2165 1291 2186 contra
1317 2168 1362 2186 ne·
1415 2161 1465 2185 tiae
1490 2161 1550 2193 legit
1573 2161 1664 2193 aliqua
1689 2161 1815 2186 doctrina
1839 2161 1999 2192 traduntur,
2026 2162 2073 2187 sed
2097 2163 2246 2196 corrigitur:
2265 2164 2357 2197 aliqua
2379 2170 2449 2197 quae
2467 2164 2495 2190 in

286 2202 395 2233 gantem
415 2198 448 2223 G.
465 2212 484 2217 -
502 2198 553 2222 Pro
572 2197 958 2238 argumentando‚·arguendo
977 2195 1140 2230 CE(ABD?).
1414 2203 1494 2221 sacra
1513 2196 1638 2222 doctrina
1657 2196 1819 2226 traduntur-5
1838 2205 1887 2230 pro
1904 2197 1996 2230 aliqua
2015 2198 2079 2227 alia,
2098 2198 2154 2224 alia
2171 2199 2202 2228 A,
2220 2199 2313 2232 aliqua
2331 2199 2385 2229 DF.
2405 2199 2452 2225 itta
2465 2199 2495 2231 C,

341 2235 367 2302 3>
379 2234 531 2294 2223:st
544 2232 810 2294 afflisshiffl‘fe'
830 2233 859 2257 Β·
1415 2231 1596 2300 ⁰¹¹¹'pf'2m-m.
1615 2281 1634 2287 -
1653 2268 1739 2301 igitur
1757 2268 1821 2294 pa».

341 2304 370 2337 λ)
385 2305 512 2330 rationes.
527 2316 546 2324 ι-
559 2303 692 2329 rationem
712 2303 813 2328 codices
828 2308 853 2328 et
871 2310 889 2328 a
899 2303 923 2328 b.
935 2317 954 2323 -
968 2303 1039 2328 Post.
1050 2310 1108 2336 seq.
1126 2303 1245 2328 rationes
1258 2303 1279 2328 B
1293 2302 1363 2327 addit
1470 2302 1497 2335 σ)
1516 2303 1589 2335 quod
1601 2302 1691 2328 etiam.
1709 2317 1728 2322 -
1745 2304 1827 2329 etiam
1840 2304 1914 2336 quod
1925 2305 1955 2335 B,
1968 2305 2041 2338 quod
2053 2305 2152 2338 DGpA.
2169 2319 2189 2325 -
2201 2305 2252 2331 Pro
2261 2306 2495 2339 philosophorum,

289 2343 409 2366 remanet
427 2340 479 2365 via.
845 2374 851 2380 ἢ
985 2374 990 2380 .
1412 2338 1555 2371 phicorum
1575 2339 1606 2380 B:
1623 2353 1642 2358 —
1661 2339 1712 2364 Pro
1722 2342 1879 2380 potuerunt,
1894 2343 1986 2372 potest
2000 2341 2030 2372 B,
2046 2343 2194 2373 potuerant
2213 2341 2242 2371 C,
2256 2345 2388 2374 poterunt
2399 2341 2495 2375 DEpF.

344 2376 372 2444 il?
388 2376 635 2442 Zitz‘lri?'-sx;z
652 2374 897 2435 ἓξὲξιρᾌιξὲἰίὲ,
917 2382 1025 2400 omnmo
1044 2374 1076 2399 G·
1471 2374 1497 2442 3
1516 2374 1909 2437 ἕὲνῖξιῖῗεῖξ.-ςᾜέτξέζα8ῗῖ-
1927 2411 1978 2436 Pro
1997 2412 2230 2445 argumentando,
2250 2413 2393 2447 arguendo
2410 2411 2495 2447 AC(D

346 2446 369 2480 ξ)
389 2454 464 2479 quae.
482 2459 502 2466 -
519 2446 565 2479 qui
582 2446 636 2470 BD.
649 2459 669 2467 -
681 2446 731 2471 Pro
745 2445 849 2470 ratione
863 2445 989 2475 humana,
1003 2446 1135 2471 rationem
1153 2445 1298 2470 humanam
1310 2445 1364 2474 BD,
1418 2443 1500 2477 FG?).

291 2483 452 2508 revelatione
470 2482 589 2507 humana
607 2482 679 2514 ApC.
697 2495 716 2501 —
734 2481 785 2506 Pro
803 2481 1014 2514 infirmissimus,
1035 2481 1216 2514 infimissimus
1234 2481 1270 2511 A,
1290 2480 1365 2514 infir·
1473 2481 1501 2514 φ)
1520 2480 1670 2514 arguendo.
1687 2495 1707 2501 -
1724 2482 1942 2514 argumentando
1961 2481 2125 2516 B(DEFG?).
2142 2496 2162 2503 -
2180 2483 2232 2508 Pro
2250 2491 2301 2513 ex,
2322 2491 2375 2510 non
2395 2491 2434 2510 ex
2447 2485 2495 2510 εΑ.

292 2526 351 2544 mus
369 2519 399 2543 B.
1075 2541 1082 2546 ‚
1472 2517 1501 2551 χ)
1522 2516 1593 2541 Solis
1612 2516 1658 2542 eis.
1670 2529 1689 2537 —
1701 2517 1772 2542 Solis
1790 2517 1860 2543 enim
1880 2518 1937 2543 PsC
1956 2523 1982 2543 et
1999 2519 2049 2551 ab,
2069 2519 2163 2544 Solum
2182 2519 2220 2545 eis
2239 2519 2305 2545 BDF
2307 2519 2340 2551 G,
2359 2520 2440 2546 Solus
2457 2520 2497 2546 etr

346 2554 372 2587 ο)
395 2560 471 2586 quae.
489 2567 508 2573 —
525 2553 571 2586 qui
594 2553 624 2578 B.
646 2567 665 2572 -
688 2553 740 2578 Pro
767 2553 929 2578 revelatione
954 2552 1060 2582 divina,
1083 2552 1273 2577 revelationem
1297 2551 1364 2577 divi·
1419 2551 1467 2584 pC.
1482 2552 1542 2577 —in
1561 2557 1620 2577 ante
1638 2552 1778 2578 scribendo
1796 2561 1850 2578 om.
1865 2553 2031 2580 ACDEFGa.

294 2597 356 2615 nam
376 2590 429 2614 BD.
1473 2585 1502 2621 ψ)
1522 2587 1705 2620 doctrinaque.
1724 2602 1743 2607 -
1760 2588 1947 2616 doctrinarum
1964 2589 2154 2623 ABCDEGpF.
2172 2603 2190 2612 —·
2208 2591 2260 2616 Pro
2279 2591 2359 2624 quod,
2373 2592 2438 2625 quta
2453 2599 2499 2618 co-

347 2625 377 2658 π)
391 2625 479 2650 etiam.
491 2639 510 2644 -
524 2624 585 2649 Om.
597 2624 626 2648 B.
638 2637 658 2644 —
672 2624 742 2649 Idem
756 2632 803 2657 pro
818 2624 964 2653 tolleretur,
984 2624 1104 2652 tolleret,·
1122 2629 1148 2648 et
1160 2623 1186 2648 in
1200 2622 1251 2648 fine
1264 2628 1367 2648 senten·
1421 2623 1490 2648 dices
1498 2631 1505 2654 ;
1525 2628 1551 2648 et
1567 2623 1691 2648 omittunt
1710 2625 1751 2649 vel
1769 2624 1941 2657 scripserunt.

971 2710 1307 2744 Commentariis.
1330 2709 1581 2743 Cazfflnalis
1603 2711 1805 2745 Caietam

330 2820 350 2841 N
373 2809 484 2840 titulo:
519 2809 780 2849 argumentativa
794 2830 804 2845 ,
838 2807 918 2838 idest
941 2808 1106 2848 probativa
1137 2817 1251 2838 eorum
1283 2817 1366 2848 quae
1421 2816 1518 2838 mam.
1548 2806 1788 2850 Consequentia
1811 2819 1886 2840 vero
1912 2810 2080 2850 probatur:
2111 2811 2187 2851 quia
2210 2810 2269 2843 ista
2298 2818 2346 2843 est
2369 2811 2499 2844 scientia

304 2822 439 2885 Idocet:
471 2863 511 2883 an
527 2862 603 2888 non,
620 2852 675 2883 sed
703 2852 783 2883 forte
809 2851 991 2893 simpliciter
1010 2852 1171 2894 proponit,
1189 2859 1225 2883 ut
1252 2851 1367 2883 Scotus
1421 2861 1581 2892 suprema.
2200 2868 2202 2870 v

63 2905 135 2955 mecni
147 2904 273 2953 ffimfglrp-
301 2898 379 2930 dixit
402 2904 510 2929 contra
534 2896 703 2928 articulum
721 2906 738 2926 2
755 2896 782 2927 *.
1478 2896 1600 2927 Deinde
1620 2897 1862 2930 manifestantur
1877 2898 2071 2939 singillatim.
2095 2899 2243 2931 Secunda
2258 2900 2402 2941 quidem,
2423 2910 2500 2932 cum

362 2942 398 2973 11.
424 2942 459 2972 In
482 2951 615 2982 corpore
638 2948 700 2972 tres
723 2941 953 2972 conclusiones.
978 2943 1088 2973 Prima
1113 2948 1175 2973 est:
1200 2941 1293 2973 Sacra
1309 2942 1368 2972 do·
1422 2947 1533 2972 contra
1565 2941 1739 2973 haereticos
1763 2952 1800 2974 ex
1824 2953 1890 2974 uno
1923 2943 2057 2975 articulo
2087 2945 2263 2985 probamus
2293 2944 2414 2982 alium,
2438 2952 2499 2977 etc.

302 2987 400 3019 ctrina
424 2996 489 3017 non
520 2985 622 3026 arguit
654 2985 694 3016 ad
717 2985 891 3026 principia,
921 2987 976 3017 sed
1008 2987 1048 3017 ad
1079 2986 1302 3017 conclusiones
1333 2995 1370 3016 ex
1423 2985 1531 3016 Tertia
1554 2996 1639 3022 vero,
1660 2986 1735 3028 quia
1759 2994 1870 3018 contra
1888 2988 2052 3019 veritatem
2074 2987 2274 3020 infallibilem
2290 2989 2378 3021 nulla
2393 2996 2502 3030 potest

302 3031 474 3073 principiis.
498 3030 647 3062 Secunda
671 3036 735 3061 est:
762 3030 855 3061 Sacra
878 3030 1020 3061 doctrina
1044 3031 1183 3072 disputat
1206 3030 1369 3071 arguendo
1423 3030 1671 3062 demonstrativa
1695 3031 1774 3062 ratio
1798 3041 1885 3062 esse:
1917 3042 1992 3074 ergo
2016 3042 2129 3064 omnes
2160 3033 2299 3064 rationes
2330 3041 2440 3066 contra
2462 3044 2500 3066 ea

304 3082 411 3107 contra
435 3081 584 3115 negantes
607 3074 762 3115 principia
785 3074 868 3110 eius,
894 3075 920 3105 si
944 3075 1063 3116 aliquid
1086 3075 1154 3107 eius
1178 3075 1369 3106 concedunt.
1423 3084 1506 3115 quae
1529 3082 1604 3106 sunt
1626 3075 1717 3107 istius
1741 3075 1907 3113 scientiae,
1933 3083 2007 3108 sunt
2030 3077 2168 3108 rationes
2196 3077 2360 3109 solubiles.
2395 3079 2501 3110 Tenet

309 3121 415 3151 Tertia
429 3128 440 3150 :
470 3119 563 3151 Sacra
586 3118 729 3150 doctrina
757 3118 896 3160 disputat
918 3119 1073 3150 solvendo
1097 3127 1237 3156 tantum,
1262 3126 1372 3150 contra
1424 3118 1569 3160 sequela:
1595 3119 1670 3160 quia
1693 3119 1770 3151 haec
1793 3121 1937 3152 doctrina
1961 3121 2105 3153 innititur
2127 3120 2285 3153 infallibili
2309 3123 2442 3155 veritati.

305 3171 453 3205 negantes
477 3163 631 3204 principia
658 3169 689 3194 et
712 3162 790 3193 nihil
814 3163 882 3194 eius
902 3164 1036 3194 omnino
1056 3165 1274 3196 concedentes.
1295 3181 1315 3187 -
1331 3164 1372 3194 Et
1484 3164 1538 3195 1V.
1562 3163 1653 3195 Circa
1677 3165 1800 3196 tertiam
1828 3166 2083 3202 conclusionem,
2108 3166 2234 3197 adverte
2262 3167 2351 3208 quod
2376 3167 2501 3199 theolo-

306 3216 352 3240 est
375 3218 499 3248 semper
527 3218 632 3239 sermo
661 3206 700 3238 de
731 3207 893 3248 principiis
921 3208 1093 3249 complexis
1125 3208 1316 3250 cognitionis
1339 3207 1372 3238 in
1425 3218 1504 3249 gum
1527 3218 1621 3249 posse
1645 3209 1767 3240 solvere
1783 3209 1921 3240 rationes
1944 3209 2216 3252 philosophorum
2236 3218 2346 3242 contra
2362 3221 2399 3243 ea
2417 3221 2501 3254 quae

306 3253 365 3284 hac
388 3252 525 3289 scientia,
549 3252 629 3283 idest
651 3251 789 3289 articulis
812 3251 900 3282 fidei:
925 3253 1083 3294 quidquid
1102 3253 1141 3284 sit
1156 3254 1194 3286 de
1211 3251 1373 3294 principiis
1426 3259 1500 3284 sunt
1523 3252 1606 3289 fidei,
1631 3253 1786 3294 contingit
1805 3254 1983 3295 dupliciter.
2009 3255 2083 3286 Uno
2098 3255 2214 3292 modo,
2239 3266 2275 3286 ex
2292 3256 2442 3288 creditis:
2465 3262 2502 3288 ut

307 3297 523 3337 incomplexis,
548 3302 603 3328 aut
625 3295 725 3337 ipsius
749 3305 817 3327 esse
840 3302 975 3328 tantum.
1427 3304 1503 3338 puta
1527 3297 1552 3327 si
1577 3297 1691 3328 dicenti
1711 3298 1800 3339 quod
1815 3298 1921 3330 omnis
1938 3309 2003 3330 una
2021 3309 2070 3329 res
2089 3308 2226 3330 numero
2242 3307 2289 3332 est
2313 3311 2377 3332 una
2395 3301 2502 3343 hypo·
2549 3308 2553 3313 '

366 3341 418 3371 111.
442 3340 546 3371 Prima
563 3340 727 3372 conclusio
742 3341 904 3381 probatur.
924 3340 1020 3372 Nulla
1039 3341 1169 3373 scientia
1187 3342 1301 3383 probat
1317 3350 1374 3372 sua
1427 3341 1544 3377 statice,
1569 3342 1752 3382 respondet:
1781 3343 1917 3384 «Nego,
1942 3342 2018 3384 quia
2042 3343 2129 3374 Deus
2153 3351 2200 3375 est
2223 3344 2334 3376 trinus.
2351 3358 2366 3373 »
2392 3345 2434 3377 Et
2457 3345 2502 3376 sic

309 3385 471 3426 principia,
496 3386 550 3416 sed
574 3395 610 3416 ex
634 3385 678 3416 eis
702 3385 937 3416 conclusiones:
963 3395 1047 3425 ergo.
1069 3404 1088 3408 -
1104 3386 1145 3417 Et
1169 3385 1375 3417 confirmatur
1427 3386 1616 3426 theologalis
1632 3387 1750 3418 solutio
1775 3397 1841 3418 non
1865 3387 1961 3418 solvit
1983 3387 2043 3418 nisi
2063 3388 2231 3420 credendo.
2249 3407 2269 3412 -
2292 3389 2367 3420 Alio
2387 3389 2500 3426 modo,

310 3429 447 3460 secunda
462 3439 534 3469 pars
549 3429 773 3466 conclusionis,
785 3429 970 3461 auctoritate
982 3430 1140 3470 Apostoli,
1159 3430 1225 3462 lad
1237 3430 1312 3461 Cor.
1323 3439 1373 3460 xv.
1429 3440 1466 3461 ex
1480 3430 1754 3471 propositionibus
1769 3432 1868 3470 scitis,
1885 3432 2072 3472 simpliciter
2087 3433 2137 3463 vel
2150 3434 2257 3473 quoad
2271 3434 2349 3465 hoc:
2374 3440 2408 3465 ut
2423 3440 2503 3474 puta

366 3473 510 3504 Secunda
532 3483 607 3504 vero
632 3481 662 3505 et
685 3473 783 3510 tertia,
809 3473 914 3514 primo
938 3473 1034 3504 simul
1058 3475 1240 3515 probantur.
1269 3474 1375 3506 Scien-
1429 3474 1454 3505 si
1477 3475 1700 3515 responderet:
1729 3475 1847 3515 «Nego
1867 3475 1899 3506 in
1916 3486 1948 3506 re
1964 3475 2086 3508 infinita
2101 3486 2137 3507 »ι
2163 3487 2229 3508 non
2249 3478 2324 3520 quia
2340 3477 2417 3509 sciat
2433 3477 2502 3509 eius

310 3518 353 3549 tia
376 3528 523 3558 suprema
546 3518 626 3548 inter
649 3518 802 3559 physicas,
828 3518 967 3559 disputat
991 3525 1098 3549 contra
1127 3526 1275 3560 negantes
1291 3518 1375 3560 prin-
1430 3519 1715 3555 contradictoriam,
1733 3519 1849 3551 scilicet
1868 3530 1920 3551 res
1944 3520 2069 3562 infinita
2091 3526 2138 3552 est
2147 3522 2264 3563 plures
2281 3523 2481 3564 hypostatice
2486 3532 2501 3560 ,·

312 3562 408 3603 cipia;
434 3568 464 3593 et
494 3561 633 3593 defendit
663 3562 816 3593 solvendo
845 3562 974 3598 saltem,
1011 3562 1036 3593 si
1070 3563 1149 3594 nihil
1184 3563 1374 3595 concedunt.
1429 3563 1485 3593 sed
1508 3563 1583 3604 quia
1606 3563 1663 3594 scit
1691 3563 1834 3603 negative
1865 3565 1991 3596 nullum
2015 3565 2122 3596 haberi
2153 3565 2261 3598 efficax
2294 3566 2438 3598 medium
2462 3566 2502 3597 ad

313 3606 397 3646 Ergo
422 3613 452 3637 et
475 3606 551 3637 haec
575 3606 717 3637 doctrina
744 3606 837 3638 habet
865 3613 1047 3648 utrumque.
1066 3625 1085 3630 -
1101 3608 1300 3639 Antecedens
1323 3607 1375 3638 de·
1429 3606 1517 3638 illam
1541 3608 1740 3648 probandam
1765 3606 1816 3650 (et
1840 3608 1952 3640 dicitur
1976 3610 2052 3640 scire
2077 3611 2239 3651 negative,
2259 3611 2390 3652 quando
2410 3610 2502 3642 nullo

314 3650 446 3681 claratur
475 3660 511 3680 ex
542 3650 712 3681 differentia
735 3650 815 3682 inter
846 3650 989 3682 scientias
1020 3651 1182 3683 inferiores
1211 3659 1241 3683 et
1267 3661 1376 3692 supre-
1432 3651 1539 3682 medio
1565 3651 1687 3692 cogitur
1710 3652 1910 3695 intellectus).
1936 3654 1976 3685 Et
2000 3654 2043 3686 sic
2067 3654 2237 3696 theologus
2254 3654 2347 3686 solvit
2363 3665 2399 3686 ex
2418 3654 2503 3686 scitis
