2768 4178
68 1095 78 1104 ·
92 1094 139 1121 Qu.
150 1099 213 1115 xxvn
222 1109 228 1119 ,
243 1093 281 1114 In-

69 1121 139 1146 trod.;
155 1126 194 1148 qu.
207 1126 279 1146 xxxii,

70 1151 112 1168 art.
127 1152 147 1174 3.

69 1253 79 1263 ⁴*
93 1252 122 1273 D.
138 1252 187 1273 1161.

71 1354 79 1362 ¹
96 1352 133 1374 cf.
149 1358 187 1380 qu.
202 1358 280 1378 xxxii,

70 1383 112 1401 art.
128 1385 143 1406 1,
159 1380 187 1399 ad
202 1385 218 1400 ι.

303 262 377 299 366

357 342 502 379 Dicitur
530 350 658 379 autem
677 343 830 392 proprie
850 345 1013 380 verbum
1042 344 1080 380 in
1109 345 1206 390 Deo,
1236 356 1369 380 secun-

306 397 398 433 dum
427 396 532 443 quod
565 397 729 433 verbum
758 396 943 443 significat
971 404 1200 444 conceptum
1227 396 1370 433 intelle-

306 457 396 485 ctus.
427 449 539 486 Unde
567 449 800 496 Augustinus
834 450 932 496 dicit,
963 449 1000 485 in
1028 450 1099 485 XV
1126 449 1172 485 de
1204 450 1239 485 T
1235 449 1306 486 rin.
1327 448 1368 485 *ι

309 502 482 549 Quisquis
500 507 623 549 potest
641 502 847 552 intelligere
868 503 1038 548 verbum,
1060 514 1134 538 non
1162 502 1283 538 solum
1303 514 1370 538 an-

306 561 454 602 tequam
488 560 612 601 sonet,
642 566 773 591 verum
812 556 923 592 etiam
952 561 1153 603 antequam
1189 567 1370 591 sonorum

306 608 384 644 eius
403 608 589 657 imagines
617 608 842 657 cogitatione
869 608 1120 653 involvantur,
1150 608 1227 644 iam
1250 613 1372 656 potest

305 660 432 697 videre
458 661 626 708 aliquam
653 661 765 698 Verbi
791 661 888 697 illius
915 661 1205 707 similitudinem,
1234 662 1280 697 de
1297 672 1370 709 quo

306 713 445 750 dictum
465 719 538 750 est:
566 715 612 750 In
626 714 815 762 principio
835 720 919 750 erat
942 715 1116 751 Verbum.
1138 715 1222 762 Ipse
1243 722 1371 750 autem

307 774 514 815 conceptus
543 767 667 804 cordis
697 767 744 804 de
773 767 918 804 ratione
947 779 1015 803 sua
1047 767 1161 803 habet
1190 766 1295 814 quod
1324 767 1372 802 ab

307 819 380 855 alio
409 820 603 867 procedat,
625 820 762 856 scilicet
781 833 802 857 a
822 820 952 857 notitia
976 819 1230 868 concipientis.
1261 819 1372 856 Unde

306 872 492 919 verbum,
523 873 735 910 secundum
770 873 876 921 quod
908 872 1061 921 proprie
1091 872 1224 909 dicitur
1252 872 1290 908 in
1320 871 1372 908 di-

306 925 416 971 vinis,
446 925 631 973 significat
658 926 796 974 aliquid
826 927 873 963 ab
903 926 976 962 alio
1003 925 1238 974 procedens:
1269 925 1373 974 quod

306 978 467 1026 pertinet
505 979 552 1016 ad
587 979 773 1015 rationem
812 979 1013 1016 nominum
1046 978 1306 1027 personalium
1335 978 1374 1014 in

309 1031 456 1078 divinis,
487 1044 533 1068 eo
563 1032 668 1079 quod
699 1044 888 1080 personae
917 1032 1069 1069 divinae
1098 1031 1376 1079 distinguuntur

308 1084 520 1121 secundum
540 1079 737 1132 originem,
767 1092 808 1121 ut
832 1085 974 1122 dictum
996 1093 1051 1122 est
1069 1085 1100 1122 ³⁸.
1130 1085 1241 1122 Unde
1262 1097 1375 1133 opor-

307 1144 359 1174 tet
387 1138 491 1185 quocl
520 1150 664 1174 nomen
686 1137 815 1184 Verbi,
845 1138 1058 1175 secundum
1087 1138 1192 1186 quod
1221 1138 1374 1187 proprie

307 1190 347 1226 in
367 1190 503 1227 divinis
523 1190 713 1239 accipitur,
740 1203 820 1227 non
839 1199 1010 1228 sumatur
1030 1191 1285 1239 essentialiter,
1306 1191 1375 1228 sed

307 1243 556 1292 personaliter
583 1251 730 1280 tantum
749 1243 779 1280 ³⁸.

362 1298 419 1333 AD
449 1309 585 1334 PRIMUM
614 1308 712 1334 ERGO
745 1309 929 1334 DICENDUM
967 1296 1072 1345 quod
1100 1297 1248 1344 Ariani,
1279 1309 1375 1345 quo-

309 1361 394 1386 rum
414 1350 498 1386 fons
520 1350 704 1398 Origenes
733 1350 922 1387 invenitur
939 1349 970 1397 ³¹⁶,
999 1358 1211 1399 posuerunt
1238 1350 1376 1387 Filium

309 1402 425 1439 alium
453 1409 464 1422 ⁹
493 1416 515 1439 a
543 1404 654 1440 Patre
688 1412 771 1440 esse
804 1403 841 1440 in
880 1403 1095 1440 diversitate
1132 1403 1375 1441 substantiae.

309 1456 420 1493 Unde
441 1456 566 1493 conati
586 1463 684 1503 sunt,
702 1469 788 1493 cum
811 1456 925 1493 Filius
945 1456 1017 1493 Dei
1036 1458 1207 1494 Verbum
1228 1457 1374 1504 dicitur,

310 1516 478 1546 astruere
497 1521 575 1546 non
596 1521 678 1546 esse
697 1509 850 1558 proprie
874 1509 1034 1556 dictum;
1060 1522 1120 1557 ne,
1142 1511 1212 1547 sub
1234 1511 1377 1547 ratione

309 1562 418 1599 verbi
455 1562 716 1611 procedentis,
747 1570 972 1610 cogerentur
1000 1563 1105 1600 fateri
1134 1563 1271 1600 Filium
1304 1563 1376 1600 Dei

310 1628 388 1652 non
418 1628 499 1652 esse
520 1623 622 1652 extra
646 1616 894 1653 substantiam
923 1616 1064 1663 Patris;
1093 1629 1183 1653 nam
1211 1617 1375 1654 verbum

310 1669 465 1705 interius
494 1668 546 1706 sic
567 1681 589 1706 a
608 1669 756 1706 dicente
783 1669 966 1718 procedit,
996 1669 1101 1717 quod
1121 1670 1159 1706 in
1185 1670 1268 1718 ipso
1298 1682 1377 1707 ma-

311 1730 386 1759 net.
406 1743 431 1749 -
452 1722 528 1759 Sed
566 1735 722 1759 necesse
751 1730 825 1769 est,
861 1722 892 1759 si
918 1723 1073 1771 ponitur
1106 1723 1268 1760 verbum
1303 1723 1375 1760 Dei

311 1775 570 1823 metaphorice
600 1775 760 1822 dictum,
789 1775 896 1823 quod
923 1783 1088 1824 ponatur
1111 1777 1275 1813 verbum
1305 1777 1376 1813 Dei

310 1828 464 1877 proprie
494 1828 648 1865 dictum.
680 1828 902 1866 Nonenim
929 1837 1054 1877 potest
1091 1829 1232 1877 aliquid
1260 1837 1378 1866 meta-

311 1881 467 1930 phorice
494 1882 658 1918 verbum
683 1879 696 1905 ξ
725 1881 809 1928 dici,
839 1882 909 1918 nisi
938 1882 1082 1919 ratione
1111 1882 1379 1919 manifestatio-

312 1935 388 1972 nis:
420 1934 508 1983 quia
540 1935 603 1971 vel
640 1935 854 1971 manifestat
892 1935 987 1972 sicut
1013 1936 1198 1982 verbum,
1226 1936 1289 1972 vel
1324 1943 1380 1973 est

310 1988 431 2025 verbo
461 1988 753 2025 manifestatum.
785 1987 825 2024 Si
853 1995 982 2025 autem
1013 1996 1068 2025 est
1096 1988 1378 2026 manifestatum

310 2042 444 2088 verbo,
466 2048 615 2089 oportet
634 2053 778 2090 ponere
805 2041 969 2078 verbum
998 2054 1076 2091 quo
1106 2042 1376 2079 manifestetur.

314 2094 353 2131 Si
382 2102 510 2131 autem
537 2094 671 2131 dicitur
697 2095 862 2131 verbum
891 2095 979 2144 quia
998 2099 1010 2115 ⁰
1031 2095 1192 2132 exterius
1221 2095 1378 2132 manife-

313 2155 394 2193 stat,
426 2160 470 2184 ea
499 2160 595 2196 quae
626 2147 784 2184 exterius
813 2148 1066 2195 manifestant,
1096 2161 1174 2185 non
1205 2149 1380 2186 dicuntur

312 2202 431 2237 verba
446 2200 516 2237 nisi
535 2200 759 2249 inquantum
779 2201 990 2248 significant
1009 2201 1226 2238 interiorem
1242 2202 1379 2239 mentis

314 2261 555 2301 conceptum,
573 2266 688 2301 quem
705 2253 838 2302 aliquis
859 2254 972 2291 etiam
988 2266 1057 2302 per
1077 2254 1259 2291 exteriora
1274 2256 1380 2302 signa

314 2306 538 2343 manifestat.
569 2307 648 2343 Etsi
678 2319 767 2354 ergo
787 2308 949 2344 verbum
979 2307 1182 2355 aliquando
1198 2313 1216 2329 π
1237 2307 1380 2344 dicatur

313 2359 573 2408 metaphorice
589 2359 627 2396 in
646 2359 795 2406 divinis,
811 2367 940 2397 tamen
960 2368 1110 2408 oportet
1128 2372 1272 2409 ponere
1288 2361 1381 2398 Ver-

314 2413 408 2449 bum
436 2412 588 2461 proprie
618 2412 778 2459 dictum,
812 2413 917 2460 quod
945 2413 1193 2462 personaliter
1221 2413 1376 2451 dicatur.

367 2468 425 2502 AD
455 2477 644 2503 SECUNDUM
672 2477 856 2503 mOENDUM
875 2466 978 2515 quod
1005 2466 1096 2503 nihil
1126 2478 1260 2503 eorum
1280 2479 1378 2516 quae

315 2519 363 2557 ad
399 2519 628 2555 intellectum
666 2518 874 2567 pertinent,
903 2519 1153 2568 personaliter
1180 2519 1314 2557 dicitur
1341 2520 1379 2557 in

315 2571 462 2618 divinis,
484 2571 555 2609 nisi
582 2572 708 2608 solum
726 2572 918 2609 Verbum:
948 2573 1074 2609 solum
1095 2573 1197 2610 enim
1216 2574 1380 2610 verbum

315 2625 499 2673 significat
518 2625 657 2674 aliquid
685 2625 733 2662 ab
754 2625 826 2662 alio
849 2638 1044 2662 emanans.
1076 2625 1118 2663 Id
1147 2626 1248 2663 enim
1274 2626 1378 2675 quod

314 2678 522 2715 intellectus
556 2678 595 2715 in
631 2678 879 2726 concipiendo
917 2679 1076 2726 format,
1111 2686 1167 2716 est
1201 2680 1376 2717 verbum.

316 2732 527 2768 Intellectus
556 2738 683 2768 autem
704 2731 796 2780 ipse,
826 2733 1038 2769 secundum
1062 2732 1168 2780 quod
1197 2741 1252 2769 est
1269 2738 1285 2763 Ρ
1312 2745 1381 2782 per

316 2784 483 2833 speciem
502 2784 769 2832 intelligibilem
795 2785 833 2822 in
862 2793 960 2832 actu,
982 2785 1241 2822 consideratur
1268 2786 1379 2823 abso-

316 2838 402 2874 lute.
432 2838 481 2874 Et
500 2837 668 2874 similiter
694 2837 907 2885 intelligere,
929 2838 1033 2887 quod
1057 2838 1106 2875 ita
1126 2851 1167 2875 se
1194 2839 1309 2876 habet
1329 2839 1378 2877 ad

315 2890 544 2927 intellectum
578 2890 615 2926 in
646 2898 752 2937 actu,
783 2891 878 2928 sicut
906 2904 988 2928 esse
1017 2891 1066 2929 ad
1101 2904 1168 2929 ens
1203 2892 1242 2929 in
1277 2900 1379 2929 actu:

315 2956 394 2980 non
414 2943 516 2980 enim
544 2943 748 2991 intelligere
777 2944 961 2992 significat
988 2945 1178 2982 actionem
1199 2946 1246 2982 ab
1274 2945 1380 2983 intel-

315 2996 449 3044 ligente
470 3004 684 3044 exeuntem,
706 2997 772 3034 sed
791 2997 829 3034 in
847 2998 1075 3045 intelligente
1099 3006 1332 3036 manentem.
1353 3020 1377 3027 -

316 3050 416 3086 Cum
446 3062 535 3098 ergo
565 3049 698 3086 dicitur
727 3050 829 3099 quod
857 3051 1018 3088 verbum
1049 3058 1104 3088 est
1131 3052 1271 3098 notitia,
1301 3064 1380 3089 non

315 3102 493 3151 accipitur
520 3103 648 3140 notitia
676 3115 746 3151 pro
767 3111 852 3140 actu
872 3103 1080 3141 intellectus
1101 3105 1377 3152 cognoscentis,

315 3156 376 3192 vel
394 3167 464 3204 pro
486 3155 612 3204 aliquo
633 3155 713 3193 eius
731 3156 880 3193 habitu:
906 3157 973 3194 sed
993 3170 1062 3205 pro
1084 3170 1130 3194 eo
1151 3158 1255 3206 quod
1275 3158 1379 3195 intel-

368 3262 391 3294 ν)
410 3262 502 3286 alium.
520 3275 538 3281 —-
557 3262 619 3287 Om.
637 3262 738 3286 codices
758 3266 783 3286 et
801 3262 851 3287 ab.

370 3296 392 3329 ξ)
413 3298 528 3322 verbum.
547 3312 566 3316 -
585 3297 646 3322 Om.
660 3297 757 3321 BCDE.

369 3334 394 3365 ο)
413 3333 484 3365 quia.
501 3346 520 3352 -
538 3332 610 3365 quod
626 3332 680 3357 DG.
698 3346 717 3352 -
734 3333 785 3357 Pro
800 3332 962 3366 manifestat,
976 3334 1165 3367 manifestatur
1177 3334 1275 3363 Aemi,-
1295 3339 1320 3359 et
1332 3341 1380 3367 pro

317 3368 497 3401 manifestant,
518 3367 724 3400 manifestantur
742 3368 848 3393 PBFab.

370 3403 398 3435 π)
418 3403 572 3435 aliquando.
589 3416 609 3422 —
627 3403 735 3435 aliquod
754 3403 863 3428 codices.

371 3438 395 3471 ρ)
415 3442 462 3463 est.
480 3452 498 3457 —
516 3442 556 3463 est
575 3438 600 3463 in
621 3441 681 3463 actu
701 3438 826 3468 ABCDE;
847 3446 907 3463 mox
927 3438 952 3463 in
972 3442 1033 3464 actu
1052 3447 1105 3464 orn.
1125 3439 1261 3464 ACEsBD.

371 3473 396 3505 σ)
417 3481 495 3498 nunc.
512 3487 531 3492 -
549 3481 600 3498 non
621 3474 792 3505 PBCDEFpA
812 3478 836 3498 et
854 3474 904 3498 ab.
923 3488 941 3492 —
961 3474 1010 3499 Pro
1030 3475 1165 3500 dimittere
1178 3475 1278 3506 possit,
1293 3473 1381 3507 possit

316 3508 441 3533 amittere
460 3509 584 3538 ABCDE.
599 3509 686 3540 possit
704 3509 839 3534 dimittere
858 3509 911 3534 FG.

371 3543 395 3575 τ)
415 3543 519 3575 accipit.
537 3557 555 3563 -
573 3543 673 3575 accepit
691 3545 812 3569 ABCDE.

371 3580 396 3610 υ)
418 3578 522 3603 Dicens.
540 3592 559 3598 -
578 3580 638 3603 Om.
654 3580 681 3603 P.
699 3593 717 3598 —
736 3580 799 3604 Post
816 3580 936 3612 singulus
955 3580 1002 3605 AG
1022 3581 1119 3605 addunt
1137 3580 1291 3606 intellectus.

372 3613 400 3647 φ)
419 3614 478 3638 soli.
496 3627 515 3632 -
533 3614 594 3639 Om.
614 3614 712 3639 ACDE.

977 265 1244 312 QUAESTIO
1274 266 1453 311 XXXIV,
1486 266 1778 303 ARTICULUS
1809 267 1823 302 I

1424 345 1541 381 lectus
1571 344 1733 393 concipit
1762 345 2042 392 cognoscendo.
2073 345 2185 382 Unde
2205 353 2240 381 et
2258 345 2492 392 Augustinus

1426 397 1513 434 dicit
1535 397 1555 418 ’⁵‘
1583 398 1688 445 quod
1716 398 1888 434 Verbum
1919 406 1974 434 est
2000 398 2182 446 sapientia
2207 398 2357 447 genita:
2386 398 2492 447 quod
2519 407 2581 461 2735
2593 406 2734 461 {agust-fib-

1425 450 1516 486 nihil
1532 450 1632 487 aliud
1649 458 1704 487 est
1718 463 1834 499 quam
1851 451 1933 499 ipsa
1955 451 2152 499 conceptio
2174 450 2372 499 sapientis:
2394 463 2492 499 quae

1427 503 1539 539 etiam
1566 503 1647 551 pari
1674 503 1793 540 modo
1829 504 1957 540 notitia
1984 504 2112 553 genita
2143 503 2215 540 dici
2242 511 2378 552 potest.
2399 524 2423 531 -
2444 504 2494 540 Et

1425 568 1494 604 per
1523 556 1689 593 eundem
1714 557 1876 593 modum
1904 564 2029 605 potest
2057 556 2209 604 intelligi
2239 557 2343 604 quod
2371 557 2494 593 dicere

1427 609 1511 645 Deo
1541 609 1586 645 sit
1612 610 1812 659 cogitando
1841 610 1988 655 intueri,
2016 610 2243 657 inquantum
2271 609 2411 646 scilicet
2438 609 2493 646 in-

1426 661 1520 698 tuitu
1546 662 1781 709 cogitationis
1801 662 1952 700 divinae
1982 662 2192 711 concipitur
2207 663 2380 699 Verbum
2409 662 2491 698 Dei.

1433 714 1677 764 Cogitationis
1696 723 1825 752 tamen
1844 727 1986 752 nomen
2006 715 2079 752 Dei
2092 716 2222 753 Verbo
2241 715 2395 764 proprie
2415 727 2494 751 non

1429 767 1627 804 convenit:
1658 768 1745 804 dicit
1765 768 1867 805 enim
1886 768 2131 816 Augustinus,
2161 769 2232 805 XV
2259 769 2306 805 de
2328 770 2364 805 T
2360 768 2430 805 rin.
2452 767 2492 804 *z

1427 820 1487 855 Ita
1519 820 1655 856 dicitur
1686 820 1778 857 illud
1811 822 1973 858 Verbum
2010 822 2104 868 Dei,
2140 827 2179 857 ut
2205 822 2382 871 cogitatio
2417 833 2492 858 non

1428 872 1596 918 dicatur‚·
1624 885 1671 909 ne
1698 873 1840 921 aliquid
1857 885 1935 910 esse
1954 875 2063 922 quasi
2078 874 2242 911 volubile
2261 875 2437 911 credatur
2456 874 2493 911 in

1429 926 1523 971 Deo,
1544 925 1646 973 quod
1671 938 1772 962 nunc
1791 932 1804 946 ³
1832 926 1991 974 accipiat
2007 928 2183 974 formam
2203 933 2245 963 ut
2260 928 2417 964 verbum
2435 927 2494 972 sit,

1429 989 1588 1026 eamque
1610 978 1793 1015 dimittere
1803 979 1933 1027 possit,
1953 985 2065 1027 atque
2084 980 2296 1029 informiter
2314 980 2495 1028 quodam-

1430 1031 1540 1067 modo
1568 1030 1741 1068 volutari.
1780 1031 1966 1079 Cogitatio
1997 1032 2099 1069 enim
2126 1033 2279 1081 proprie
2307 1033 2346 1070 in
2374 1032 2496 1081 inqui-

1429 1083 1563 1121 sitione
1583 1083 1750 1121 veritatis
1779 1084 1958 1132 consistit,
1988 1097 2086 1134 quae
2106 1085 2145 1122 in
2163 1087 2249 1122 Deo
2269 1086 2398 1122 locum
2417 1098 2497 1123 non

1429 1137 1554 1174 habet.
1587 1138 1687 1175 Cum
1706 1149 1800 1174 vero
1820 1137 2027 1174 intellectus
2046 1137 2123 1175 iam
2144 1138 2193 1175 ad
2212 1138 2378 1175 formam
2396 1138 2496 1175 veri-

1429 1190 1512 1227 tatis
1540 1190 1724 1240 pertingit,
1750 1203 1829 1228 non
1859 1191 2006 1239 cogitat,
2027 1192 2094 1228 sed
2114 1191 2279 1240 perfecte
2298 1191 2497 1228 veritatem

1431 1244 1720 1293 contemplatur.
1750 1244 1862 1281 Unde
1882 1245 2088 1281 Anselmus
2107 1244 2315 1293 improprie
2335 1244 2498 1294 accipit*

1431 1297 1699 1345 cogitationem
1716 1307 1798 1346 ‘pro
1827 1297 2147 1346 contemplatione.

1483 1351 1542 1387 AD
1570 1362 1730 1388 TERTnJM
1758 1362 1942 1388 DICENDUM
1970 1350 2096 1399 quod,
2126 1350 2232 1398 sicut,
2261 1349 2416 1399 proprie
2443 1350 2499 1387 lo-

1431 1403 1598 1452 quendo,
1618 1404 1790 1440 Verbum
1810 1403 1944 1441 dicitur
1961 1403 2210 1452 personaliter
2237 1403 2276 1440 in
2305 1403 2443 1440 divinis
2462 1410 2500 1440 et

1431 1469 1510 1494 non
1530 1457 1785 1504 essentialiter,
1801 1456 1852 1494 ita
1868 1465 1903 1493 et
1921 1457 2055 1494 dicere.
2076 1457 2200 1504 Unde,
2217 1456 2311 1493 sicut
2324 1457 2498 1493 Verbum

1432 1522 1511 1547 non
1540 1517 1595 1547 est
1623 1512 1831 1547 'commune
1859 1510 1960 1547 Patri
1980 1518 2016 1547 et
2041 1510 2135 1547 Filio
2165 1517 2202 1546 et
2230 1509 2385 1559 Spiritui
2404 1510 2499 1546 San-

1433 1571 1514 1610 cto,
1545 1563 1595 1600 ita
1623 1575 1702 1600 non
1732 1571 1787 1600 est
1812 1575 1950 1600 verum
1979 1563 2084 1613 quod
2112 1564 2225 1600 Pater
2253 1570 2289 1599 et
2317 1561 2434 1599 Filius
2463 1569 2500 1600 et

1433 1617 1592 1665 Spiritus
1622 1617 1783 1653 Sanctus
1802 1616 1875 1653 sint
1892 1628 1992 1653 unus
2021 1616 2163 1654 dicens.
2191 1616 2304 1653 Unde
2323 1615 2499 1664 Augusti-

1432 1682 1504 1707 nus
1533 1669 1632 1717 dicit,
1660 1670 1730 1707 VII
1750 1670 1796 1706 de
1818 1671 1854 1706 T
1849 1670 1921 1706 rin.
1941 1669 1978 1706 *t
2007 1670 2147 1706 Dicens
2166 1674 2180 1689 ⁰
2207 1669 2270 1706 illo
2299 1674 2498 1706 coaeterno
2526 1666 2537 1678 ²

1438 1724 1559 1761 Verbo
1579 1734 1654 1760 non
1673 1722 1845 1772 singulus
1864 1723 2084 1772 intelligitur
2103 1723 2140 1759 in
2160 1722 2305 1759 divinis.
2329 1721 2407 1759 Sed
2425 1722 2502 1758 dici

1433 1773 1792 1813 convenit‘cuilibet
1817 1788 2026 1824 personae:
2057 1775 2192 1812 dicitur
2210 1775 2312 1812 enim
2341 1787 2420 1812 non
2439 1787 2500 1812 so-

1432 1830 1512 1866 lum
1540 1830 1717 1875 verbum,
1747 1829 1814 1866 sed
1840 1841 1900 1865 res
1929 1840 2026 1878 quae
2045 1828 2168 1865 verbo
2197 1827 2410 1875 intelligitur
2436 1828 2500 1865 vel

1432 1882 1674 1930 significatur.
1701 1881 1763 1918 Sic
1784 1893 1872 1929 ergo
1893 1881 1959 1919 uni
1978 1881 2048 1918 soli
2062 1886 2078 1911 P
2096 1893 2284 1930 personae
2303 1880 2343 1918 in
2362 1880 2500 1918 divinis

1433 1935 1613 1972 convenit
1641 1935 1714 1972 dici
1743 1947 1788 1971 eo
1818 1934 1938 1972 modo
1967 1947 2044 1983 quo
2075 1934 2210 1972 dicitur
2235 1934 2420 1972 verbum:
2451 1945 2499 1971 eo

1431 2001 1526 2026 vero
1555 1988 1674 2025 modo
1704 2000 1781 2038 quo
1809 1987 1943 2025 dicitur
1970 2000 2029 2025 res
2057 1987 2096 2025 in
2114 1988 2236 2025 verbo
2264 1987 2451 2024 intellecta
2468 1991 2499 2034 κ,

1433 2041 1584 2079 cuilibet
1612 2053 1799 2091 personae
1828 2041 2007 2079 convenit
2035 2041 2120 2078 dici.
2150 2042 2263 2078 Pater
2291 2040 2414 2088 enim,
2444 2039 2500 2077 in-

1431 2095 1634 2143 telligendo
1663 2106 1703 2132 se
1734 2102 1770 2131 et
1797 2094 1935 2131 Filium
1964 2102 2000 2131 et
2028 2094 2210 2143 Spiritum
2239 2094 2435 2140 Sanctum,
2465 2101 2502 2131 et

1433 2149 1564 2185 omnia
1592 2148 1665 2185 alia
1692 2160 1791 2196 quae
1821 2147 1901 2185 eius
1929 2147 2084 2185 scientia
2121 2147 2380 2194 continentur,
2411 2158 2500 2184 con-

1433 2201 1522 2250 cipit
1539 2202 1731 2238 Verbum:
1761 2208 1803 2237 ut
1829 2201 1883 2238 sie
1902 2208 1980 2238 tota
1999 2201 2165 2238 Trinitas
2182 2200 2313 2237 Verbo
2343 2200 2499 2247 dicatur,

1434 2262 1469 2291 et
1489 2254 1602 2291 etiam
1623 2253 1747 2290 omnis
1772 2261 1962 2299 creatura;
1992 2254 2088 2291 sicut
2105 2254 2314 2291 intellectus
2333 2253 2500 2290 hominis

1431 2308 1553 2344 verbo
1583 2307 1688 2355 quod
1717 2306 1882 2355 concipit
1908 2306 2150 2354 intelligendo
2170 2306 2337 2356 lapidem
2353 2305 2380 2353 Ψ,
2409 2306 2501 2355 lapi-

1433 2360 1524 2397 dem
1553 2359 1651 2397 dicit.
1672 2380 1696 2387 -
1716 2361 1922 2396 Anselmus
1949 2371 2043 2396 vero
2081 2359 2288 2408 improprie
2317 2359 2463 2408 accepit
2481 2365 2500 2381 ¹·

1432 2414 1556 2450 dicere
1569 2425 1639 2462 pro
1659 2412 1876 2462 intelligere.
1899 2413 2009 2459 Quae
2028 2420 2159 2450 tamen
2179 2412 2370 2450 differunt.
2395 2413 2499 2450 Nam

1433 2466 1641 2516 intelligere
1653 2465 1834 2515 importat
1849 2467 1970 2502 solam
1985 2466 2249 2503 habitudinem
2264 2465 2499 2514 intelligentis

1433 2519 1483 2557 ad
1511 2531 1592 2556 rem
1631 2518 1880 2565 intellectam;
1918 2519 1956 2555 in
1984 2531 2061 2567 qua
2087 2520 2191 2556 nulla
2218 2518 2312 2555 ratio
2346 2518 2498 2566 originis

1433 2573 1670 2622 importatur,
1691 2572 1758 2609 sed
1778 2573 1904 2609 solum
1923 2571 2139 2609 informatio
2159 2571 2350 2620 quaedam
2378 2571 2417 2609 in
2443 2571 2500 2609 in-

1432 2627 1582 2664 tellectu
1611 2633 1753 2672 nostro,
1782 2632 1895 2674 prout
1918 2624 2127 2662 intellectus
2146 2632 2276 2662 noster
2293 2625 2337 2662 fit
2355 2624 2394 2662 in
2412 2632 2500 2662 actu

1432 2691 1502 2729 per
1516 2679 1682 2716 formam
1702 2678 1755 2715 rei
1773 2678 1996 2715 intellectae.
2018 2679 2060 2715 In
2075 2679 2160 2715 Deo
2177 2685 2305 2715 autem
2320 2677 2500 2727 importat

1434 2732 1701 2770 omnimodam
1721 2731 1971 2768 identitatem:
1991 2731 2080 2780 quia
2099 2731 2139 2769 in
2157 2731 2243 2768 Deo
2264 2739 2319 2768 est
2338 2731 2498 2768 omnino

1433 2786 1536 2823 idem
1565 2785 1773 2822 intellectus
1802 2793 1838 2821 et
1864 2784 2107 2832 intellectum,
2131 2792 2173 2822 ut
2193 2797 2308 2834 supra
2325 2784 2346 2806 ²¹⁸
2373 2791 2498 2822 osten-

1433 2851 1519 2876 sum
1549 2846 1605 2875 est
1622 2844 1670 2875 α’.
1700 2838 1778 2875 Sed
1805 2838 1929 2874 dicere
1946 2838 2126 2887 importat
2151 2837 2406 2886 principaliter
2432 2838 2499 2875 ha-

1433 2891 1644 2930 bitudinem
1682 2891 1731 2928 ad
1767 2892 1931 2928 verbum
1971 2898 2223 2940 conceptum:
2262 2890 2353 2927 nihil
2394 2889 2498 2927 enirn

1434 2953 1489 2982 est
1517 2944 1619 2982 aliud
1646 2945 1769 2982 dicere
1801 2957 1917 2993 quam
1944 2945 2113 2993 proferre
2140 2944 2318 2981 verbum.
2358 2943 2436 2980 Sed
2462 2941 2499 2972 θ’

1434 2998 1623 3036 mediante
1660 2998 1783 3035 verbo
1819 2998 1999 3047 importat
2033 2996 2296 3035 habitudinem
2329 2995 2379 3033 ad
2416 3007 2498 3034 rem

1434 3051 1681 3099 intellectam,
1712 3063 1812 3100 quae
1840 3051 1877 3088 in
1904 3051 2026 3088 verbo
2054 3050 2201 3099 prolato
2239 3049 2500 3086 manifestatur

1432 3103 1657 3152 intelligenti.
1688 3105 1736 3140 Et
1755 3103 1807 3140 sic
1827 3105 1906 3140 sola
1934 3115 2100 3153 persona
2128 3115 2227 3152 quae
2245 3103 2389 3151 profert
2405 3102 2500 3140 Ver-

1434 3158 1549 3202 bum,
1584 3164 1640 3194 est
1668 3156 1797 3193 dicens
1826 3157 1863 3194 in
1893 3156 2049 3195 divinis:
2080 3168 2168 3193 cum
2195 3163 2326 3193 tamen
2353 3155 2499 3204 singula

1484 3263 1513 3298 χ)
1533 3263 1559 3288 in
1580 3263 1658 3288 verbo
1677 3263 1819 3288 intellecta.
1836 3276 1854 3282 —-
1874 3262 1952 3288 verbo
1968 3261 2109 3294 BCEFpA,
2129 3260 2226 3286 omittit
2243 3261 2275 3292 D,
2294 3261 2427 3287 intellecta
2445 3262 2499 3287 edi-

1431 3298 1467 3322 tio
1486 3306 1512 3323 a.

1486 3332 1514 3367 ψ)
1534 3333 1613 3358 verbo
1626 3333 1697 3365 quod
1715 3333 1830 3365 concipit
1848 3332 2020 3366 intelligendo
2038 3332 2162 3364 lapidem.
2180 3346 2200 3351 -
2218 3332 2326 3357 verbum
2339 3331 2377 3364 (in
2392 3332 2452 3357 add.
2464 3331 2498 3364 A)

1433 3368 1605 3401 intelligendo
1614 3369 1763 3400 concipiens
1773 3368 1894 3398 ABCDE,
1905 3367 1985 3393 verbo
1994 3367 2110 3400 concipit
2124 3367 2296 3401 intelligendo
2309 3367 2460 3400 concipiens
2468 3367 2498 3396 F.

1433 3404 1539 3429 verbum
1558 3404 1673 3436 concipit
1698 3404 1870 3437 intelligendo
1891 3403 2006 3435 lapidem
2026 3403 2064 3434 G,
2084 3403 2139 3428 alia
2157 3402 2265 3428 littera:
2283 3402 2362 3428 verbo
2380 3403 2452 3436 quod
2470 3402 2497 3427 in

1432 3439 1604 3472 intelligendo
1629 3439 1745 3471 concipit
1770 3446 1860 3471 margo
1878 3439 1913 3468 Α,
1942 3438 2049 3463 verbum
2074 3438 2189 3471 concipit
2214 3437 2386 3471 intelligendo
2411 3437 2452 3463 ed.
2465 3437 2497 3466 b,

1433 3475 1511 3499 verbo
1530 3474 1602 3507 quod
1619 3474 1734 3506 concipit
1753 3473 1923 3506 intelligendo
1943 3473 1971 3498 P.

1485 3510 1516 3541 ω)
1537 3510 1682 3541 improprie
1704 3509 1814 3541 accepit.
1831 3522 1851 3527 -
1868 3508 1970 3540 accepit
1994 3508 2141 3541 improprie
2158 3508 2265 3540 ABDE,
2283 3507 2380 3541 accipit
2397 3507 2497 3540 impro-

1427 3544 1490 3576 prie
1509 3544 1584 3569 CFG.

1487 3579 1532 3611 αα)
1552 3579 1599 3604 sed
1616 3580 1700 3604 solum
1720 3579 1876 3613 informatio
1887 3595 1912 3605 ..0
1925 3582 2058 3604 ostensum
2077 3582 2126 3605 est.
2142 3592 2162 3599 -
2180 3579 2242 3604 Om.
2260 3578 2420 3611 BCDEFpA.

1488 3613 1529 3647 ββ)
1549 3614 1612 3639 Sed.
1630 3628 1648 3635 —-
1668 3615 1703 3639 Et
1722 3614 1832 3639 codices.
1850 3629 1869 3633 -
1887 3614 1913 3639 in
1933 3620 1991 3639 ante
2011 3615 2090 3640 verbo
2107 3622 2160 3640 om.
2178 3613 2321 3640 ABCDEF.

2522 773 2533 784 ⁸
2548 772 2606 801 cap.
2619 778 2667 794 xvr.

2623 2306 2648 2380 84

2525 2784 2537 2796 ⁸
2547 2783 2595 2812 Qu.
2605 2789 2654 2813 xiv,
2663 2787 2707 2807 m.
2716 2789 2742 2813 ι,
2764 2806 2768 2810 ,
