2768 4178
25 785 36 796 ⁴
51 784 80 806 D.
96 789 149 812 ¹¹57·

37 3661 216 3688 ·texmsprtm0
227 3667 247 3682 ιι.
275 3649 453 3680 secundum
477 3650 610 3690 planum
633 3650 752 3681 litterae
779 3659 926 3686 sensum,
950 3656 1052 3681 textus
1076 3649 1128 3680 ille
1148 3649 1166 3669 '⁸‘

269 284 340 309 110
981 271 1250 318 QUAESTIO
1281 272 1350 319 XI,
1380 271 1679 309 ARTICULUS
1710 271 1741 307 Il

266 351 436 389 cundum
464 351 569 400 quid,
591 358 648 388 est
675 351 822 387 malum
851 350 1089 400 simpliciter3
1114 351 1178 388 vel
1207 362 1227 387 e
1248 363 1338 387 con-

265 418 392 442 verso.
429 405 478 442 Et
515 403 684 442 similiter
712 403 817 453 quod
846 412 903 441 est
938 416 1061 441 unum
1095 403 1337 453 simpliciter,

268 466 324 495 est
351 458 472 495 multa
501 457 717 495 secundum
746 457 855 507 quid3
887 464 923 494 et
951 470 971 494 e
1002 463 1203 494 converso.

319 513 379 548 AD
409 523 600 549 SECUNDUM
629 522 814 548 DICENDUM
833 510 939 559 quod
960 510 1100 560 duplex
1120 517 1176 547 est
1193 517 1338 547 totum:

267 564 467 614 quoddam
494 565 798 612 homogeneum,
819 564 925 613 quod
954 563 1199 612 componitur
1228 575 1273 600 ex
1293 563 1339 600 si-

267 617 420 655 milibus
447 617 635 666 partibus3
666 618 867 666 quoddam
895 630 991 655 vero
1019 618 1339 665 heterogeneum,

266 670 374 719 quod
394 670 638 720 componitur
658 683 704 708 ex
723 671 967 709 dissimilibus
987 670 1169 719 partibus.
1187 671 1230 707 In
1247 682 1341 718 quo-

266 724 357 761 libet
384 731 514 761 autem
534 731 614 761 toto
643 725 903 773 homogeneo,
925 731 1049 761 totum
1070 723 1307 760 constituitur
1329 720 1342 744 ⁰

267 789 313 814 ex
327 777 499 827 partibus
514 777 743 815 habentibus
758 778 925 815 formam
943 777 1057 815 totius
1067 776 1099 823 ²¹²,
1116 776 1212 814 sicut
1226 788 1342 825 quae-

266 830 357 868 libet
374 843 464 880 pars
483 843 607 880 aquae
637 840 693 869 est
720 843 842 880 aqua:
873 838 909 868 et
936 831 1020 868 talis
1050 837 1106 867 est
1125 829 1341 867 constitutio

268 884 437 921 continui
466 896 511 921 ex
530 884 609 922 suis
627 884 810 934 partibus.
832 886 874 921 In
894 884 1066 934 quolibet
1085 891 1214 921 autem
1234 890 1242 904 ⁴
1260 890 1342 919 toto

266 938 546 986 heterogeneo‚
577 937 768 987 quaelibet
801 950 890 987 pars
919 945 1022 975 caret
1054 938 1181 974 forma
1208 936 1342 974 totius:

268 991 372 1028 nulla
410 990 512 1028 enim
545 1003 634 1040 pars
668 991 809 1028 domus
838 999 895 1028 est
923 991 1082 1038 domus,
1118 1003 1190 1028 nec
1217 989 1343 1039 aliqua

266 1056 355 1093 pars
383 1044 551 1081 hominis
581 1052 636 1081 est
663 1045 797 1082 homo.
832 1045 882 1082 Et
908 1045 986 1081 tale'>
1010 1042 1135 1081 totum
1165 1051 1222 1081 est
1248 1044 1344 1080 mul-

267 1098 400 1135 titudo.
423 1099 654 1147 Inquantum
676 1110 766 1146 ergo
789 1110 878 1147 pars
908 1097 989 1135 eius
1016 1110 1097 1135 non
1124 1097 1243 1135 habet
1270 1097 1345 1134 for-

268 1163 374 1188 mam
404 1150 666 1198 multitudinis,
684 1151 928 1200 componitur
956 1150 1160 1188 multitudo
1191 1163 1238 1188 ex
1264 1151 1346 1188 uni-

267 1204 419 1250 tatibus,
440 1204 535 1241 sicut
563 1204 705 1242 domus
725 1217 772 1242 ex
800 1217 879 1242 non
909 1204 1110 1242 domibus:
1139 1217 1219 1242 non
1240 1205 1346 1254 quod

267 1257 430 1295 unitates
473 1258 704 1296 constituant
742 1258 1025 1296 multitudinem
1063 1257 1279 1296 secundum
1307 1257 1347 1295 id

269 1311 374 1360 quod
403 1311 549 1350 habent
586 1311 633 1349 de
672 1311 818 1349 ratione
846 1311 1107 1361 indivisionis⁷
1136 1319 1252 1361 prout
1279 1323 1347 1361 op-

267 1371 493 1414 ponuntur*
519 1365 773 1412 multitudini;
800 1365 869 1403 sed
897 1365 1112 1403 secundum
1135 1366 1212 1402 hoc
1240 1364 1347 1414 quod

268 1419 412 1456 habent
441 1418 489 1456 de
519 1419 693 1457 entitate:
729 1419 825 1456 sicut
861 1427 898 1456 et
925 1426 1052 1469 partes
1087 1418 1228 1456 domus
1258 1431 1348 1455 con-

268 1472 426 1510 stituunt
464 1473 627 1510 domum
664 1484 735 1522 per
770 1473 846 1510 hoc
883 1472 991 1521 quod
1028 1480 1117 1510 sunt
1154 1472 1348 1522 quaedam

270 1538 446 1575 corpora,
467 1539 546 1564 non
574 1539 645 1576 per
672 1527 749 1563 hoc
777 1526 884 1575 quod
913 1533 1001 1564 sunt
1020 1538 1100 1563 non
1121 1525 1274 1563 domus.

323 1639 347 1673 θ)
367 1644 452 1666 totum
471 1640 681 1666 constituitur.—
699 1639 873 1665 constituitur
892 1643 977 1665 totum
997 1640 1189 1673 homogeneum
1208 1640 1238 1665 B.

323 1677 341 1709 ι)
361 1680 460 1702 autem.
474 1691 493 1696 —
512 1683 575 1701 vero
595 1676 706 1700 codices.

324 1713 348 1744 κ)
368 1715 548 1745 opponuntur.
560 1726 579 1731 —
598 1711 743 1744 opponitur
762 1710 877 1736 BDEFG
897 1715 922 1736 et
943 1711 984 1736 ed.
1004 1718 1030 1736 a.

322 1747 351 1781 λ)
372 1748 576 1781 inquantum...
594 1747 690 1772 divisa.
704 1761 722 1766 -
741 1747 899 1779 inquantum
919 1747 1003 1772 multa
1021 1750 1085 1772 sunt
1103 1746 1191 1772 divisa
1210 1746 1322 1771 codIces.

1446 352 1506 387 AD
1534 362 1695 388 Teanum
1724 362 1910 388 mei-:noum
1948 350 2054 399 quod
2087 349 2252 386 multum
2286 349 2470 399 accipitur

1395 403 1604 452 dupliciter.
1625 404 1713 441 Uno
1743 404 1876 451 modo,
1898 403 2089 440 absolute:
2116 410 2152 439 et
2180 401 2234 439 sic
2262 402 2471 452 opponitur

1393 457 1471 494 uni.
1491 456 1579 494 Alio
1605 456 1738 504 modo,
1760 457 1975 494 secundum
2005 456 2111 506 quod
2139 455 2322 505 importat
2343 468 2469 493 exces-

1395 522 1482 548 sum
1515 509 1736 560 quendam:
1776 517 1813 547 et
1846 510 1900 548 sic
1938 509 2147 560 opponitur
2178 521 2317 558 pauco,
2357 509 2469 547 Unde

1394 563 1522 614 primo
1537 563 1659 601 modo
1675 563 1765 601 duo
1770 571 1859 601 sunt
1875 564 2012 610 multa;
2034 575 2115 601 non
2124 569 2265 600 autem
2281 562 2468 603 secundo.

1448 618 1508 654 An
1537 628 1711 660 QUARTUM
1739 629 1925 655 monimum
1957 617 2066 666 quod
2104 628 2228 654 unum
2261 616 2471 665 opponitur

1394 669 1584 720 privative
1603 658 1745 729 multis,
1763 671 1992 719 inquantum
2021 670 2059 708 in
2088 670 2234 707 ratione
2258 670 2471 707 multorum

1397 730 1454 760 est
1472 724 1579 772 quod
1597 723 1671 760 sint
1692 723 1856 761 divisa.
1833 723 1846 744 ³
1886 724 2000 762 Unde
2020 730 2174 773 oportet
2197 722 2304 772 quod
2333 723 2469 761 divisio

1396 776 1443 814 sit
1470 776 1577 826 prius
1603 776 1760 825 unitate,
1789 789 1870 814 non
1896 777 2130 826 simpliciter,
2156 776 2226 814 sed
2253 777 2470 815 secundum

1396 829 1586 867 rationem
1606 837 1760 867 nostrae
1781 830 2111 879 apprehensionis.
2131 830 2472 880 Apprehendimus

1399 882 1502 920 enim
1535 882 1724 932 simplicia
1756 895 1828 932 per
1860 884 2097 933 composita:
2129 883 2235 921 unde
2265 883 2470 922 definimus
2501 921 2505 923 ,

1397 943 1598 986 punctum,
1619 936 1723 973 ouius
1736 948 1832 985 pars
1860 949 1935 974 non
1964 943 2028 984 est,
2048 939 2111 975 vel
2130 944 2150 965 ‘²
2171 936 2403 987 principium
2429 938 2470 974 li-

1399 1002 1503 1027 neae.
1535 989 1614 1027 Sed
1633 989 1852 1037 multitudo,
1873 990 1987 1027 etiam
2007 991 2223 1029 secundum
2242 991 2431 1028 rationem
2446 997 2470 1040 ⁹,

1399 1049 1682 1092 consequenter
1700 1055 1741 1080 se
1761 1043 1879 1080 habet
1897 1043 1948 1081 ad
1965 1056 2106 1082 unum:
2135 1044 2227 1093 quia
2250 1044 2372 1082 divisa
2392 1057 2471 1082 non

1397 1097 1642 1145 intelligimus
1660 1096 1804 1133 habere
1824 1096 2015 1134 rationem
2035 1097 2297 1146 multitudinis,
2313 1098 2386 1136 nisi
2403 1110 2473 1158 per

1398 1151 1475 1188 hoc
1504 1150 1609 1200 quod
1637 1150 1786 1199 utrique
1802 1147 1815 1173 ε
1839 1149 2052 1188 divisorum
2081 1151 2322 1189 attribuimus
2349 1151 2473 1189 unita-

1398 1211 1491 1242 tem.
1521 1203 1633 1242 Unde
1661 1215 1784 1240 unum
1810 1203 1967 1253 ponitur
1993 1203 2032 1241 in
2053 1204 2277 1243 definitione
2306 1204 2474 1242 multitu-

1401 1257 1517 1296 dinis:
1547 1270 1628 1294 non
1652 1264 1781 1294 autern
1806 1257 2010 1296 multitudo
2039 1257 2078 1295 in
2107 1258 2329 1296 definitione
2347 1257 2472 1296 unius.

1401 1311 1480 1349 Sed
1509 1310 1646 1349 divisio
1667 1310 1768 1348 cadit
1794 1310 1834 1348 in
1862 1310 2055 1348 intellectu
2084 1324 2130 1349 ex
2157 1312 2242 1361 ipsa
2270 1310 2474 1360 negatione

1403 1364 1512 1402 entis.
1543 1366 1599 1402 Ita
1618 1364 1724 1414 quod
1742 1363 1870 1414 primo
1892 1364 1992 1402 cadit
2019 1364 2059 1402 in
2086 1365 2278 1403 intellectu
2298 1377 2387 1411 ens;
2417 1377 2475 1403 se-

1401 1418 1543 1463 cundo,
1573 1418 1679 1467 quod
1706 1418 1783 1455 hoc
1812 1430 1880 1455 ens
1899 1430 1980 1455 non
1999 1425 2056 1455 est
2074 1418 2167 1457 illud
2187 1431 2266 1467 ens,
2288 1426 2325 1456 et
2344 1418 2398 1456 sic
2417 1430 2475 1456 se-

1402 1471 1530 1509 cundo
1546 1477 1559 1492 ⁰
1579 1470 1907 1520 apprehendimus
1927 1471 2175 1520 divisionem;
2195 1473 2317 1521 tertio,
2333 1484 2475 1521 unum3

1402 1532 1551 1574 quart0,
1581 1524 1876 1562 multitudinem.

1454 1639 1482 1674 μ.)
1502 1640 1551 1665 νει.
1564 1653 1584 1659 -
1603 1640 1643 1665 vel
1661 1640 1733 1673 quod
1751 1641 1799 1673 pB,
1818 1640 1860 1665 vel
1877 1640 1949 1673 quod
1966 1641 2003 1666 sit
2021 1641 2064 1670 sB,
2085 1644 2114 1666 ut
2133 1641 2162 1665 F.

1453 1675 1477 1708 ν)
1497 1675 1639 1701 rationem.
1652 1689 1671 1696 -·
1688 1675 1907 1708 apprehensionis
1926 1676 2024 1701 addunt
2042 1676 2096 1701 BD.

1454 1709 1479 1743 Ε)
1499 1711 1613 1744 utrique.
1626 1726 1645 1730 -
1664 1711 1805 1744 unicuique
1824 1711 1856 1736 G.

1455 1747 1481 1780 ο)
1499 1746 1624 1772 secundo.
1642 1760 1661 1766 -
1679 1747 1742 1772 Om.
1760 1747 1871 1772 codices.

959 1829 1293 1863 Commentariis.
1315 1828 1566 1862 cardinalis
1588 1829 1789 1863 Caietam

332 1926 440 1947 nurus
464 1915 575 1946 clarus.
597 1933 616 1938 —
638 1915 673 1945 In
698 1925 832 1955 corpore
861 1925 925 1946 una
950 1915 1131 1951 conclusio,
1159 1913 1344 1954 responsiva

273 1929 477 2002 Tquaesito
506 1959 707 1990 affirmative:
735 1960 847 1991 Unum
876 1959 1052 2000 opponitur
1076 1958 1186 1990 multis
1215 1957 1343 1988 diversi-

271 2006 378 2037 mode.

325 2050 491 2081 Probatur.
516 2048 638 2084 Unum,
655 2048 850 2089 principium
867 2047 1002 2084 numeri,
1016 2047 1194 2088 opponitur
1209 2056 1345 2077 numero

273 2102 309 2126 ut
324 2103 473 2125 mensura
491 2099 692 2124 mensurato:
717 2103 822 2124 unum
838 2100 947 2124 autem
962 2101 1154 2123 conversum
1171 2101 1246 2122 cum
1262 2097 1344 2127 ente,

273 2138 450 2180 opponitur
481 2144 517 2169 ut
543 2137 718 2168 indivisum
746 2137 859 2168 diviso.
890 2137 988 2178 Ergo.
1012 2155 1033 2160 —
1056 2137 1256 2168 Antecedens
1286 2145 1345 2176 pro

274 2184 376 2224 prima
405 2189 494 2223 parte
522 2182 676 2222 probatur
699 2192 736 2213 ex
759 2182 789 2213 X
810 2182 1016 2223 MetaphysA
1046 2181 1123 2222 quia
1153 2181 1209 2212 uni
1239 2179 1346 2221 primo

274 2227 422 2259 convenit
436 2236 596 2262 mensura,
613 2233 644 2256 et
660 2235 813 2257 numerus
829 2233 876 2257 est
888 2225 1063 2256 multitudo
1076 2231 1267 2256 mensurata.
1284 2224 1346 2254 Pro

274 2271 413 2303 secunda
436 2277 532 2311 patet.
558 2269 799 2312 Consequentia
821 2277 929 2301 autem
954 2277 1001 2301 est
1020 2269 1164 2300 evidens:
1189 2268 1265 2310 quia
1286 2267 1347 2298 alia

275 2323 322 2348 est
345 2315 509 2356 oppositio
533 2314 672 2351 relativa,
689 2315 750 2346 alia
772 2314 935 2355 privativa.

329 2361 365 2391 II.
387 2360 524 2390 Adverte
540 2359 591 2390 hic
607 2359 706 2400 quod,
723 2358 871 2400 quamvis
886 2359 988 2390 littera
1004 2357 1147 2389 intendat
1163 2357 1202 2388 de
1219 2356 1347 2387 diversis

275 2404 450 2436 unitatibus
474 2410 505 2435 et
522 2403 783 2435 multitudinibus
805 2403 907 2445 loqui,
928 2413 965 2434 ex
987 2402 1047 2434 hac
1074 2409 1182 2433 tamen
1205 2401 1348 2432 doctrina

275 2449 398 2490 optime
422 2448 579 2479 deducere
602 2448 721 2489 poteris
742 2448 831 2490 quod
855 2448 966 2479 eadem
990 2447 1110 2483 unitas,
1135 2446 1348 2477 diversimode

275 2501 413 2534 sumpta,
438 2492 556 2524 scilicet
579 2499 616 2524 ut
638 2492 833 2534 principium
858 2491 983 2523 numeri
1008 2499 1038 2523 et
1061 2498 1097 2522 ut
1119 2491 1264 2528 indivisa,
1292 2501 1349 2531 op-

274 2538 407 2580 ponitur
425 2537 640 2568 diversimode
664 2537 768 2568 eidem
799 2535 999 2568 multitudini
1019 2535 1232 2566 diversimode
1260 2545 1348 2566 surn-

274 2589 357 2624 ptine,
382 2582 501 2613 scilicet
519 2582 578 2612 sub
603 2581 726 2613 ratione
747 2581 873 2612 numeri
898 2588 929 2612 et
951 2581 1011 2612 sub
1035 2579 1158 2611 ratione
1181 2579 1282 2611 divisi.
1307 2580 1349 2610 Et

274 2627 319 2658 sic
341 2628 420 2658 haec
443 2626 604 2657 distinctio
628 2626 686 2657 erit
709 2626 906 2667 quandoque
928 2633 1055 2662 rerum,
1080 2625 1277 2666 quandoque
1300 2634 1348 2655 ra-

274 2672 412 2703 tionum.
433 2671 475 2703 Et
498 2671 628 2712 quando
652 2677 700 2702 est
723 2670 896 2707 rationum,
919 2670 1069 2701 convenit
1092 2669 1220 2711 utrique
1243 2668 1300 2700 uni
1319 2675 1349 2700 et

274 2717 402 2758 utrique
427 2715 644 2747 multitudini:
670 2712 827 2756 quoniam
859 2722 890 2746 et
920 2725 1024 2746 unum
1048 2723 1241 2746 conversum
1274 2723 1349 2744 cum

275 2768 347 2793 ente
379 2759 574 2801 principium
607 2766 654 2790 est
684 2760 811 2790 numeri
833 2759 1100 2795 transcendentis,
1128 2766 1159 2790 et
1188 2768 1292 2790 unum
1316 2758 1348 2788 in

274 2805 533 2847 praedicamento
557 2803 742 2846 quantitatis
766 2811 813 2835 est
836 2804 1020 2836 indivisum.

328 2850 381 2881 111.
399 2849 435 2880 In
458 2849 666 2890 responsione
682 2849 722 2879 ad
741 2849 928 2886 secundum,
945 2849 1081 2880 dubium
1102 2847 1249 2884 occurrit,
1266 2857 1348 2888 quo-

275 2895 375 2926 modo
393 2893 573 2926 verificatur
590 2893 680 2935 quod
696 2893 870 2924 multitudo
887 2893 1095 2934 componitur
1111 2902 1147 2923 ex
1162 2892 1348 2928 unitatibus,

275 2949 339 2971 non
362 2939 538 2970 secundum
564 2938 597 2969 id
619 2938 705 2979 quod
726 2938 842 2969 habent
864 2938 904 2969 de
927 2938 1130 2976 indivisione,
1154 2937 1212 2969 sed
1234 2946 1347 2968 secun-

274 2984 350 3015 dum
375 2983 408 3014 id
430 2983 516 3025 quod
537 2982 654 3014 habent
671 2982 712 3014 de
726 2984 866 3013 entitate.
892 2983 965 3014 Hoc
981 2982 1068 3013 enim
1087 2982 1120 3012 in
1140 2981 1347 3013 multitudine

274 3027 517 3064 transcendenti,
538 3027 577 3058 de
593 3037 658 3068 qua
679 3026 783 3058 littera
801 3026 955 3068 loquitur,
974 3026 1141 3058 manifeste
1161 3032 1208 3058 est
1226 3026 1348 3066 impos-

275 3073 375 3104 sibile.
400 3071 566 3111 Quoniam
590 3078 646 3103 aut
668 3071 719 3102 hic
737 3078 783 3102 est
806 3081 911 3102 sermo
928 3072 967 3102 de
990 3070 1197 3102 multitudine
1213 3078 1250 3102 ut
1264 3070 1348 3101 mul-

274 3117 379 3149 titudo
403 3123 465 3153 est;
491 3123 547 3148 aut
570 3116 609 3147 de
633 3116 726 3147 rebus
750 3115 870 3147 multis.
895 3117 970 3146 Non
994 3116 1033 3146 de
1056 3116 1151 3146 rebus
1174 3114 1295 3151 multis,
1313 3121 1349 3146 ut

275 3169 361 3202 patet
385 3171 421 3192 ex
444 3161 475 3191 vi
499 3160 677 3202 argumenti
705 3166 735 3191 et
758 3160 992 3200 responsionis,
1019 3170 1094 3191 cum
1117 3159 1234 3191 dicitur
1257 3159 1347 3201 quod

274 3206 450 3237 multitudo
475 3212 522 3237 est
544 3212 652 3237 totum
667 3205 928 3245 heterogeneum.
949 3205 996 3235 De
1019 3205 1088 3245 ipsa
1107 3210 1217 3235 autem
1240 3203 1348 3235 multi—

275 3250 395 3287 tudine,
419 3256 544 3282 constat
566 3249 656 3291 quod
679 3259 746 3280 non
770 3249 977 3290 componitur
1000 3259 1037 3280 ex
1059 3250 1154 3280 rebus
1177 3248 1271 3285 unis,
1291 3249 1346 3279 sed

276 3305 312 3326 ex
336 3294 528 3326 unitatibus:
554 3293 698 3336 alioquin
722 3293 896 3325 multitudo
920 3294 1153 3330 transcendens,
1179 3300 1215 3324 ut
1238 3293 1347 3324 multi-

275 3339 355 3370 tudo
379 3346 435 3376 est,
452 3346 533 3371 esset
548 3338 733 3376 substantia,
750 3344 861 3380 utpote
878 3348 915 3369 ex
937 3338 1119 3370 substantiis
1135 3347 1242 3369 rerum
1258 3346 1346 3369 com-

275 3390 391 3424 posita.

333 3428 385 3458 lV.
402 3428 454 3458 Ad
476 3427 538 3458 hoc
563 3428 678 3459 dicitur
696 3428 786 3469 quod
806 3434 871 3458 tam
895 3437 999 3458 unum
1015 3437 1114 3468 quam
1138 3427 1240 3458 multa
1262 3432 1346 3457 uan-

276 3472 470 3508 scendenter‚
487 3472 572 3503 sumi
586 3479 724 3513 possunt
739 3471 922 3512 dupliciter:
940 3482 1007 3502 uno
1027 3471 1138 3508 modo,
1153 3471 1345 3503 substantia-

277 3516 371 3554 liter-‚⁶
394 3516 457 3546 alio
482 3517 591 3553 modo,
609 3517 804 3557 completive,
823 3525 878 3547 seu
894 3515 1095 3556 formaliter.
1120 3515 1152 3547 Si
1177 3521 1346 3547 sumantur

276 3560 381 3601 primo
405 3561 516 3597 modo,
533 3568 656 3592 constat
672 3561 761 3602 quod
785 3560 959 3592 multitudo
977 3560 1183 3600 componitur
1199 3570 1236 3591 ex
1251 3559 1345 3590 rebus

276 3605 359 3641 unis,
377 3612 407 3636 et
431 3605 520 3646 quod
544 3612 590 3636 est
613 3605 797 3642 substantia,
818 3615 873 3637 seu
898 3615 953 3636 ens
978 3605 1074 3636 reale:
1100 3611 1130 3636 et
1154 3605 1198 3636 sic
1221 3603 1346 3635 videtur

1192 3649 1343 3690 interpre-

1398 1914 1525 1945 tandus.
1542 1931 1560 1937 -
1582 1914 1624 1944 Et
1647 1914 1673 1944 si
1698 1914 1879 1946 obiiciatur:
1905 1925 1986 1956 ergo
2010 1925 2074 1946 non
2100 1916 2243 1957 loquitur
2269 1917 2309 1948 de
2332 1918 2476 1950 multitu·

1397 1959 1474 1990 dine
1481 1957 1688 2000 formaliter,
1705 1958 1829 1990 dicetur
1851 1959 1942 2000 quod
1957 1959 2104 2000 loquitur
2122 1961 2162 1991 de
2181 1961 2390 1993 multitudine
2413 1962 2478 1994 for-

1399 2003 1525 2034 maliter
1546 2008 1702 2044 quantum
1726 2003 1771 2034 ad
1793 2003 1827 2034 id
1848 2004 1935 2045 quod
1957 2004 2091 2035 realiter
2114 2010 2170 2036 est.

1452 2047 1558 2079 Altius
1581 2054 1690 2078 tamen
1706 2054 1802 2089 atque
1820 2047 1987 2079 formalius
2011 2049 2189 2090 loquendo,
2206 2049 2381 2081 dicendum
2396 2049 2476 2083 mihi

1398 2092 1526 2123 videtur
1541 2092 1631 2133 quod
1655 2091 1707 2123 hic
1730 2099 1778 2123 est
1800 2102 1906 2124 sermo
1927 2092 1966 2123 de
1982 2093 2104 2125 unitate
2127 2100 2159 2125 et
2181 2094 2389 2126 multitudine
2411 2094 2476 2127 for·
2500 2088 2501 2091 ¹

1399 2137 1524 2168 maliter
1547 2143 1579 2167 et
1602 2136 1839 2168 universaliter:
1865 2144 1896 2168 et
1918 2137 2009 2179 quod
2040 2147 2096 2178 per
2123 2138 2177 2169 illa
2198 2139 2310 2176 verba,
2336 2140 2478 2172 unitates

1399 2181 1575 2212 secundum
1600 2181 1634 2211 id
1655 2181 1741 2222 quod
1763 2182 1880 2212 habent
1902 2182 1943 2212 de
1965 2183 2107 2221 entitate,
2124 2193 2190 2214 non
2212 2183 2351 2215 intendit
2371 2183 2478 2216 littera

1399 2235 1467 2256 rem
1490 2235 1573 2266 quae
1598 2231 1645 2256 est
1667 2234 1750 2262 una;
1775 2225 1831 2256 sed
1854 2225 1992 2257 intendit
2018 2225 2122 2267 ipsam
2147 2227 2278 2259 unitatis
2310 2235 2475 2267 naturam,

1399 2276 1498 2311 prout
1521 2268 1601 2300 entis
1624 2276 1732 2301 actum
1751 2276 1884 2301 exercet.
1910 2270 2009 2308 Quod
2026 2277 2062 2302 ut
2078 2271 2193 2302 clarius
2216 2271 2420 2313 percipiatur,
2437 2273 2477 2305 ab

1400 2324 1467 2346 uno
1490 2313 1523 2344 in
1553 2323 1668 2354 genere
1699 2314 1886 2355 quantitatis
1915 2314 2118 2356 incipiamus.
2148 2315 2262 2347 Unitas
2290 2317 2330 2347 de
2361 2327 2478 2358 genere

1400 2358 1585 2400 quantitatis
1609 2358 1694 2389 sumi
1717 2365 1824 2399 potest
1846 2359 2027 2400 dupliciter.
2051 2359 2127 2391 Uno
2151 2360 2263 2397 modo,
2288 2366 2324 2392 ut
2347 2366 2394 2393 est
2409 2371 2473 2394 non

1401 2413 1567 2442 numerus,
1585 2403 1676 2444 quod
1695 2409 1742 2434 est
1757 2413 1826 2434 esse
1841 2413 1909 2434 non
1925 2404 2062 2435 divisam
2077 2404 2111 2435 in
2131 2415 2174 2442 se,
2195 2405 2476 2446 quemadmodum

1401 2457 1556 2479 numerus
1579 2454 1626 2479 est
1649 2447 1770 2479 divisus
1793 2447 1826 2479 in
1850 2448 1958 2489 plures
1981 2448 2129 2480 unitates.
2154 2449 2196 2480 Et
2211 2449 2256 2482 sic
2275 2456 2362 2491 patet
2385 2451 2476 2492 quod

1401 2503 1469 2524 non
1493 2492 1661 2534 componit
1681 2501 1872 2529 numerum;
1898 2492 1981 2524 sicut
1999 2503 2058 2524 nec
2081 2503 2145 2524 non
2169 2494 2284 2526 domus
2306 2495 2476 2536 componit

1402 2537 1550 2568 domum.
1573 2536 1648 2568 Alio
1673 2537 1784 2573 modo,
1810 2542 1846 2568 ut
1869 2542 1916 2570 est
1938 2538 1971 2568 in
1995 2547 2030 2569 se
2053 2538 2128 2569 talis
2151 2539 2279 2577 entitas,
2303 2545 2382 2580 puta
2397 2539 2477 2572 acci·

1402 2582 1495 2612 dens:
1520 2588 1551 2613 et
1574 2581 1618 2612 sic
1642 2581 1811 2622 componit
1827 2591 2010 2613 numerum.
2035 2582 2148 2613 Unitas
2163 2592 2297 2624 quoque
2313 2589 2475 2615 transcen-

1401 2627 1480 2657 dens
1504 2625 1674 2667 dupliciter
1696 2626 1781 2656 sumi
1805 2632 1920 2667 potest.
1945 2626 2065 2663 Primo,
2089 2632 2124 2658 ut
2142 2632 2188 2658 est
2212 2627 2360 2666 indivisa,
2385 2628 2477 2670 quod

1402 2677 1449 2702 est
1471 2680 1539 2702 esse
1562 2680 1626 2702 non
1651 2670 1907 2702 multitudinem:
1930 2678 1961 2702 et
1984 2671 2029 2702 sie
2051 2671 2252 2712 impossibile
2273 2679 2320 2703 est
2339 2682 2476 2714 compo-

1401 2725 1476 2747 nere
1499 2714 1751 2751 multitudinem,
1769 2715 1892 2746 ratione
1909 2715 2001 2747 dicta.
2026 2715 2102 2747 Alio
2121 2716 2233 2753 modo,
2248 2717 2424 2749 secundum
2441 2717 2476 2750 id

1401 2760 1485 2802 quod
1503 2765 1562 2798 est,
1578 2759 1659 2791 idest
1678 2759 1857 2790 secundum
1870 2759 1975 2800 ipsam
1985 2760 2196 2812 negationem
2215 2760 2391 2799 divisionis,
2406 2771 2475 2794 non

1400 2805 1595 2846 inquantum
1619 2811 1740 2835 exercet
1755 2811 1863 2835 actum
1880 2804 2078 2845 privationis,
2095 2805 2151 2836 sed
2169 2805 2365 2846 inquantum
2379 2805 2476 2838 habet

1401 2849 1482 2881 entis
1505 2848 1678 2880 rationem:
1703 2855 1735 2880 et
1758 2848 1801 2879 sic
1829 2849 1997 2889 componit
2027 2849 2269 2881 multitudinem
2298 2849 2476 2882 formaliter

1377 2892 1381 2895 “
1401 2900 1431 2925 et
1454 2893 1646 2934 completive
1664 2899 1838 2934 sumptam.
1862 2893 1907 2924 Ita
1922 2894 2012 2935 quod
2031 2894 2109 2933 haec
2125 2892 2296 2930 distinctio,
2313 2900 2474 2926 contracta

1401 2939 1441 2969 ad
1464 2947 1569 2969 unum
1583 2945 1614 2969 et
1629 2938 1731 2969 multa
1753 2938 2020 2988 transcendentem
2037 2947 2104 2969 non
2127 2944 2175 2969 est
2193 2937 2354 2969 distinctio
2367 2937 2473 2990 priva-

1400 2982 1496 3014 tionis
1512 2993 1531 3013 a
1546 2982 1689 3014 subiecto
1713 2981 1870 3023 positivo;
1896 2983 1952 3013 sed
1975 2989 2023 3014 est
2044 2981 2206 3014 distinctio
2222 2988 2312 3013 actus
2327 2982 2473 3023 privativi

1399 3027 1438 3058 ab
1458 3033 1530 3058 actu
1550 3026 1700 3068 positivo.
1726 3027 1771 3057 lta
1795 3027 1885 3068 quod
1908 3027 1978 3067 ipsa
1991 3026 2151 3063 indivisio,
2167 3032 2204 3058 ut
2219 3033 2341 3058 exercet
2363 3033 2471 3058 actum

1400 3071 1596 3112 privationis,
1615 3081 1682 3102 non
1697 3071 1878 3112 componit;
1895 3078 1926 3102 et
1940 3071 2085 3112 ipsamet,
2099 3077 2136 3102 ut
2149 3070 2318 3102 cuiusdam
2334 3071 2472 3104 entitatis

1399 3116 1556 3147 rationem
1579 3115 1683 3152 habet,
1708 3115 1876 3156 componit
1899 3115 2152 3151 multitudinem;
2176 3125 2268 3157 quae,
2293 3115 2473 3147 secundum

1399 3160 1573 3196 veritatem,
1589 3159 1772 3200 negativum
1788 3170 1842 3190 ens
1859 3159 2034 3191 formaliter
2049 3166 2103 3196 est,
2121 3159 2222 3199 magis
2238 3169 2338 3201 quam
2353 3170 2468 3192 unum.

1399 3222 1419 3227 —
1435 3204 1476 3235 Et
1499 3204 1589 3245 quod
1611 3204 1688 3235 haec
1711 3204 1750 3235 sit
1773 3214 1864 3235 mens
1891 3204 2029 3240 litterae,
2053 3213 2120 3235 non
2143 3204 2252 3235 solum
2275 3213 2312 3235 ex
2341 3204 2468 3236 formali

1399 3258 1495 3280 sensu
1518 3255 1620 3290 patet;
1645 3249 1701 3280 sed
1724 3258 1761 3279 ex
1784 3249 1992 3290 responsione
2015 3248 2056 3279 ad
2078 3255 2246 3289 quartum,
2278 3248 2333 3279 ubi
2356 3248 2471 3280 dicitur

1400 3293 1489 3335 quod
1505 3293 1604 3324 divisa
1628 3303 1695 3324 non
1711 3293 1828 3324 habent
1851 3292 2007 3324 rationem
2021 3292 2246 3330 multitudinis,
2263 3294 2327 3324 nisi
2342 3298 2470 3325 utrum-

1399 3347 1461 3378 que
1482 3337 1657 3369 divisorum
1680 3337 1795 3368 habeat
1818 3338 1974 3368 rationem
1992 3337 2099 3368 unius.
2123 3337 2184 3367 Hic
2203 3336 2289 3368 enim
2303 3336 2469 3369 manifeste

1399 3382 1545 3422 apparuit
1563 3382 1653 3423 quod
1672 3381 1846 3413 multitudo
1863 3380 2037 3412 formaliter
2052 3390 2089 3411 ex
2104 3381 2278 3413 unitatibus
2294 3380 2471 3413 formaliter

1399 3426 1573 3466 consurgit.
1598 3433 1629 3457 et
1649 3432 1879 3466 consequenter
1894 3435 1930 3456 ex
1946 3425 2178 3477 negationibus,
2193 3425 2350 3467 quoniam
2365 3425 2468 3457 solam

1398 3470 1601 3510 negationem
1633 3469 1806 3501 formaliter
1829 3469 1942 3500 addere
1967 3470 2117 3501 docuerat
2139 3470 2172 3501 in
2195 3469 2394 3511 praecedenti
2417 3479 2467 3500 ar—

1397 3514 1506 3545 ticulo.

1453 3559 1491 3590 V.
1513 3558 1548 3588 In
1571 3557 1779 3599 responsione
1803 3557 1843 3588 ad
1866 3564 2031 3599 quartum,
2060 3558 2196 3590 dubium
2219 3557 2366 3595 occurrit,
2385 3567 2468 3598 quo-

1397 3602 1497 3633 modo
1521 3601 1721 3633 verificantur
1736 3602 1789 3632 illa
1807 3603 1915 3633 verba:
1940 3603 2052 3634 divisio
2069 3608 2115 3634 est
2128 3603 2224 3644 prior
2247 3603 2382 3639 unitate,
2402 3611 2467 3632 non

1396 3647 1593 3687 simpliciter,
1610 3646 1666 3677 sed
1679 3646 1853 3677 secundum
1872 3652 2002 3678 nostrae
2015 3647 2278 3688 apprehensionis
2295 3647 2465 3678 rationem.

2596 944 2618 1014 «τ

2764 1120 2768 1131 -
2764 1085 2768 1096 -
2763 1055 2768 1066 -
2760 896 2768 1033 ι,-μ...ς.“.
2762 844 2768 881 ‚—
2766 814 2768 818 .
