2768 4178
53 1584 63 1593 ·
84 1582 132 1610 Qu.
146 1588 173 1610 1.,
188 1585 231 1604 art.
244 1588 269 1608 4.

296 256 367 292 160

347 335 400 367 VI.
425 335 551 373 Quarta
567 333 684 375 regula
702 339 763 363 est:
781 332 886 364 Omne
902 342 1022 363 nomen
1038 332 1128 373 quod
1141 331 1306 366 habemus,
1323 329 1361 360 si-

293 379 444 421 gnificans
468 377 654 409 huiusmodi
678 377 797 407 formas
822 386 877 417 per
900 387 933 407 se
957 376 1178 412 subsistentes,
1203 381 1249 405 est
1272 384 1361 405 com-

294 423 484 455 municabile
501 423 638 463 proprie,
655 431 722 451 non
746 421 924 451 secundum
942 431 1019 457 rem,
1036 421 1091 450 sed
1114 419 1292 450 secundum
1315 428 1363 448 ra-

293 469 416 500 tionem
433 475 566 499 tantum.
582 485 602 489 -
618 466 773 497 Probatur
792 465 905 496 ultima
920 475 991 505 pars
1008 475 1027 495 a
1042 464 1150 505 priori.
1165 462 1363 494 Huiusmodi

294 513 416 544 formae
443 511 662 552 intelliguntur
685 520 703 540 a
726 509 836 547 nobis,
861 520 927 540 non
957 519 1017 539 suo
1041 508 1160 544 modo,
1184 507 1239 538 sed
1263 507 1363 537 modo

293 567 401 588 rerum
424 555 686 597 compositarum,
702 554 818 585 scilicet
840 553 1026 584 habentium
1049 552 1188 583 formam
1209 551 1243 582 in
1266 557 1363 582 mate-

293 601 357 632 ria:
383 610 468 641 ergo,
492 606 650 641 quantum
666 599 706 630 ad
721 599 878 629 rationem
900 598 1082 633 nominum,
1104 597 1190 627 idem
1213 602 1260 627 est
1282 595 1364 627 iudi-

295 645 381 677 cium
405 645 444 675 de
467 644 652 675 nominibus
675 642 923 684 significantibus
954 641 1090 678 formas,
1117 640 1181 671 sive
1205 647 1364 681 separatae

295 690 371 726 sint,
383 689 447 720 sive
459 689 492 719 in
505 688 578 720 alio.
587 706 608 711 —
617 687 816 719 Antecedens
831 687 983 728 probatur
997 696 1034 716 ex
1047 685 1152 726 signo:
1164 684 1363 726 imponimus

294 734 356 764 illis
379 733 490 764 formis
514 733 647 764 nomina
661 739 822 768 concreta;
847 741 921 772 ergo
946 730 1152 770 intelligimus
1174 729 1243 760 illas
1264 729 1364 759 modo

296 777 562 819 compositorum.
574 777 773 808 Antecedens
789 782 884 816 patet.
898 776 939 806 Et
955 773 1181 815 consequentia
1195 774 1364 814 probatur:

297 829 443 854 concreta
466 821 643 863 significant
665 828 813 852 naturam
835 820 869 850 in
892 820 1017 860 aliqum
1042 828 1127 859 ergo,
1152 818 1179 848 si
1197 825 1255 849 etc.

351 867 419 898 V11.
439 867 576 898 Adverte
600 866 651 897 hic
679 865 881 896 latitudinem
911 862 1161 902 insinuatamin
1185 861 1365 893 communi-

297 911 451 942 cabilitate
475 910 647 941 nominum
671 909 849 940 secundum
871 909 1038 940 rationem.
1055 908 1112 938 Sol
1135 907 1220 938 enim
1244 913 1275 937 et
1300 906 1365 937 Ga-

296 956 387 994 briel,
403 955 490 986 verbi
509 954 615 995 gratia,
633 954 765 985 nomina
781 953 967 984 communia
986 959 1060 983 sunt
1079 951 1257 985 secundum
1272 950 1366 982 ratio-

296 1010 370 1030 nem
381 1023 388 1037 ,
413 1000 468 1030 sed
484 999 685 1030 dissimiliter.
704 998 760 1029 Sol
774 998 861 1028 enim
879 997 952 1028 ideo
974 995 1247 1028 communicabilis
1264 994 1366 1026 dictus

297 1051 352 1081 est,
373 1044 449 1085 quia
464 1050 576 1074 natura
592 1053 649 1074 sua
667 1042 817 1073 abstrahit
833 1042 871 1072 ab
890 1042 960 1080 hoc,
981 1048 1011 1072 et
1031 1046 1262 1081 consequenter
1276 1049 1366 1080 prae-

295 1096 343 1120 ter
362 1088 428 1119 eius
443 1088 600 1119 rationem
616 1093 663 1118 est
677 1087 781 1117 unitas
800 1093 856 1117 aut
874 1086 1036 1127 pluralitas
1056 1084 1279 1125 singularium:
1305 1084 1366 1115 Ga-

295 1133 374 1163 briel
397 1142 482 1169 vero,
507 1131 581 1173 quia
604 1131 790 1171 intelligitur
812 1140 869 1171 per
897 1131 1035 1161 modum
1057 1140 1124 1171 quo
1147 1129 1367 1170 intelliguntur

296 1184 427 1208 naturae
459 1175 724 1217 compositorum.
752 1175 844 1212 Quae
867 1181 904 1206 ut
933 1174 1059 1215 planius
1089 1173 1262 1215 intelligas,
1287 1174 1366 1205 scito

297 1222 386 1263 quod
409 1221 442 1263 ly
464 1221 640 1252 secundum
670 1221 846 1258 rationem,
869 1219 1086 1250 universaliter
1114 1225 1146 1250 et
1167 1218 1296 1259 proprie
1318 1218 1366 1249 lo-

297 1266 436 1307 quendo,
453 1266 486 1296 in
509 1265 676 1306 proposito
693 1274 760 1295 non
784 1271 877 1295 sonat
895 1263 981 1295 idern
1004 1263 1095 1305 quod
1117 1263 1291 1294 secundum
1314 1263 1367 1294 de-

285 1311 484 1352 finitionem:
501 1310 556 1341 sed
573 1310 726 1350 importat
744 1309 881 1339 modum
906 1308 1029 1340 essendi
1051 1308 1085 1338 in
1108 1307 1229 1339 ratione
1249 1314 1365 1338 nostra.

297 1356 342 1386 Ita
357 1355 447 1396 quod
470 1365 581 1386 sensus
604 1360 660 1391 est,
681 1354 770 1395 quod
785 1353 891 1384 omnis
914 1360 1027 1384 natura
1046 1352 1201 1393 specifica,
1221 1359 1258 1383 ut
1280 1351 1367 1383 obie-

297 1407 345 1431 cta
364 1406 410 1430 est
425 1399 598 1430 intellectui
620 1405 741 1435 nostro,
760 1397 941 1429 communis
958 1404 1005 1429 est
1019 1397 1174 1438 pluribus,
1192 1396 1268 1437 quia
1291 1396 1368 1427 obii-

297 1444 376 1475 citur
399 1454 466 1474 non
482 1450 518 1475 ut
535 1444 624 1481 haec,
643 1443 698 1473 sed
721 1449 758 1474 ut
774 1449 886 1474 natura
901 1441 1060 1483 specifica:
1081 1441 1146 1472 sive
1162 1441 1232 1482 ipsa
1254 1451 1366 1472 secun-

297 1489 376 1519 dum
399 1498 466 1519 rem
490 1488 529 1519 sit
552 1497 589 1518 ex
612 1487 674 1518 alio
698 1487 793 1525 haec,
819 1493 855 1518 ut
878 1493 989 1518 natura
1013 1486 1088 1517 solis
1117 1492 1147 1517 et
1170 1485 1367 1516 sensibilium

296 1533 459 1569 omnium;
475 1532 540 1563 sive
562 1542 599 1563 ex
622 1542 655 1562 se
674 1531 714 1562 sit
728 1532 818 1570 haec,
836 1538 872 1562 ut
888 1531 926 1561 de
941 1531 1011 1562 Deo
1028 1537 1123 1571 patet,
1140 1537 1171 1561 et
1194 1530 1233 1561 de
1249 1530 1367 1571 angelis

296 1577 482 1618 probabitur
496 1577 523 1608 *.
544 1576 695 1607 Latitudo
712 1582 820 1607 autem
835 1575 1001 1606 manifeste
1020 1575 1095 1606 hinc
1110 1575 1253 1611 habetur,
1277 1574 1367 1616 quod

295 1629 407 1653 natura
430 1621 522 1658 solis,
545 1631 620 1652 curn
643 1631 709 1652 non
732 1620 772 1652 sit
796 1630 832 1651 ex
855 1630 889 1651 se
911 1620 1010 1658 haec,
1035 1626 1066 1651 et
1089 1629 1126 1650 ex
1154 1625 1241 1660 parte
1265 1619 1313 1650 sui
1337 1625 1368 1651 et

296 1676 333 1697 ex
356 1673 442 1707 parte
463 1666 639 1697 intellectus
658 1665 753 1696 habet
768 1665 858 1706 quod
881 1664 1046 1696 obiiciatur
1064 1663 1237 1695 intellectui
1256 1670 1365 1695 nostro

296 1721 363 1742 non
379 1718 415 1742 ut
433 1711 531 1749 haec;
557 1716 588 1742 et
609 1716 840 1751 consequenter
863 1709 1076 1740 communitas
1100 1708 1168 1739 eius
1191 1708 1369 1739 secundum

296 1755 452 1786 rationem
470 1755 565 1786 habet
588 1755 737 1796 utrinque
762 1754 1021 1785 fundamentum:
1042 1760 1154 1785 natura
1178 1760 1284 1784 autem
1309 1752 1369 1784 Ga-

989 251 1257 299 QUAESTIO
1287 251 1394 299 XIII,
1424 249 1722 287 ARTICULUS
1751 250 1786 286 X

1415 329 1529 366 brielis,
1556 339 1631 360 cum
1654 329 1694 360 sit
1716 339 1753 360 ex
1776 339 1809 360 se
1832 329 1922 366 haec,
1940 338 1977 359 ex
1996 327 2066 358 solo
2091 327 2191 358 modo
2214 327 2407 368 intelligendi
2431 337 2488 357 no-

1415 380 1480 405 stro
1500 373 1629 404 sortitur
1645 373 1735 414 quod
1748 373 1840 404 nobis
1855 373 2021 404 obiiciatur
2040 378 2076 403 ut
2095 372 2173 412 ipsa,
2196 378 2227 403 et
2250 381 2317 403 non
2332 378 2368 402 ut
2390 372 2489 410 haec;

1417 425 1447 449 et
1470 425 1636 459 propterea
1665 417 1971 449 communicabilitas
1991 417 2050 447 ista
2069 427 2107 447 ex
2125 423 2232 447 nostra
2253 422 2379 447 tantum
2401 422 2489 456 parte

1416 462 1511 493 habet
1543 462 1800 493 fundamentum.
1830 462 1923 493 Unde
1951 461 2026 492 hinc
2058 461 2173 491 habere
2203 467 2294 500 potes
2320 459 2489 502 quomodo

1417 506 1659 547 intelligendum
1682 506 1722 538 sit
1743 506 1833 548 quod
1858 506 1989 538 Gabriel
2012 512 2059 536 est
2082 505 2267 541 universale,
2283 511 2315 535 et
2329 504 2489 545 praedica-

1417 551 1480 582 bile
1497 552 1535 582 de
1551 551 1670 588 multis,
1689 557 1720 582 et
1740 551 1869 591 species,
1892 557 1964 582 etc-z
1985 550 2063 581 haec
2082 549 2168 580 enim
2191 555 2223 580 et
2245 548 2360 579 similia
2375 547 2491 579 sufficit

1417 595 1579 633 verificari,
1596 606 1663 626 non
1682 595 1720 626 de
1745 595 1788 626 eis
1808 595 1961 632 absolute,
1979 595 2034 626 sed
2053 601 2089 626 ut
2108 593 2248 630 obiectis,
2275 603 2331 624 seu
2356 592 2490 633 cognitis

1418 651 1437 671 a
1460 640 1563 672 nobis.
1589 641 1630 671 Et
1653 640 1808 681 quoniam
1837 639 1949 670 diffuse
1973 640 2011 670 de
2042 638 2091 670 his
2114 639 2147 669 in
2180 637 2416 669 commentariis
2438 637 2490 668 De

1418 685 1503 716 Ente
1525 690 1556 716 et
1578 685 1728 716 Essentia
1754 684 1772 704 *
1795 684 1994 725 scripsimus,
2026 694 2092 714 non
2117 690 2163 714 est
2186 692 2269 723 opus
2299 682 2351 713 hic
2378 681 2490 712 eadem
2515 687 2527 698 ⁸

1419 729 1578 770 replicare.

1473 773 1555 805 VIII.
1577 773 1695 811 Quoad
1717 774 1847 804 tertium
1863 772 1890 809 *,
1911 772 2082 813 respondet
2104 771 2248 813 quaesito
2274 781 2337 802 una
2362 770 2490 802 conclu·
2518 777 2527 787 ·

1420 817 1510 848 sione
1533 817 1722 848 trimembri:
1747 818 1820 848 I-Ioc
1850 827 1970 847 nomen
1997 817 2088 847 Deus
2116 823 2163 847 est
2189 815 2490 847 incommunicabile

1420 862 1598 892 secundum
1621 871 1707 898 rem,
1732 861 1999 892 communicabile
2028 867 2137 892 autem
2159 861 2338 892 secundum
2365 859 2490 900 opinio—

1420 916 1505 942 nem,
1530 912 1562 937 et
1584 905 1762 936 secundum
1784 905 2035 936 similitudinem.
2053 923 2072 928 -
2095 906 2252 936 Probatur
2274 904 2376 946 prima
2400 913 2487 945 pars:

1421 957 1532 981 natura
1549 949 1655 980 divina
1674 949 1846 990 significata
1868 949 1930 980 hoc
1954 950 2094 986 nomine,
2112 956 2159 981 est
2181 948 2491 980 incommunicabilis

1420 995 1597 1025 secundum
1613 1002 1697 1030 rem;
1723 1003 1809 1034 ergo.
1826 993 1972 1025 Secunda
1994 1004 2126 1035 quoque
2145 994 2320 1025 declaratur
2343 993 2490 1034 exemplo

1421 1039 1514 1070 solis:
1540 1045 1571 1070 et
1594 1037 1801 1069 confirmatur
1819 1037 2004 1069 auctoritate
2022 1038 2146 1079 glossae
2164 1038 2208 1069 ad
2228 1037 2335 1069 Galat.
2354 1049 2396 1069 1v.
2413 1038 2490 1068 Ter-

1420 1083 1463 1115 tia
1485 1093 1561 1114 vero
1584 1093 1656 1124 pars
1680 1082 1855 1114 declaratur
1876 1082 1910 1113 in
1933 1082 2194 1123 participantibus
2213 1082 2328 1119 divina,
2345 1082 2492 1114 adiuncta

1421 1128 1605 1160 auctoritate
1628 1127 1756 1158 Psalmi.

1474 1173 1610 1204 Adverte
1622 1172 1673 1203 hic
1685 1171 1785 1213 quod,
1799 1171 1874 1212 quia
1886 1171 2045 1211 praedicta
2057 1170 2231 1208 conclusio,
2244 1180 2320 1202 curn
2329 1178 2490 1212 sequente,

1421 1227 1458 1248 ex
1481 1217 1646 1258 praedictis
1669 1216 1785 1257 regulis
1809 1215 1951 1257 sequitur
1967 1215 2143 1252 manifeste,
2160 1215 2233 1246 ideo
2257 1225 2324 1246 non
2347 1215 2492 1257 oportuit

1421 1261 1496 1293 alias
1520 1262 1633 1292 addere
1657 1261 1872 1302 probationes.

1477 1306 1530 1338 IX.
1551 1306 1669 1344 Quoad
1691 1311 1843 1347 quartum
1859 1305 1886 1342 *,
1906 1304 2037 1346 ponitur
2053 1304 2130 1335 haec
2150 1303 2328 1335 conclusio:
2355 1302 2388 1335 Si
2413 1310 2493 1335 esset

1420 1351 1553 1392 aliquod
1576 1360 1697 1382 nomen
1720 1350 1866 1381 divinum
1881 1349 2060 1390 significans
2084 1356 2231 1380 naturam
2247 1348 2336 1379 illam
2357 1347 2494 1389 inquan—

1420 1403 1492 1427 tum
1513 1396 1608 1434 hanc,
1632 1395 1712 1426 illud
1731 1401 1812 1426 esset
1835 1394 1969 1426 omnino
1983 1393 2284 1425 incommunicabile
2307 1393 2436 1434 proprie
2454 1393 2495 1423 ad

1421 1447 1516 1471 extra.
1535 1439 1818 1481 Manifestaturque
1841 1439 1988 1480 exemplo
2011 1438 2086 1470 ficto
2110 1438 2143 1469 in
2176 1438 2258 1469 sole:
2283 1437 2494 1479 inseriturque

1422 1484 1558 1515 dubium
1581 1484 1619 1515 de
1643 1484 1774 1515 nomine
1797 1484 2105 1525 Tetragrammaton.

1475 1529 1612 1560 Adverte
1627 1529 1688 1566 hic,
1702 1529 1792 1570 quod
1806 1529 1883 1560 haec
1899 1528 2063 1559 conclusio
2078 1538 2144 1558 non
2160 1527 2266 1558 solum
2277 1527 2317 1557 ad
2333 1526 2495 1558 doctrinae

1422 1573 1517 1605 huius
1538 1573 1813 1614 complementum
1836 1572 1940 1614 posita
1963 1579 2025 1609 est;
2046 1572 2101 1603 sed
2125 1582 2162 1603 ex
2179 1582 2262 1608 vera,
2280 1578 2316 1603 ut
2334 1581 2414 1608 reor,
2435 1571 2495 1602 du-

1421 1618 1584 1655 bitatione,
1606 1628 1688 1660 quae
1712 1624 1759 1649 est
1781 1618 1820 1649 de
1843 1617 1900 1648 illo
1915 1617 2046 1648 nomine
2065 1617 2155 1658 quod
2174 1616 2260 1658 apud
2275 1617 2439 1647 Hebraeos
2461 1616 2495 1646 in

1422 1670 1508 1694 tanta
1527 1663 1588 1694 fuit
1601 1663 1784 1694 reverentia.
1803 1663 1872 1693 Nos
1887 1662 1974 1693 euim
1988 1672 2107 1692 nomen
2123 1661 2203 1692 illud
2217 1661 2250 1692 in
2267 1667 2339 1692 actu
2359 1660 2494 1692 exercito

1421 1708 1506 1744 latet,
1523 1707 1669 1749 quamvis
1684 1707 1718 1738 in
1741 1714 1812 1738 actu
1835 1707 1958 1747 signato
1983 1706 2105 1737 dicatur
2127 1707 2435 1747 Tetragrammaton.
2455 1705 2497 1736 Et

1423 1759 1590 1793 propterea
1603 1752 1714 1783 vlittera
1738 1751 1910 1783 dubitative
1933 1751 2085 1792 loquitur.

1093 1915 1412 1958 ARTICULUS
1443 1913 1695 1957 DECIMUS

512 2019 668 2050 UTRUM
692 2018 784 2050 HOC
809 2018 964 2050 NOMEN
986 2018 1110 2049 DEUS
1131 2017 1326 2049 UNIVOCE
1350 2017 1546 2049 DICATUR
1569 2017 1626 2048 DE
1650 2016 1739 2048 1)Εο
1762 2017 1845 2047 PER
1868 2015 2280 2052 PARTchPATIONEM,

843 2063 1082 2095 SECUNDUM
1104 2063 1338 2099 NATURAM‚
1363 2063 1421 2093 ET
1445 2061 1684 2093 SECUNDUM
1708 2061 1950 2092 OPINIONEM

509 2175 532 2200 D
551 2174 714 2200 DECIMUM
734 2173 787 2199 Sic
808 2172 1047 2199 PROCEmTUR.
1077 2160 1238 2198 Videtur
1262 2160 1368 2210 quod

429 2205 485 2277 ’ἓξ
511 2217 586 2253 hoc
622 2227 766 2252 nornen
798 2216 902 2251 Deus
935 2214 1100 2251 univoce
1139 2214 1285 2251 dicatur
1322 2213 1370 2251 de

335 2266 351 2317 ,’
402 2259 596 2318 η’ἦΙ)
626 2281 695 2317 per
723 2275 915 2314 naturam,
946 2274 982 2304 et
1008 2279 1078 2316 per
1114 2266 1370 2316 participatio-

356 2314 661 2370 κι’3)Χ11εη1α,
693 2329 728 2358 et
765 2321 979 2358 secundum
1018 2320 1253 2370 opinionem.
1294 2320 1369 2358 Ubi

300 2377 402 2414 enim
424 2384 479 2413 est
507 2376 659 2413 diversa
687 2374 923 2424 significatio,
946 2387 1025 2411 non
1046 2382 1102 2411 est
1121 2373 1368 2411 contradictio

299 2429 523 2468 affirmantiS
553 2436 588 2466 et
616 2427 839 2477 negantisss:
869 2427 1134 2478 aequivocatio
1169 2427 1270 2464 enirn
1298 2427 1368 2464 im-

297 2483 403 2533 pedit
422 2482 772 2520 contradictionem.
800 2481 878 2519 Sed
904 2481 1110 2519 catholicus
1139 2481 1269 2519 dicens
1293 2481 1370 2518 ido-

299 2537 376 2574 lum
415 2549 489 2574 non
532 2541 587 2574 est
620 2537 745 2582 Deus,
783 2534 1006 2573 contradicit
1042 2547 1194 2584 pagano
1233 2534 1370 2572 dicenti

299 2591 439 2628 idolum
468 2595 523 2628 est
539 2590 654 2628 Deus.
685 2589 788 2638 Ergo
815 2590 919 2626 Deus
947 2589 1150 2638 utrobique
1170 2596 1368 2638 sumptum

298 2644 463 2682 univoce
493 2643 640 2682 dicitur.

354 2710 388 2735 2.
422 2699 664 2746 PRAETEREA,
698 2697 792 2735 sicut
826 2697 972 2735 idolum
1008 2704 1064 2734 est
1097 2697 1204 2734 Deus
1237 2708 1370 2733 secun-

300 2752 393 2790 dum
423 2750 645 2801 opinionem
675 2758 712 2788 et
739 2763 818 2788 non
848 2750 1062 2788 secundum
1085 2750 1298 2798 veritatem,
1319 2749 1369 2787 ita

300 2805 424 2843 fruitio
446 2805 654 2842 carnalium
675 2804 970 2842 delectationum
991 2804 1126 2842 dicitur
1139 2803 1293 2841 felicitas
1313 2815 1370 2841 se-

301 2859 470 2897 cundum
501 2858 736 2907 opinionem,
767 2866 803 2895 et
822 2870 900 2895 non
920 2858 1135 2896 secundum
1154 2856 1367 2895 veritatem.

301 2912 377 2950 Sed
397 2913 471 2949 hoc
500 2924 645 2950 nomen
673 2912 859 2949 beatitudo
887 2911 1053 2949 univoce
1074 2910 1210 2949 dicitur
1229 2910 1276 2948 de
1297 2911 1370 2948 hac

300 2965 532 3004 beatitudine
561 2965 732 3015 opinata,
764 2972 800 3002 et
827 2965 875 3003 de
904 2965 976 3002 hac
1005 2964 1235 3002 beatitudine
1263 2976 1368 3002 vera.

301 3019 402 3067 Ergo
422 3026 459 3056 et
477 3020 552 3057 hoc
580 3031 725 3056 nornen
749 3019 853 3055 Deus
875 3018 1041 3056 univoce
1061 3017 1196 3056 dicitur
1216 3017 1263 3055 de
1283 3018 1369 3055 Deo

301 3073 512 3110 secundum
540 3072 758 3119 veritatem⁷
789 3079 824 3108 et
854 3071 901 3109 de
930 3073 1015 3109 Deo
1045 3071 1259 3109 secundum
1289 3070 1370 3120 opi-

302 3137 470 3164 monem.

358 3180 391 3217 3.
421 3180 664 3226 PRAETEREA‚
693 3178 860 3215 univoca
894 3178 1070 3216 dicuntur
1107 3190 1276 3227 quorum
1315 3185 1371 3215 est

302 3232 395 3269 ratio
424 3245 513 3270 una.
545 3232 622 3270 Sed
652 3231 871 3279 catholicus,
902 3244 990 3269 cum
1019 3231 1108 3269 dicit
1135 3243 1258 3269 unum
1288 3243 1370 3268 esse

302 3286 442 3332 Deum,
472 3285 638 3335 intelligit
665 3285 822 3323 nomine
852 3284 923 3322 Dei
949 3297 1031 3322 rem
1051 3284 1370 3335 omnipotentem,

303 3346 339 3376 et
367 3351 481 3388 super
502 3339 633 3378 omnia
650 3338 934 3377 venerandam:
966 3346 1002 3376 et
1029 3339 1103 3376 hoc
1133 3338 1236 3376 idem
1264 3337 1370 3375 intel-

338 2185 377 2213 ‘1⁸
434 2185 471 2209 βξ

341 2214 350 2221 .

357 3487 384 3520 α)
400 3494 452 3520 per
471 3491 605 3519 naturam,
619 3492 646 3514 et
659 3495 713 3521 per
726 3488 976 3521 participationem.
989 3502 1009 3507 -
1022 3495 1073 3521 per
1089 3487 1326 3520 participationem
1345 3490 1371 3512 et

303 3523 445 3548 secundum
466 3526 592 3549 naturam
611 3524 721 3549 codices.

358 3556 382 3591 β)
402 3558 563 3592 affirmantis
586 3562 613 3584 et
631 3559 764 3593 negantis.
781 3573 800 3579 —
818 3558 1009 3593 affirmationis
1032 3562 1059 3584 et
1078 3558 1228 3593 negationis
1246 3557 1312 3590 BsF,
1331 3557 1372 3591 af-

297 3593 418 3627 firmatis
435 3596 462 3618 et
480 3595 585 3627 negatis
603 3595 651 3628 pF.

357 3629 384 3663 γ)
405 3629 486 3655 Deus.
506 3643 523 3648 -
542 3629 603 3655 Om.
622 3630 684 3655 Pab.

2519 1309 2529 1319 '
2547 1307 2587 1331 ef.
2599 1307 2658 1330 ibid.

1424 2159 1502 2208 ligit
1529 2159 1692 2208 gentilis,
1723 2171 1811 2195 cum
1832 2158 1920 2196 dicit
1938 2157 2085 2195 idolum
2112 2170 2195 2195 esse
2221 2158 2363 2195 Deum.
2393 2157 2496 2206 Ergo
2531 2197 2541 2204 .

1424 2213 1499 2250 hoc
1527 2224 1672 2250 nornen
1699 2213 1804 2248 Deus
1823 2216 1838 2238 ⁷
1865 2210 2033 2249 univoce
2063 2211 2199 2249 dicitur
2225 2211 2442 2260 utrobique.
2491 2258 2494 2261 ι

1479 2266 1553 2303 SED
1586 2277 1748 2313 CONTRA,
1783 2264 1874 2302 illud
1903 2264 2009 2314 quod
2043 2272 2100 2302 est
2127 2264 2166 2302 in
2200 2264 2411 2311 intellectu,
2442 2270 2498 2301 est

1425 2318 1632 2357 similitudo
1663 2318 1744 2356 eius
1772 2318 1878 2367 quod
1907 2325 1963 2355 est
1987 2317 2025 2354 in
2044 2330 2096 2366 re,
2116 2325 2158 2354 ut
2178 2317 2313 2355 dicitur
2336 2317 2374 2354 in
2394 2318 2409 2354 1
2428 2318 2497 2354 Pe-

1425 2373 1578 2410 riherm.
1599 2372 1630 2409 ²⁸.
1653 2372 1731 2410 Sed
1750 2371 1906 2418 animal,
1934 2370 2078 2408 dictum
2099 2371 2147 2409 de
2168 2371 2323 2408 animali
2342 2383 2438 2408 vero
2460 2378 2498 2408 et
2525 2378 2535 2388 ·

1425 2425 1472 2464 de
1507 2425 1673 2463 animali'
1693 2425 1818 2475 picto,
1853 2424 2066 2474 aequivoce
2100 2424 2245 2462 dicitur.
2284 2425 2388 2473 Ergo
2421 2424 2497 2461 hoc

1424 2491 1570 2518 nomen
1596 2480 1713 2526 Deus,
1744 2478 1887 2517 dictum
1908 2475 1922 2499 δ
1951 2478 1999 2516 de
2027 2479 2113 2515 Deo
2141 2490 2236 2516 vero
2267 2486 2303 2515 et
2331 2478 2379 2516 de
2409 2478 2495 2516 Deo

1424 2533 1638 2571 secundum
1668 2532 1904 2583 opinionem,
1934 2532 2148 2581 aequivoce
2177 2530 2325 2570 dicitur.

1477 2588 1711 2634 Pastum,
1728 2587 1853 2624 nullus
1871 2593 1998 2635 potest
2017 2585 2234 2634 significare·
2244 2584 2283 2623 id
2298 2585 2403 2635 quod
2418 2597 2498 2623 non

1425 2640 1640 2690 cognoscit:
1679 2641 1746 2678 sed
1788 2639 1934 2688 gentilis
1971 2651 2052 2677 non
2089 2638 2284 2688 cognoscit
2321 2646 2497 2677 naturam

1424 2693 1594 2734 divinam
1614 2700 1645 2731 ¹:
1678 2706 1780 2742 ergo,
1807 2706 1895 2731 curn
1921 2692 2008 2731 dicit
2037 2693 2178 2730 idolum
2198 2698 2253 2730 est
2270 2693 2386 2739 Deus,
2417 2704 2497 2730 non

1424 2748 1610 2797 significat
1639 2760 1775 2785 veram
1811 2746 2001 2784 deitatem.
2038 2747 2148 2784 Hanc
2186 2753 2316 2784 autem
2355 2745 2498 2795 signifi-

1425 2809 1484 2840 cat
1521 2801 1728 2839 catholicus
1767 2800 1896 2838 dicens
1929 2813 2051 2838 unum
2089 2812 2174 2838 esse
2211 2800 2352 2838 Deum.
2373 2800 2496 2848 vErgo

1424 2857 1499 2894 hoc
1526 2867 1671 2893 nomen
1708 2855 1812 2892 Deus
1842 2867 1921 2892 non
1950 2854 2087 2892 dicitur
2112 2852 2302 2900 univoce,
2331 2852 2401 2890 sed
2432 2863 2496 2890 ae-

1425 2909 1600 2960 quivoce,
1631 2909 1679 2947 de
1707 2909 1792 2945 Deo
1811 2921 1919 2956 vero,
1951 2916 1987 2945 et
2007 2908 2054 2946 de
2074 2908 2160 2945 Deo
2180 2905 2394 2943 secundum
2413 2905 2496 2955 opi-

1424 2975 1594 3001 monem.

1478 3018 1704 3054 Rsssponneo
1723 3026 1906 3052 monimum
1927 3014 2032 3065 quod
2051 3014 2126 3052 hoc
2150 3025 2296 3051 nomen
2314 3013 2431 3060 Deus,
2456 3012 2495 3051 in

1423 3069 1642 3120 praemissis
1669 3068 1788 3107 tribus
1817 3067 2170 3117 significationibus,
2206 3078 2286 3104 non
2314 3065 2497 3116 accipitur

1424 3136 1550 3174 neque
1577 3123 1743 3161 univoce
1772 3134 1898 3172 neque
1927 3121 2156 3172 aequivoce,
2187 3120 2256 3157 sed
2285 3119 2493 3169 analogice.

1425 3177 1542 3225 Quod
1558 3189 1603 3214 ex
1618 3177 1694 3214 hoc
1707 3183 1810 3226 patet
1825 3175 1850 3213 ζ.
1873 3176 1975 3224 Quia
1988 3174 2245 3213 univocorum
2263 3181 2319 3211 est
2333 3173 2494 3212 omnino

1425 3231 1561 3268 eadem
1590 3230 1700 3268 ratio:
1731 3230 2035 3280 aequivocorum
2059 3235 2115 3265 est
2143 3227 2303 3265 omnino
2324 3227 2419 3265 ratio
2440 3227 2495 3265 di-

1424 3297 1553 3322 versa:
1587 3284 1625 3321 in
1654 3283 1858 3332 analogicis
1886 3295 2001 3329 vero,
2036 3288 2187 3331 oportet
2215 3280 2321 3330 quod
2349 3292 2495 3319 nomen

1424 3338 1638 3376 secundum
1666 3349 1786 3375 unam
1814 3335 2130 3386 significationem
2149 3340 2163 3358 ¹⁰
2192 3341 2404 3385 acceptum,
2423 3346 2494 3384 po-

1478 3486 1502 3519 6)
1523 3487 1632 3512 dictum.
1650 3500 1669 3506 -
1688 3486 1750 3511 Om.
1769 3485 1891 3511 ABCDE.

1479 3522 1501 3555 ε)
1521 3525 1647 3547 naturam
1667 3521 1826 3547 divinam·
1845 3528 1935 3546 veram
1956 3520 2082 3546 deitatem
2100 3520 2223 3546 ABCDE.

1478 3557 1504 3590 ζ)
1524 3565 1561 3583 ex
1579 3557 1628 3582 hoc
1641 3559 1728 3590 patet.
1746 3570 1765 3578 -
1779 3559 1857 3589 patet
1876 3556 1951 3586 ΑΘΕ,
1967 3559 2045 3589 patet
2064 3563 2101 3582 ex
2119 3556 2168 3582 hoc
2186 3556 2240 3581 BD.
2254 3569 2273 3575 -
2290 3555 2354 3580 Post
2372 3553 2498 3588 aequivo-

1426 3599 1518 3618 corum
1538 3593 1561 3618 G
1580 3593 1650 3618 addit
1668 3599 1738 3618 vero.

1479 3627 1507 3663 η)
1528 3635 1608 3654 unam
1627 3627 1858 3662 significationem.
1871 3641 1890 3648 -
1907 3627 2132 3662 significationem
2149 3627 2267 3661 primam
2286 3626 2316 3652 Β.
