2768 4178
327 257 397 293 138

321 340 507 385 quantum
527 336 654 384 plures
679 343 715 371 et
734 335 1019 372 excellentiores
1039 332 1197 373 effectus
1219 336 1298 373 eius
1322 348 1391 373 no-

319 389 378 426 bis
411 390 740 434 demonstrantur;
776 396 813 425 et
846 388 1074 438 inquantum
1110 389 1144 425 ei
1179 389 1305 437 aliqua
1338 397 1391 426 at-

319 442 521 479 tribuimus
557 454 602 478 ex
636 441 867 479 revelatione
907 442 1057 490 divina,
1088 442 1138 479 ad
1166 454 1265 491 quae
1294 442 1389 479 ratio

319 495 498 532 naturalis
522 508 602 532 non
629 495 816 544 pertingit,
843 502 885 532 ut
912 496 1043 532 Deum
1072 507 1155 532 esse
1184 495 1326 532 trinum
1355 503 1391 533 et

318 561 452 586 unum.

372 604 430 639 AD
460 613 650 639 SECUNDUM
678 614 863 639 DICENDUM
897 602 1003 651 quod
1037 613 1082 637 ex
1116 602 1390 649 phantasmati-

320 656 408 702 bus,
437 656 500 692 vel
530 668 552 692 a
581 667 696 692 sensu
730 656 895 704 acceptis
925 655 1140 692 secundum
1176 655 1389 692 naturalem

319 708 507 755 ordinem,
537 709 599 745 vel
630 708 809 746 divinitus
834 709 873 746 in
902 707 1172 756 imaginatione
1203 708 1387 755 formatis,

318 769 422 799 tanto
459 762 702 799 excellentior
730 762 894 810 cognitio
923 761 1183 798 intellectualis
1215 762 1389 809 habetur,

319 823 462 864 quanto
492 816 624 853 lumen
651 815 882 863 intelligibile
916 815 955 852 in
984 814 1142 852 homine
1171 814 1304 851 fortius
1334 814 1390 851 fu-

319 869 398 906 erit.
429 870 479 906 Et
502 868 555 906 sic
581 881 652 918 per
682 869 956 906 revelationem
986 880 1031 904 ex
1057 867 1389 917 phantasmatibus

372 1020 390 1053 ι)
410 1027 462 1045 ηοη
477 1019 603 1052 procedit
621 1027 659 1044 ex
678 1018 787 1044 visione.
805 1032 824 1037 -
843 1026 894 1043 non
911 1019 1037 1051 procedit
1055 1025 1072 1043 a
1091 1018 1190 1043 visione
1209 1018 1319 1043 codices.

1009 256 1276 303 QUAESTIO
1306 258 1393 305 XII,
1423 258 1720 296 ARTICULUS
1751 259 1838 296 XIII

1444 337 1593 386 plenior
1621 337 1784 386 cognitio
1814 338 2005 388 accipitur,
2032 351 2077 375 ex
2096 338 2286 376 infusione
2315 339 2433 377 divini
2462 340 2518 377 lu-

1445 403 1569 427 minis.

1499 445 1558 480 AD
1577 455 1738 481 TERTmM
1757 456 1942 482 morannum
1966 445 2072 495 quod
2096 445 2194 482 fides
2214 445 2379 493 cognitio
2399 458 2516 494 quae-

1447 496 1537 533 dam
1567 504 1634 544 est,
1654 497 1881 546 inquantum
1909 498 2121 536 intellectus
2146 498 2421 536 determinatur
2447 511 2517 548 per

1445 550 1565 587 fidem
1593 550 1641 588 ad
1671 550 1827 600 aliquod
1857 552 2122 600 cognoscibile.
2154 552 2232 589 Sed
2260 552 2356 589 haec
2395 552 2516 589 deter-

1445 603 1603 640 minatio
1632 603 1682 641 ad
1708 616 1831 642 unum
1858 617 1938 642 non
1956 605 2131 654 procedit
2159 618 2205 642 ex
2232 605 2381 642 visione
2400 612 2408 626 ⁴
2437 617 2516 642 cre-

1446 656 1585 704 dentis,
1615 657 1682 694 sed
1711 670 1734 694 a
1761 657 1910 695 visione
1945 658 2026 696 eius
2059 659 2119 696 cui
2150 658 2323 696 creditur.
2360 659 2410 695 Et
2444 658 2514 706 sic,

1444 709 1672 758 inquantum
1693 710 1800 748 deest
1814 711 1924 759 visio,
1941 711 2069 749 deficit
2084 725 2105 749 a
2125 712 2271 750 ratione
2292 711 2516 760 cognitionis

1446 775 1544 811 quae
1573 771 1630 800 est
1652 763 1692 801 in
1720 764 1892 802 scientia:
1921 777 2012 802 narn
2033 765 2188 803 scientia
2216 765 2443 803 determinat
2462 765 2517 802 in-

1444 816 1637 875 tellectum
1665 817 1715 854 ad
1742 829 1865 855 unum
1899 831 1968 868 per
2000 818 2192 856 visionem
2222 826 2258 856 et
2284 819 2516 856 intellectum

1444 881 1658 917 primorum
1685 870 1970 920 prmcipiorum.

1002 1106 1335 1140 Commentaria
1359 1106 1609 1140 Cardinalis
1632 1106 1833 1140 Caietam

378 1207 486 1226 irULus
515 1196 626 1226 clarus.
649 1213 669 1217 -
695 1195 731 1225 In
756 1205 889 1235 corpore
919 1205 983 1226 una
1006 1194 1185 1232 conclusio,
1210 1195 1394 1235 responsiva

320 1209 522 1282 Tquaesito
542 1239 740 1270 affirmative:
764 1239 935 1270 Perfectior
950 1239 1092 1280 cognitio
1114 1240 1152 1270 de
1168 1239 1238 1270 Deo
1260 1240 1394 1271 habetur

317 1295 372 1326 per
395 1285 527 1326 gratiam
547 1295 565 1315 a
580 1284 682 1321 nobis,
703 1294 801 1325 quam
825 1294 881 1325 per
898 1284 1056 1315 rationem
1078 1284 1264 1315 naturalem.

361 1330 526 1360 Probatur.
543 1330 695 1360 Humana
711 1328 851 1369 cognitio
866 1339 923 1370 per
938 1328 1071 1369 gratiam
1085 1329 1221 1365 iuvatur,
1237 1335 1268 1359 et
1283 1329 1392 1370 quoad

317 1375 427 1405 lumen
447 1374 666 1410 intellectuale,
693 1380 723 1404 et
746 1373 855 1414 quoad
870 1373 1103 1413 phantasmata:
1130 1383 1204 1414 ergo
1223 1372 1392 1414 perfectior

318 1426 364 1450 est
381 1418 532 1459 cognitio,
549 1437 569 1441 -
586 1418 824 1459 Consequentia
841 1418 1008 1458 probatur:
1034 1418 1110 1459 quia
1126 1417 1266 1458 cognitio
1283 1424 1391 1448 nostra

318 1474 355 1494 ex
367 1463 415 1493 his
430 1463 557 1494 duobus
574 1462 746 1503 consurgit.
763 1462 961 1493 Antecedens
973 1472 1049 1493 vero
1061 1463 1227 1503 probatur:
1244 1462 1320 1503 quia
1334 1472 1391 1503 per

317 1507 450 1548 gratiam
464 1507 625 1538 interdum
643 1507 822 1538 formantur
845 1507 1065 1547 phantasmata
1081 1506 1196 1537 melius
1212 1506 1388 1547 exprimen-

317 1552 360 1583 tia
384 1552 499 1588 divina,
524 1552 685 1582 interdum
708 1562 756 1582 res
780 1551 951 1588 sensibiles,
977 1551 1138 1582 interdum
1165 1560 1276 1587 voces;
1302 1561 1388 1591 ergo.

318 1597 511 1637 Exemplum
535 1596 639 1637 primi,
664 1597 696 1626 in
720 1596 896 1627 visionibus
919 1596 1168 1636 Prophetarum:
1195 1595 1334 1631 secundi,
1355 1595 1387 1626 in

319 1641 468 1672 columba
491 1641 640 1681 baptismi
665 1640 799 1672 Christi:
825 1640 916 1677 tertii,
937 1640 969 1671 in
993 1650 1071 1671 voce
1094 1640 1214 1671 ibidem
1237 1640 1353 1671 audita.

1502 1195 1538 1226 II.
1557 1195 1694 1226 Adverte
1716 1195 1777 1232 hic,
1798 1196 1888 1237 quod
1911 1195 2052 1236 cognitio
2076 1206 2133 1237 per
2160 1197 2294 1237 gratiam
2316 1198 2350 1228 in
2373 1198 2431 1229 hac
2454 1198 2518 1230 vita

1446 1240 1486 1270 de
1508 1240 1589 1277 Deo,
1614 1239 1788 1281 praefertur
1811 1240 1955 1276 naturali,
1980 1250 2047 1271 non
2071 1251 2108 1271 ex
2130 1248 2218 1282 parte
2248 1241 2339 1272 modi
2361 1239 2452 1284 (quia
2474 1237 2520 1274 sic

1446 1284 1595 1315 naturalis
1620 1291 1667 1315 est
1689 1284 1805 1325 potior,
1827 1294 1902 1316 cum
1925 1284 1965 1316 sit
1987 1295 2044 1325 per
2067 1285 2204 1316 modurn
2220 1285 2405 1323 evidentiae,
2425 1293 2462 1318 ut
2484 1287 2518 1318 in

1445 1329 1652 1369 responsione
1671 1329 1712 1359 ad
1727 1329 1857 1360 tertium
1876 1327 2012 1372 dicitur),
2038 1330 2093 1360 sed
2115 1340 2152 1360 ex
2174 1337 2262 1371 parte
2279 1330 2394 1362 obiecti
2413 1337 2518 1362 exten-

1445 1372 1510 1404 sive
1527 1379 1557 1404 et
1572 1373 1735 1410 intensive,
1753 1380 1790 1405 ut
1804 1373 1838 1404 in
1856 1373 2065 1414 responsione
2083 1375 2124 1404 ad
2138 1375 2279 1415 primurn
2296 1374 2422 1406 dicitur:
2443 1375 2519 1417 quia

1445 1417 1551 1458 plura,
1576 1424 1607 1448 et
1630 1417 1804 1449 occultiora
1827 1418 1942 1449 rationi
1965 1418 2113 1455 naturali,
2138 1429 2174 1450 ac
2197 1429 2253 1460 per
2275 1419 2338 1450 hoc
2360 1419 2519 1451 nobiliora

1445 1468 1476 1493 et
1498 1461 1714 1493 manifestiora
1732 1462 1911 1493 secundum
1934 1472 1977 1499 se,
1994 1473 2051 1503 per
2068 1463 2202 1503 gratiam
2227 1463 2462 1504 cognoscimus.
2481 1470 2519 1496 ut

1444 1506 1535 1547 quod
1550 1512 1597 1537 est
1612 1506 1723 1543 trinus,
1737 1513 1795 1538 etc.
1811 1507 1899 1537 Haec
1915 1507 2002 1538 enim
2017 1514 2106 1538 tanto
2123 1508 2191 1539 aliis
2209 1515 2379 1548 praestant,
2394 1515 2517 1550 quanto

1445 1561 1558 1581 eorum
1582 1550 1835 1591 cognoscibilitas
1859 1558 1925 1582 tam
1948 1551 2010 1582 alta
2029 1558 2084 1587 est,
2109 1558 2145 1583 ut
2168 1552 2228 1583 soli
2252 1553 2322 1583 Deo
2342 1553 2404 1584 sint
2424 1559 2518 1584 natu-

1443 1595 1547 1626 raliter
1570 1595 1735 1631 evidentia,
1761 1602 1796 1626 ut
1819 1595 1852 1626 in
1875 1595 2032 1637 principio
2055 1596 2126 1627 libri
2153 1596 2275 1628 Contra
2294 1597 2386 1629 Gent.
2400 1597 2418 1617 *
2440 1607 2515 1639 ape·
2545 1608 2555 1617 *
2571 1606 2629 1636 cap.
2644 1612 2680 1629 ιιι.

1442 1640 1530 1671 ritur.
