2768 4178
182 1947 198 1964 α

82 2048 94 2059 ⁴
109 2047 160 2069 Lib.
171 2048 192 2069 11
203 2048 238 2074 (al.
249 2048 295 2075 ιιι),

82 2080 137 2102 cap.
153 2081 201 2096 vui.

183 2102 197 2135 β

181 2212 198 2237 Υ

83 2579 94 2590 ¹*
111 2578 169 2606 Cap.
184 2585 206 2600 x.

347 271 422 316 298

342 348 402 378 alia
426 348 555 385 ratione,
576 359 657 389 quae
681 355 727 379 est
751 348 828 380 talis.
850 349 937 380 Deus
961 349 1039 379 nihil
1063 356 1168 390 potest
1196 350 1319 390 operari
1343 351 1411 381 abs-

342 402 405 433 que
420 393 529 423 ordine
546 393 715 433 sapientiae
740 400 770 423 et
785 393 922 424 iustitiae
946 403 1038 424 suae:
1059 394 1139 424 ordo
1160 401 1267 424 autem
1287 395 1410 435 sapien—

340 436 401 467 tiae
425 443 455 467 et
478 437 612 468 iustitiae
636 447 711 468 suae
731 448 797 468 non
821 438 958 469 extendit
981 448 1013 468 se
1038 439 1120 469 ultra
1144 448 1180 468 ea
1203 448 1284 479 quae
1308 449 1409 480 quan-

341 481 447 521 doque
470 480 564 511 fiunt:
589 491 673 522 ergo.
1339 486 1342 488 '

391 525 548 562 Secundo,
570 526 766 556 examinatur
788 526 865 557 haec
883 526 962 557 ratio
980 527 1087 566 quoad
1103 526 1240 566 primam
1261 528 1409 567 proposi-

339 568 470 605 tionem,
497 570 704 610 approbando
721 580 805 600 eam:
826 571 902 611 quia
920 570 1024 600 divina
1041 571 1183 610 potentia
1204 572 1343 612 aequalis
1360 579 1407 603 est

338 623 413 643 suae
429 613 607 653 sapientiae,
626 621 656 645 et
671 625 688 645 e
708 625 871 650 converso,
887 621 1017 655 propter
1032 614 1230 645 identitatem
1245 622 1403 648 mutuam.

391 658 511 694 Tertio,
544 659 739 690 examinatur
772 666 802 690 et
833 659 1072 699 reprehenditur
1100 659 1208 699 quoad
1231 661 1404 691 secundam

336 701 610 741 propositionem,
640 704 806 743 probando
837 714 929 734 suam
953 702 1245 739 contradictoriam,
1270 704 1402 741 scilicet,

335 745 455 776 Divina
478 748 636 787 sapientia
666 758 728 778 non
752 753 900 779 arctatur
922 747 965 778 ad
988 747 1131 778 ordinem
1148 747 1324 778 stabilitum
1348 750 1404 789 qui

337 799 423 820 nunc
446 796 511 828 est,
538 791 591 822 tali
621 792 752 823 ratione.
778 793 863 823 Tota
891 792 970 822 ratio
1000 791 1119 822 ordinis
1148 801 1247 831 quam
1277 792 1402 831 sapiens

334 834 427 864 rebus
443 845 462 865 a
480 845 513 865 se
530 835 617 867 factis
633 836 780 876 imponit,
802 836 938 867 sumitur
957 846 974 866 a
990 835 1069 866 fine:
1095 845 1170 875 ergo
1194 845 1212 865 a
1234 834 1296 866 fine
1327 846 1401 875 pro-

333 878 516 917 portionato
549 881 643 911 rebus
674 888 803 921 propter
830 880 944 917 finem,
969 880 1121 920 sapientia
1149 879 1291 910 facientis
1319 880 1401 910 limi-

332 928 416 953 tatur
439 923 479 953 ad
511 931 632 955 certum
657 925 874 961 ordinem;-et
903 935 919 955 a
947 923 1010 954 fine
1042 923 1401 964 improportionabiliter

332 967 500 999 excedente
524 979 590 999 non
614 969 781 999 limitatur:
808 979 881 1009 ergo
907 969 1012 999 diviua
1035 968 1187 1008 sapientia
1210 978 1276 998 non
1300 968 1399 999 deter-

333 1010 471 1042 minatur
500 1013 540 1042 ad
570 1012 709 1053 aliquem
739 1022 845 1043 rerum
874 1013 1035 1048 ordinem,
1068 1012 1111 1042 sic
1138 1018 1174 1042 ut
1204 1022 1270 1042 non
1298 1012 1400 1052 possit

331 1054 410 1084 alius
430 1055 566 1087 effluere.
584 1075 602 1079 -
619 1057 816 1087 Antecedens
833 1063 926 1097 patet,
944 1067 1018 1087 cum
1034 1057 1137 1096 prima
1154 1056 1396 1096 consequentia:

331 1099 421 1129 cuius
445 1101 668 1141 consequentis
703 1101 876 1131 secundam
905 1107 1028 1140 partem
1059 1100 1210 1140 apposui,
1243 1100 1399 1140 quoniam

329 1142 482 1183 implicite
505 1151 637 1175 tantum*
653 1145 686 1175 in
709 1145 812 1176 littera
834 1145 976 1181 habetur,
999 1151 1030 1175 et
1053 1151 1159 1181 tamen
1184 1154 1221 1174 ex
1243 1144 1296 1174 illa
1320 1155 1398 1184 pen-

330 1186 382 1217 det
397 1187 443 1218 vis
458 1188 597 1220 rationis.
616 1189 750 1220 Constat
765 1196 872 1220 autem
889 1199 959 1220 eam
975 1189 1272 1229 subintelligendam
1290 1188 1396 1226 fuisse,

329 1241 365 1261 ex
389 1232 633 1272 posterioristica
657 1234 780 1274 regula,
805 1235 833 1264 si
856 1233 1033 1275 affirmatio
1057 1239 1104 1264 est
1127 1242 1226 1264 causa
1250 1232 1397 1274 affirma-

1028 270 1294 317 QUAESTIO
1325 272 1448 320 XXV,
1479 272 1777 318 ARTICULUS
1806 273 1857 310 VI

1466 353 1561 382 tionis
1584 359 1642 382 etc.
1656 352 1673 370 *
1696 352 1728 383 Si
1753 352 1838 382 enim
1862 351 2132 384 commensuratio
2155 352 2226 384 finis
2250 354 2330 386 ratio
2354 359 2402 386 est
2416 352 2534 386 limita-

1466 395 1560 426 tionis
1584 397 1624 426 ad
1653 404 1776 427 certum
1803 397 1963 434 ordinem,
1988 398 2063 438 quia
2091 405 2158 428 tota
2187 398 2266 428 ratio
2291 399 2410 430 ordinis
2443 407 2490 431 est
2516 410 2535 430 a

1463 439 1539 476 fine,
1559 447 1685 480 oportet
1707 442 1796 482 quod
1815 441 2119 473 incommensuratio
2144 441 2214 472 finis
2231 452 2287 482 per
2306 453 2479 480 excessum,
2495 444 2534 475 sit

1461 484 1541 514 ratio
1558 494 1623 514 non
1639 485 1846 522 limitationis,
1864 496 1900 516 ex
1916 487 2026 517 eadem
2043 497 2146 517 causa.
2164 504 2184 509 -
2203 486 2349 517 Secunda
2364 498 2440 518 vero
2458 497 2533 518 con-

1462 529 1625 569 sequentia
1654 530 1820 569 probatur:
1850 531 1925 570 quia
1958 531 2062 561 divina
2096 530 2239 567 bonitas,
2269 541 2351 571 quae
2382 530 2455 562 finis
2486 539 2534 563 est

1460 572 1622 609 omnium,
1654 573 2014 614 improportionabiliter
2045 575 2165 606 excedit
2195 585 2327 606 omnem
2357 575 2532 607 stabilitum

1460 616 1606 647 ordinem
1628 628 1745 650 rerum.

1510 661 1563 692 IV.
1583 662 1698 699 Quoad
1722 663 1850 693 tertium
1867 663 1892 699 *,
1919 663 2082 694 conclusio
2100 663 2283 703 responsiva
2299 663 2443 704 quaesito
2468 671 2528 695 est:

1457 704 1544 734 Deus
1568 712 1673 745 potest
1703 706 1763 737 alia
1786 706 1887 737 facere
1910 718 2008 748 quam
2037 718 2120 748 quae
2143 707 2226 738 facit.
2250 708 2317 738 Nec
2341 708 2430 738 aliter
2452 708 2529 739 haec

1457 749 1620 779 conclusio
1637 751 1803 790 probatur:
1822 751 1907 792 quia,
1925 752 2134 782 examinando
2150 752 2331 792 propositas
2348 752 2527 792 opiniones,

1457 792 1599 823 exclusae
1623 801 1697 825 sunt
1725 804 1838 825 omnes
1861 805 1974 826 causae
1996 796 2184 827 restrictivae
2215 796 2339 827 divinae
2368 796 2528 836 potentiae

1456 836 1496 865 ad
1512 846 1548 866 ea
1567 846 1649 877 quae
1665 837 1747 868 facit.
1765 838 1852 869 Cum
1868 839 1954 869 enim
1969 840 2131 871 obiectum
2146 840 2223 877 eius,
2242 847 2278 871 ut
2294 841 2416 871 dictum
2435 847 2482 871 est
2496 839 2524 877 ’ἢ
2554 843 2562 852 '

1455 879 1494 910 sit
1517 880 1667 920 possibile
1691 882 1849 919 absolute,
1875 883 1902 913 si
1924 884 2161 924 restringeretur
2193 885 2233 915 ad
2256 885 2406 925 possibile
2436 885 2526 926 quod

1455 923 1537 960 facit,
1555 930 1609 955 aut
1628 925 1690 956 hoc
1706 932 1787 956 esset
1803 926 1923 957 ratione
1939 934 2069 958 naturae
2084 929 2214 968 agentis,
2230 936 2285 960 aut
2299 929 2419 959 ratione
2434 929 2525 970 quasi

1454 968 1678 1007 potentiarum,
1699 976 1754 1000 aut
1769 969 1891 1001 ratione
1914 971 2005 1011 quasi
2022 971 2204 1009 habituum3
2222 983 2297 1004 cum
2315 973 2348 1003 in
2371 973 2442 1004 Deo
2458 983 2525 1003 non

1454 1012 1566 1042 cadant
1596 1012 1825 1053 impedimenta
1853 1021 1884 1045 et
1913 1014 2190 1055 indispositiones,
2215 1023 2273 1048 etc.
2296 1017 2384 1048 Haec
2416 1023 2525 1048 autem

1454 1056 1563 1086 omnia
1586 1064 1661 1088 sunt
1684 1057 1809 1088 exclusa
1831 1057 1864 1088 in
1887 1058 2002 1089 littera:
2022 1059 2055 1089 in
2079 1059 2181 1099 prima
2204 1061 2335 1101 quidem
2359 1061 2522 1101 opinione,

1453 1106 1564 1130 natura
1588 1107 1619 1131 et
1641 1101 1798 1138 voluntas,
1814 1112 1850 1132 ac
1873 1112 1929 1142 per
1951 1103 2013 1133 hoc
2027 1102 2202 1134 intellectus
2225 1104 2394 1144 implicite;
2418 1105 2451 1135 in
2475 1115 2523 1136 se-

1453 1145 1556 1175 cunda
1570 1155 1645 1175 vero
1661 1145 1796 1182 habitus,
1814 1146 1932 1177 scilicet
1945 1146 2098 1187 sapientia
2112 1154 2143 1178 et
2157 1147 2284 1179 iustitia.
2300 1148 2403 1185 Unde,
2419 1148 2523 1180 omni-

1453 1189 1512 1219 bus
1535 1189 1714 1220 restrictivis
1734 1190 1876 1227 exclusis,
1894 1197 1989 1222 restat
2012 1191 2149 1222 ambitus
2169 1191 2292 1222 divinae
2315 1192 2475 1232 potentiae
2490 1192 2523 1223 in

1453 1243 1509 1263 sua
1532 1233 1697 1264 latitudine
1721 1235 1762 1265 ad
1785 1235 1935 1275 possibile
1958 1236 2112 1267 absolute.

1147 1394 1465 1436 ARTICULUS
1495 1394 1725 1437 SEXTUS.

793 1497 949 1528 UTRUM
973 1497 1085 1528 DEUS
1107 1496 1256 1527 Possm*
1281 1495 1478 1526 MEL10RA
1501 1495 1672 1527 FACERE
1696 1497 1753 1527 EA
1778 1498 1897 1535 QUAE
1922 1498 2052 1530 FACIT

1174 1575 1183 1600 I
1204 1575 1288 1604 Sent„
1309 1575 1368 1599 dist.
1386 1582 1453 1605 xuv,
1473 1579 1520 1600 art.
1544 1583 1565 1606 1,
1586 1582 1610 1606 2,
1632 1575 1655 1600 3.

446 1706 451 1715 .
478 1692 500 1716 κ
538 1678 560 1702 D
589 1677 730 1702 SEXTUM
759 1677 812 1702 sm
842 1676 1082 1702 PRocamrun.
1103 1664 1262 1701 Videtur
1290 1662 1395 1711 quod

353 1689 518 1777 ’ἥρω
538 1720 644 1755 Deus
664 1731 742 1756 non
762 1718 882 1767 possit
901 1718 1060 1755 meliora
1079 1717 1203 1754 facere
1224 1729 1269 1753 ea
1294 1727 1393 1763 quae

344 1773 393 1831 '152
438 1803 443 1808 ,
476 1758 635 1811 ''facit
657 1771 856 1819 Quidquid
877 1771 979 1808 enim
1007 1772 1114 1808 Deus
1143 1769 1240 1816 facit,
1261 1776 1394 1818 poten-

384 1840 396 1853 *
416 1826 473 1853 5‘›·
497 1818 681 1864 &tissime
700 1832 738 1862 et
765 1824 1041 1873 sapientissime
1062 1823 1159 1861 facit.
1191 1823 1268 1860 Sed
1288 1829 1392 1859 tanto

324 1878 367 1914 fit
395 1877 534 1926 aliquid
562 1878 710 1920 melius,
735 1885 878 1926 quanto
906 1878 949 1914 fit
966 1877 1158 1926 potentius
1187 1883 1223 1913 et
1246 1875 1392 1924 saplen-

324 1931 407 1968 tius.
430 1932 532 1978 Ergo
561 1933 667 1968 Deus
696 1943 774 1968 non
802 1938 927 1979 potest
955 1930 1097 1979 aliquid
1124 1936 1141 1951 ⁶⁶
1170 1929 1293 1966 facere
1314 1941 1393 1965 rne-

324 1984 393 2021 lius
421 1996 538 2032 quam
567 1984 664 2021 facit.

379 2050 413 2074 2.
430 2038 662 2084 PRAETEREA,
679 2036 925 2085 Augustinus,
942 2041 1075 2073 contra
1085 2035 1348 2072 Maximinum
1359 2034 1390 2081 ²¹²,

324 2090 376 2127 sic
404 2098 700 2138 argumentatur:
725 2091 759 2127 si
784 2091 888 2127 Deus
914 2089 1048 2138 potuit,
1079 2094 1115 2125 et
1139 2086 1156 2117 β
1185 2087 1313 2134 noluit,
1333 2088 1391 2137 gi-

322 2156 442 2193 gnere
458 2144 588 2192 filz'um
616 2143 688 2180 sibi
713 2142 930 2191 aequalem,
958 2142 1105 2179 invidus
1121 2142 1214 2190 fuit.
1242 2141 1390 2178 Eadem

324 2197 481 2243 ratione,
503 2197 533 2234 si
552 2199 658 2234 Deus
678 2202 691 2222 ⁷
710 2196 834 2245 potuit
853 2208 911 2232 res
933 2195 1110 2232 meliores
1130 2195 1253 2231 facere
1273 2206 1391 2244 quam

324 2250 463 2297 fecerit,
481 2259 517 2287 et
530 2249 661 2296 noluit,
678 2249 828 2286 invidus
849 2249 927 2286 fuit.
950 2248 1027 2285 Sed
1042 2247 1185 2285 invidia
1199 2254 1255 2284 est
1269 2247 1391 2284 omni-

324 2316 374 2340 no
405 2304 566 2351 relegata
586 2315 608 2340 a
627 2303 725 2339 Deo.
747 2303 859 2349 Ergo¹
878 2303 983 2338 Deus
1011 2300 1320 2349 unumquodque
1340 2301 1391 2337 fe-

323 2356 372 2393 cit
393 2356 594 2406 optimum.
616 2356 707 2392 Non
728 2367 817 2403 ergo
838 2356 944 2391 Deus
963 2361 1087 2403 potest
1106 2353 1248 2403 aliquid
1267 2354 1391 2390 facere

324 2410 458 2447 melius
487 2421 604 2458 quarn
632 2408 718 2445 fecit
746 2405 770 2444 ὃ.

380 2465 413 2500 3.
435 2464 668 2508 PRAETEREA,
685 2461 723 2498 id
743 2461 850 2509 quod
870 2467 925 2497 est
948 2460 1113 2497 maxime
1137 2467 1172 2496 et
1190 2460 1303 2496 valde
1324 2459 1391 2495 bo-

324 2529 428 2563 num,
446 2528 523 2553 non
539 2522 663 2564 potest
678 2514 813 2551 melius
828 2514 928 2551 fieri:
940 2513 1030 2561 quia
1044 2513 1214 2550 maximo
1230 2512 1320 2549 nihil
1337 2520 1393 2549 est

324 2570 459 2607 maius.
485 2569 574 2616 Sed,
596 2568 688 2605 sicut
716 2567 948 2615 Augustinus
974 2566 1062 2603 dicit
1089 2566 1127 2603 in
1146 2566 1339 2603 Enchirid.
1359 2565 1391 2612 ³¹⁸,

325 2624 424 2660 bona
458 2628 546 2659 sunt
579 2621 730 2671 singula
765 2632 862 2669 quae
898 2621 1002 2657 Deus
1025 2621 1143 2668 fecit,
1181 2619 1247 2656 sed
1281 2619 1394 2670 simul

326 2677 501 2713 universa
533 2675 643 2712 valde
670 2675 790 2710 hona:
819 2674 907 2722 quia
936 2685 986 2710 ex
1023 2673 1196 2710 omnibus
1230 2671 1395 2709 consistit

326 2729 575 2766 universitatis
597 2727 831 2764 admirabilis
843 2726 1096 2775 pulchritudo.
1114 2726 1215 2773 Ergo
1245 2726 1392 2762 bonurn

325 2782 492 2819 universi
519 2793 597 2818 non
625 2787 751 2829 potest
778 2779 913 2816 melius
941 2779 1023 2816 fieri
1052 2792 1074 2816 a
1102 2779 1200 2815 Deo.

379 2847 416 2882 4.
437 2836 670 2879 PRAETEREA,
691 2834 811 2870 homo
842 2832 1013 2869 Christus
1033 2840 1090 2869 est
1116 2833 1252 2880 plenus
1276 2831 1394 2879 gratia

327 2896 363 2925 et
390 2888 559 2934 veritate,
582 2894 617 2924 et
637 2886 818 2935 Spiritum
847 2886 962 2922 habet
982 2898 1061 2922 non
1081 2885 1129 2922 ad
1149 2897 1392 2922 mensuram:

327 2948 363 2978 et
390 2941 443 2978 sic
480 2953 559 2978 non
586 2947 711 2989 potest
748 2951 830 2976 esse
863 2939 1010 2976 melior.
1040 2938 1240 2976 Beatitudo
1280 2938 1393 2975 etiam

327 3002 452 3031 creata
481 2993 614 3031 dicitur
642 3005 724 3030 esse
753 3004 950 3029 summum
979 2992 1149 3029 bonum:
1179 2999 1216 3029 et
1243 2991 1297 3028 sic
1316 3003 1395 3028 non

359 1681 415 1724 23³⁵

264 3044 269 3047 ’
325 3055 451 3096 potest
479 3059 562 3084 esse
591 3045 737 3083 melius.
759 3046 877 3082 Beata
905 3045 1019 3082 etiarn
1046 3045 1155 3093 virgo
1185 3045 1307 3082 Maria
1341 3052 1396 3081 est

87 3269 97 3280 ⁸*
113 3268 180 3291 Vers.
195 3275 231 3291 20.

327 3113 442 3150 super
470 3112 605 3138 omnes
641 3099 780 3136 choros
813 3099 1035 3146 angelorum
1070 3099 1248 3135 exaltata:
1279 3105 1315 3135 et
1342 3097 1395 3135 sic

327 3166 405 3190 non
433 3160 558 3202 potest
587 3165 669 3190 esse
697 3151 843 3189 melior.
874 3152 965 3188 Non
994 3151 1104 3199 igitur
1137 3150 1268 3189 omnia
1295 3163 1394 3200 quae

329 3207 414 3244 fecit
441 3212 452 3227 ⁸
480 3208 597 3253 Deus,
618 3212 743 3254 potest
771 3205 894 3241 facere
924 3204 1093 3242 meliora.

384 3261 458 3296 SED
487 3271 632 3296 CONTRA
661 3269 726 3295 EST
755 3258 861 3306 quod
890 3257 1025 3295 dicitur
1052 3258 1103 3295 ad
1128 3259 1263 3306 Ephes.
1294 3269 1329 3294 111
1357 3257 1394 3305 ¹⁸⁸,

383 3373 410 3405 α)
430 3373 540 3405 aliquid.
559 3385 578 3397 -ε
596 3372 657 3397 Om.
676 3371 778 3396 codices
798 3377 823 3396 et
841 3371 892 3396 ab.

383 3406 408 3440 β)
425 3408 527 3439 potuit,
547 3410 581 3432 et.
599 3421 618 3426 -
637 3407 698 3432 Om.
717 3407 832 3438 codices;
853 3411 913 3439 post
932 3407 1068 3439 aequalem
1087 3406 1200 3432 BCEFG
1219 3406 1317 3432 addunt
1334 3413 1394 3432 cum

348 3443 454 3468 otuerit.

325 3450 346 3475 P
382 3478 408 3511 γ)
429 3478 510 3503 Deus.
529 3492 547 3497 -
565 3477 626 3502 Om.
647 3478 756 3502 codices.
770 3491 789 3496 -
808 3477 871 3502 Item
890 3484 950 3502 mox
969 3480 995 3502 et
1015 3478 1109 3504 noluit.

383 3512 407 3545 δ)
419 3513 498 3546 fecit.
515 3527 535 3532 -
549 3513 619 3546 facit
637 3513 724 3542 AEab,
738 3513 827 3546 saciat
847 3512 875 3537 F.

381 3548 403 3580 ε)
415 3549 493 3581 fecit.
510 3562 529 3567 -
540 3548 611 3582 facit
629 3548 771 3573 ABCDEF.

382 3582 407 3615 ζ)
422 3586 518 3615 potens
537 3586 584 3608 est.
602 3596 622 3603 -
635 3586 726 3615 potest
744 3582 773 3608 P.

383 3619 410 3650 η)
429 3618 546 3650 aliquam
566 3626 621 3643 rem
641 3619 808 3644 meliorem...
827 3625 859 3644 ea
872 3619 1015 3644 meliorem.
1027 3632 1047 3637 -
1060 3625 1116 3644 rem
1135 3618 1254 3651 anquam
1272 3624 1327 3643 esse
1340 3624 1394 3643 me-

1451 1662 1556 1710 quod
1585 1664 1691 1700 Deus
1713 1669 1847 1712 potens
1866 1664 1946 1701 est&
1965 1666 2093 1702 omnia
2109 1667 2249 1714 facere
2266 1667 2520 1704 abundantius

1449 1727 1564 1763 quam
1586 1717 1750 1764 petimus
1778 1723 1846 1754 aut
1871 1718 2122 1767 intelligimus.

1503 1770 1728 1806 RESPONDEO
1757 1782 1941 1807 DICENDUM
1970 1771 2075 1819 quod
2099 1771 2250 1808 bonitas
2277 1771 2435 1809 alicuius
2463 1771 2518 1809 rei

1449 1830 1505 1859 est
1525 1822 1676 1871 duplex.
1697 1823 1783 1860 Una
1802 1822 1970 1871 quidem,
1991 1835 2091 1871 quae
2116 1830 2172 1860 est
2196 1824 2243 1860 de
2263 1825 2426 1862 essentia
2445 1825 2516 1871 rei3

1449 1875 1544 1912 sicut
1573 1887 1654 1912 esse
1684 1875 1866 1912 rationale
1897 1883 1952 1912 est
1980 1875 2028 1913 de
2063 1876 2226 1913 essentia
2258 1876 2439 1914 hominis.
2468 1877 2519 1915 Et

1448 1936 1635 1977 quantum
1655 1928 1705 1965 ad
1723 1929 1798 1965 hoc
1827 1929 1986 1975 bonurn,
2008 1930 2115 1966 Deus
2134 1941 2213 1966 non
2240 1937 2367 1978 potest
2394 1929 2518 1968 facere

1447 1982 1615 2031 aliquam
1636 1993 1717 2018 rem
1738 1981 1939 2018 meliorem
1968 1994 2086 2030 quam
2105 1981 2188 2030 ipsa
2213 1982 2270 2029 sit,
2290 1982 2376 2019 licet
2397 1982 2520 2031 possit

1447 2035 1572 2072 facere
1601 2034 1767 2083 aliquam
1796 2035 1911 2071 aliam
1931 2047 1976 2071 ea
2004 2034 2205 2072 meliorem
2223 2041 2249 2073 η.
2271 2035 2376 2072 Sicut
2403 2035 2518 2073 etiam

1447 2100 1526 2125 non
1554 2095 1679 2137 potest
1707 2088 1830 2124 facere
1864 2088 2149 2136 quaternarium
2177 2088 2382 2126 maiorem:
2413 2089 2517 2138 quia,

1447 2141 1478 2178 si
1507 2148 1606 2178 esset
1633 2141 1772 2187 maior,
1803 2140 1880 2177 iam
1909 2153 1988 2178 non
2017 2149 2115 2178 esset
2144 2142 2418 2190 quaternarius,
2448 2141 2517 2185 sed

1447 2194 1542 2230 alius
1570 2206 1761 2231 numerus.
1785 2193 1847 2230 Sic
1876 2194 1978 2230 enim
1997 2191 2010 2214 ⁰
2031 2206 2070 2230 se
2099 2195 2214 2232 habet
2242 2194 2385 2232 additio
2411 2194 2517 2232 diffe-

1447 2247 1588 2284 rentiae
1616 2246 1867 2283 substantialis
1895 2247 1934 2283 in
1963 2247 2265 2295 definitionibus,
2291 2248 2388 2285 sicut
2415 2247 2518 2286 addi-

1447 2299 1499 2336 tio
1526 2299 1678 2336 unitatis
1706 2299 1744 2336 in
1773 2299 1954 2345 numeris,
1980 2307 2021 2336 ut
2049 2300 2185 2337 dicitur
2208 2300 2246 2337 in
2274 2301 2362 2338 VIII
2390 2302 2516 2338 Meta—

1440 2353 1554 2401 phys.
1576 2351 1596 2374 ²¹²
1614 2352 1698 2389 Alia
1719 2352 1868 2388 bonitas
1898 2359 1964 2399 est,
1985 2364 2084 2400 quae
2106 2360 2161 2389 est
2189 2360 2291 2390 extra
2313 2354 2516 2392 essentiam

1448 2406 1518 2452 rei;
1543 2405 1639 2442 sicut
1657 2406 1804 2442 bonum
1833 2404 1998 2442 hominis
2027 2413 2082 2442 est
2109 2418 2193 2442 esse
2220 2406 2435 2444 virtuosum
2453 2407 2517 2444 vel

1448 2458 1669 2507 sapientem.
1690 2459 1739 2495 Et
1758 2458 1971 2495 secundum
1991 2459 2064 2495 tale
2086 2459 2245 2506 bonurn,
2266 2466 2392 2507 potest
2409 2461 2516 2498 Deus

1448 2524 1507 2548 res
1523 2524 1545 2548 a
1565 2524 1604 2548 se
1625 2511 1740 2548 factas
1756 2511 1880 2548 facere
1900 2511 2077 2548 meliores
2090 2512 2121 2549 ²⁸.
2140 2511 2367 2561 Simpliciter
2386 2520 2515 2551 autem

1448 2565 1664 2613 loquendo,
1695 2564 1863 2612 qualibet
1896 2576 1935 2601 re
1964 2577 1986 2602 a
2015 2577 2055 2601 se
2084 2565 2181 2602 faeta
2216 2572 2343 2614 potest
2373 2567 2480 2604 Deus
2508 2572 2517 2588 ⁸

1446 2618 1570 2655 facere
1599 2617 1711 2654 aliam
1740 2617 1942 2654 meliorem
1970 2617 2000 2654 ²¹².

1500 2672 1560 2708 An
1589 2682 1725 2708 ptumum
1758 2682 1856 2707 ERGO
1891 2682 2075 2708 memnon
2104 2671 2226 2720 quod,
2266 2684 2354 2708 cum
2385 2671 2518 2710 dicitur

1448 2725 1576 2764 Deum
1604 2735 1719 2773 posse
1743 2723 1883 2772 aliquid
1912 2724 2037 2767 facere
2055 2723 2192 2761 melius
2220 2736 2338 2773 quam
2366 2725 2466 2773 facit,
2485 2724 2519 2763 si

1448 2778 1486 2826 ly
1513 2777 1646 2814 melius
1674 2777 1720 2814 sit
1747 2789 1913 2824 nomen,
1943 2789 2080 2814 verum
2110 2784 2186 2814 est:
2216 2777 2385 2825 qualibet
2413 2777 2517 2816 enim

1449 2843 1487 2867 re
1515 2837 1640 2880 potest
1676 2830 1800 2866 facere
1829 2830 1942 2867 aliam
1971 2830 2183 2867 meliorem.
2213 2831 2389 2868 Eandem
2421 2843 2516 2869 vero

1449 2891 1574 2933 potest
1592 2884 1715 2921 facere
1731 2883 1928 2920 meliorem
1951 2883 2255 2933 quodammodo,
2273 2891 2309 2920 et
2327 2884 2516 2932 quodam-

1451 2937 1569 2975 modo
1598 2949 1689 2983 non,
1710 2936 1805 2973 sicut
1827 2936 1968 2973 dictum
1998 2943 2053 2974 est
2074 2935 2106 2973 *.
2128 2936 2169 2973 Si
2195 2947 2290 2973 vero
2319 2937 2358 2985 ly
2384 2937 2517 2974 melius

1450 2991 1496 3028 sit
1523 2990 1762 3037 adverbium,
1793 2997 1828 3027 et
1855 2990 2035 3039 importet
2062 2989 2222 3027 modum
2252 3001 2298 3026 ex
2329 2997 2434 3039 parte
2463 2990 2515 3028 fa-

1451 3043 1593 3091 cientis,
1614 3043 1667 3080 sic
1686 3044 1792 3080 Deus
1821 3055 1899 3080 non
1918 3050 2044 3092 potest
2062 3043 2186 3080 facere
2210 3042 2346 3080 melius
2365 3049 2379 3064 ‘⁸
2397 3055 2515 3093 quam

1450 3097 1546 3134 sicut
1573 3096 1679 3133 facit:
1709 3095 1799 3144 quia
1827 3108 1906 3133 non
1933 3103 2059 3146 potest
2076 3095 2200 3132 facere
2229 3107 2275 3132 ex
2303 3096 2440 3134 maiori
2459 3109 2516 3134 sa-

1450 3149 1591 3199 pientia
1629 3157 1664 3186 et
1691 3149 1872 3187 bonitate.
1901 3149 1939 3186 Si
1970 3157 2098 3186 autem
2136 3148 2315 3197 importet
2352 3149 2514 3187 modum

1451 3216 1496 3240 ex
1524 3211 1630 3253 parte
1659 3202 1756 3249 facti,
1778 3203 1830 3239 sic
1858 3210 1984 3251 potest
2009 3202 2134 3239 facere
2153 3201 2310 3239 melius:
2339 3202 2428 3252 quia
2447 3215 2515 3252 po-

1449 3264 1521 3294 test
1550 3257 1639 3294 dare
1669 3257 1782 3293 rebus
1801 3268 1824 3292 a
1852 3268 1892 3293 se
1921 3255 2025 3293 factis
2045 3255 2245 3292 meliorem
2275 3255 2438 3293 modurn
2457 3268 2514 3293 es-

1450 3371 1541 3396 liorem
1561 3378 1640 3404 quam
1660 3371 1718 3403 ipsa
1736 3371 1779 3400 sit,
1798 3370 1846 3396 sed
1859 3372 1950 3402 potest
1967 3369 2084 3401 aliquam
2103 3369 2185 3394 aliam
2199 3376 2230 3394 ea
2249 3368 2383 3394 meliorem
2403 3369 2439 3399 G,
2457 3376 2512 3394 rem

1449 3406 1566 3439 aliquam
1592 3406 1726 3431 meliorem
1751 3413 1831 3438 quam
1850 3405 1885 3430 ait
1902 3405 1933 3434 Α,
1954 3411 2009 3429 rem
2033 3404 2150 3438 aliquam
2169 3411 2225 3429 esse
2248 3404 2382 3429 meliorem
2401 3404 2436 3433 Β,
2455 3408 2518 3429 rem·

1448 3442 1566 3474 aliquam
1585 3442 1668 3466 aliam
1687 3448 1743 3467 esse
1761 3441 1896 3466 meliorem
1909 3439 1937 3470 C,
1951 3446 2007 3464 rem
2025 3439 2143 3472 aliquam
2157 3439 2239 3465 aliam
2257 3446 2290 3464 ea
2305 3439 2438 3465 meliorem
2458 3439 2513 3470 DE.

1449 3483 1503 3501 rem
1523 3477 1640 3509 aliquam
1659 3483 1692 3501 ea
1710 3476 1844 3501 meliorem
1863 3475 1896 3505 F;
1915 3482 1963 3507 pro
1981 3475 2049 3504 licet,
2063 3475 2111 3500 sed
2129 3475 2171 3500 ed.
2183 3482 2208 3500 a.

1502 3510 1526 3544 θ)
1545 3513 1625 3537 enim.
1643 3525 1662 3532 -
1679 3515 1769 3537 autem
1787 3510 1899 3535 codices.

1502 3547 1519 3579 ι)
1541 3547 1622 3572 Deus.
1640 3561 1658 3566 —
1676 3547 1737 3572 Om.
1757 3546 1867 3571 codices.

1500 3582 1525 3616 κ)
1546 3589 1597 3607 non
1613 3585 1704 3614 potest
1715 3581 1809 3615 facere
1828 3580 1929 3606 melius.
1942 3594 1961 3600 -
1979 3587 2031 3606 non
2046 3584 2137 3614 potest
2146 3581 2243 3614 facere
2261 3579 2354 3606 melius
2371 3579 2463 3612 aliqua
2481 3580 2510 3609 B,

1447 3624 1504 3642 non.
1514 3620 1605 3649 potest
1617 3617 1711 3651 facere
1729 3616 1822 3641 melius
1840 3616 1943 3649 aliquid
1962 3617 2048 3642 ceteri.
2231 3622 2236 3626 ’

2561 358 2709 408 mro

2557 668 2566 677 ·
2582 666 2617 689 Cf.
2633 673 2703 690 num.
2713 673 2735 690 ι.

2545 2363 2554 2373 ·
2565 2362 2646 2385 S.Th.
2660 2364 2713 2387 lect.
2721 2370 2757 2386 m.

2544 2399 2555 2404 -
2569 2389 2624 2412 Did.
2644 2390 2684 2412 lib.
2698 2390 2757 2418 vu,

2544 2421 2595 2443 etp.
2610 2422 2631 2445 3,
2646 2422 2670 2439 n.
2681 2417 2703 2439 8.

2542 2519 2597 2574 3⁰12..
2618 2525 2660 2543 202
2670 2537 2676 2548 ,
2698 2527 2742 2550 ²9⁴
2751 2537 2758 2548 ,

2646 2584 2655 2600 ι

2541 2625 2553 2637 “
2570 2624 2599 2648 D.
2613 2631 2651 2653 ¹¹5-

2542 2948 2554 2960 ⁸
2568 2948 2594 2970 In
2609 2953 2717 2977 corpore.
