2768 4178
55 512 65 522 '
84 511 151 533 Vers.
164 517 196 539 ¹9-

157 1482 171 1498 κ

55 1526 66 1536 “
84 1526 150 1548 Vers.
161 1532 177 1552 4
192 1532 227 1554 sq.

59 2040 68 2049 ·
85 2039 140 2067 Cap.
152 2045 192 2065 vn,
208 2045 230 2060 n.
241 2045 260 2067 3.

309 271 351 306 18

300 350 385 386 Deo
406 347 617 385 secundum
638 346 743 394 quod
765 353 820 382 est
839 344 1019 382 altissima
1035 357 1165 382 causa:
1187 344 1276 394 quia
1291 357 1371 383 non

300 403 425 439 solum
446 408 630 450 quantum
659 399 707 436 ad
734 399 823 436 illud
843 398 950 447 quod
964 404 979 421 ⁷¹
1007 405 1063 435 est
1086 410 1157 447 per
1180 405 1370 435 creaturas

300 454 554 503 cognoscibile
592 452 722 501 (quod
753 451 973 501 philosophi
1010 458 1295 499 cognoverunt,
1329 459 1372 488 ut

300 509 434 547 dicitur
452 509 565 545 Rom.
582 519 592 543 1
607 506 643 543 *ε
672 506 774 555 quod
791 511 920 542 notum
940 510 996 541 est
1012 505 1101 550 Dei,
1127 505 1369 553 manifestum

299 568 352 599 est
379 561 482 610 illis);
511 561 578 598 sed
608 559 722 597 etiam
751 566 936 608 quantum
963 557 1012 595 ad
1041 557 1079 595 id
1098 557 1205 606 quod
1233 565 1369 595 notum

300 623 356 652 est
382 614 452 651 sibi
479 613 549 650 soli
578 613 626 650 de
655 613 793 662 seipso,
824 619 861 648 et
888 611 968 648 aliis
986 616 1066 660 'per
1094 611 1369 648 revelationem

300 667 636 705 communicatum.
666 666 778 704 Unde
803 677 910 702 sacra
930 664 1100 701 doctrina
1119 663 1288 701 maxime
1317 664 1370 702 di-

300 722 393 758 citur
420 720 615 770 sapientia.

351 777 410 811 AD
431 786 569 811 PRIMUM
592 784 691 810 ERGO
713 783 898 809 mcannuu
926 771 1034 819 quod
1058 782 1166 807 sacra
1195 770 1369 808 doctrina

298 840 377 865 non
405 827 586 876 supponit
614 838 683 863 sua
702 825 887 875 principia
906 825 955 861 ab
976 824 1103 873 aliqua
1122 823 1280 861 scientia
1298 824 1369 861 hu-

299 893 430 918 mana:
452 881 520 918 sed
539 893 561 917 a
581 879 738 917 scientia
759 878 900 926 divina,
917 890 940 915 a
954 890 1043 926 qua,
1060 877 1155 914 sicut
1175 890 1197 914 a
1216 889 1369 914 summa

298 934 492 984 sapientia,
523 933 647 971 omnis
676 940 805 970 nostra
841 931 1004 980 cognitio
1034 931 1231 968 ordinatur
1249 929 1272 967 ⁰.

350 989 409 1025 AD
438 999 629 1025 SECUNDUM
658 998 844 1024 DICENDUM
873 985 980 1033 quod
1006 985 1167 1022 aliarum
1196 984 1369 1021 scientia-

299 1054 385 1079 rum
418 1040 603 1090 principia
630 1040 692 1077 vel
722 1047 809 1076 sunt
834 1051 904 1088 per
931 1051 972 1076 se
1001 1046 1110 1085 nota,
1147 1045 1184 1075 et
1214 1038 1370 1087 probari

298 1108 376 1132 non
395 1101 574 1144 possunt:
594 1094 657 1131 vel
675 1105 745 1142 per
764 1092 932 1141 aliquam
953 1091 1140 1129 rationem
1156 1092 1369 1128 naturalem

296 1149 507 1197 probantur
535 1147 572 1184 in
592 1147 717 1195 aliqua
735 1153 743 1167 ⁴
767 1146 839 1182 alia
858 1145 1025 1183 scientia.
1055 1145 1215 1194 Propria
1239 1152 1368 1182 autem

296 1202 409 1239 huius
438 1201 615 1238 scientiae
645 1199 809 1248 cognitio
831 1207 897 1247 est,
919 1211 1018 1248 quae
1048 1206 1103 1236 est
1129 1211 1200 1248 per
1224 1199 1370 1236 revela—

296 1255 464 1293 tionem:
495 1267 574 1292 non
602 1261 731 1290 autem
760 1265 860 1302 quae
889 1260 945 1290 est
971 1264 1041 1302 per
1069 1253 1283 1290 naturalem
1312 1265 1370 1290 ra-

295 1309 455 1346 tionem.
494 1309 544 1345 Et
577 1307 665 1345 ideo
703 1319 782 1344 non
809 1307 972 1356 pertinet
1000 1306 1050 1343 ad
1078 1318 1165 1343 eam
1203 1306 1370 1355 probare

295 1362 480 1412 principia
508 1361 667 1399 aliarum
693 1360 947 1407 scientiarum,
969 1359 1038 1397 sed
1058 1360 1183 1396 solum
1202 1359 1370 1397 iudicare

298 1417 345 1454 de
375 1416 449 1453 eis:
480 1414 666 1464 quidquid
695 1413 857 1451 enimin
881 1413 961 1451 aliis
986 1413 1150 1450 scientiis
1178 1413 1370 1451 invenitur

296 1469 444 1507 veritati
474 1468 586 1506 huius
615 1467 794 1505 scientiae
819 1474 832 1488 ’‘
861 1479 1095 1516 repugnans,
1125 1473 1248 1504 totum
1279 1479 1368 1504 con-

297 1524 499 1561 demnatur
516 1529 558 1559 ut
577 1522 733 1559 falsum:
761 1522 863 1558 unde
885 1520 1019 1558 dicitur
1034 1521 1065 1557 II
1087 1521 1174 1557 Cor.
1191 1520 1260 1557 x*:
1282 1533 1369 1557 con-

348 1639 375 1670 η)
395 1637 475 1671 quod.
492 1651 511 1656 -
528 1636 575 1662 sed
593 1636 664 1668 quod
683 1636 730 1668 pB,
749 1635 892 1660 secundum
913 1635 985 1668 quod
1003 1636 1046 1665 sB,
1067 1639 1096 1660 ut
1115 1635 1145 1660 E.
1157 1649 1176 1654 -
1191 1635 1218 1659 ln
1236 1639 1306 1660 textu
1325 1635 1367 1660 cit.

296 1682 344 1707 pro
363 1674 423 1703 illis,
444 1673 470 1698 in
490 1672 544 1698 illis
562 1671 675 1696 codices.

349 1708 374 1742 Θ)
393 1709 546 1734 ordinatur.
563 1721 583 1727 -—
601 1707 756 1740 ortginatur
775 1707 818 1732 sC.

351 1745 369 1778 ι)
388 1745 488 1777 aliqua.
505 1757 524 1762 -
543 1750 597 1768 una
616 1743 718 1768 codices
738 1747 763 1767 et
782 1742 823 1767 ed.
836 1749 861 1766 a.

350 1781 375 1813 κ)
395 1779 529 1806 scientiae.
548 1793 566 1798 -
584 1778 723 1803 doctrinae
742 1778 854 1802 codices.

349 1815 378 1848 λ)
398 1815 535 1841 iudicium.
553 1828 572 1833 -
591 1814 712 1839 iudicare
729 1814 759 1838 B.
777 1827 795 1832 -
814 1813 864 1838 Pro
883 1813 1038 1846 sapientem,
1058 1812 1220 1844 sapientiam
1239 1812 1307 1837 DsF.

1029 266 1298 314 QUAESTIO
1330 267 1361 314 I,
1391 266 1691 304 ARTICULUS
1720 267 1771 303 VI

1424 345 1508 383 silia
1527 346 1766 392 destruentes,
1787 351 1823 382 et
1840 358 1991 383 omnem
2011 345 2243 383 altitudinem
2264 344 2500 382 extollentem

1424 411 1463 436 se
1491 399 1673 436 adversus
1699 399 1895 436 scientiam
1924 399 2009 436 Dei.

1478 454 1538 489 AD
1566 464 1728 490 TERTmM
1757 465 1943 490 mcaNDUM
1963 452 2081 502 quod,
2103 463 2191 488 cum
2212 450 2396 488 iudicium
2415 450 2428 471 ³
2453 450 2502 488 ad

1425 506 1637 555 sapientem
1663 505 1862 554 pertineat,
1883 506 2097 543 secundum
2117 504 2308 554 duplicem
2337 504 2502 541 modum

1423 559 1630 606 iudicandi,
1653 559 1850 608 dupliciter
1875 559 2060 608 sapientia
2084 557 2277 607 accipitur.
2309 557 2504 605 Contingit

1425 612 1528 649 enim
1546 612 1713 662 aliquem
1733 612 1912 660 iudicare,
1932 625 2011 650 uno
2035 612 2155 649 modo
2175 624 2245 661 per
2264 611 2427 648 modum
2447 610 2503 647 in—

1425 665 1654 703 clinationis:
1685 665 1782 703 sicut
1809 666 1875 715 qui
1903 667 2020 703 habet
2047 665 2222 703 habitum
2250 663 2415 711 virtutis,
2446 676 2504 700 re-

1425 726 1483 756 cte
1510 718 1653 756 iudicat
1681 718 1729 756 de
1756 718 1815 756 his
1845 731 1944 767 quae
1973 727 2061 757 sunt
2089 718 2303 756 secundum
2323 718 2503 755 virtutem

1424 772 1584 819 agenda,
1614 772 1843 822 inquantum
1868 773 1917 810 ad
1946 772 2008 810 illa
2033 780 2053 800 Ι*
2080 772 2302 810 inclinatur:
2332 771 2438 809 unde
2468 779 2505 807 et

1424 824 1462 861 in
1488 826 1524 862 X
1543 826 1665 862 Ethic.
1685 825 1706 847 '¹‘
1733 825 1868 863 dicitur
1892 827 1999 874 quod
2017 826 2211 863 virtuosus
2240 832 2296 862 est
2323 837 2504 862 mensura

1424 886 1460 915 et
1488 878 1618 926 regula
1647 886 1802 916 actuum
1831 880 2104 917 humanorum.
2143 879 2231 916 Alio
2265 878 2405 927 modo,
2434 890 2505 927 per

1422 931 1586 969 modum
1621 931 1868 980 cognitionis:
1907 933 2005 970 sicut
2038 932 2175 981 aliquis
2194 939 2206 952 '
2230 932 2433 969 instructus
2466 931 2505 979 in

1423 984 1580 1022 scientia
1608 984 1756 1032 morali,
1785 993 1916 1034 posset
1944 985 2114 1023 iudicare
2144 986 2192 1023 de
2221 985 2368 1022 actibus
2386 985 2504 1022 virtu-

1423 1038 1481 1086 tis,
1503 1037 1618 1075 etiam
1638 1038 1668 1075 si
1685 1037 1867 1075 virtutem
1882 1036 1896 1062 ξ
1915 1051 1994 1076 non
2019 1040 2189 1076 haberet.
2221 1039 2374 1076 Primus
2393 1038 2506 1086 igitur

1423 1092 1565 1129 modus
1593 1091 1787 1129 iudicandi
1816 1092 1864 1129 de
1884 1092 1999 1129 rebus
2024 1092 2174 1140 divinis,
2195 1091 2359 1142 pertinet
2377 1091 2427 1129 ad
2447 1103 2505 1128 sa-

1423 1145 1607 1195 pientiam
1628 1157 1728 1193 quae
1749 1145 1906 1194 ponitur
1925 1144 2073 1182 donum
2102 1145 2263 1195 Spiritus
2284 1145 2425 1193 Sancti,
2446 1157 2504 1182 se-

1425 1199 1597 1236 cundum
1626 1198 1718 1237 illud
1747 1200 1761 1235 I
1788 1199 1875 1236 Cor.
1898 1211 1920 1236 11
1940 1198 1978 1235 *z
2007 1198 2212 1247 spiritualis
2230 1199 2344 1236 homo
2365 1198 2508 1236 iudicat
2532 1205 2542 1215 '

1423 1253 1565 1299 omnia,
1587 1260 1676 1290 etc.:
1707 1259 1743 1289 et
1756 1257 1769 1272 ⁰
1790 1252 1998 1301 Dionysius
2018 1252 2119 1300 dicit,
2141 1265 2164 1289 11
2185 1264 2268 1301 cap.
2289 1252 2335 1289 de
2353 1251 2505 1290 Divinis

1423 1306 1655 1344 Nominibus
1677 1305 1719 1343 *ε
1752 1306 1985 1343 Hierotheus
2021 1306 2151 1343 doctus
2183 1311 2239 1343 est
2271 1317 2346 1342 non
2379 1305 2504 1342 solum
2532 1312 2542 1320 ·

1424 1360 1589 1406 discens,
1617 1360 1684 1396 sed
1716 1365 1753 1396 et
1782 1359 1933 1408 patiens
1960 1360 2102 1397 divina.
2138 1358 2342 1396 Secundus
2371 1365 2504 1396 autem

1423 1413 1564 1451 modus
1582 1412 1776 1450 iudicandi
1803 1413 1967 1462 pertinet
1985 1413 2035 1450 ad
2059 1414 2159 1450 hanc
2189 1412 2414 1461 doctrinam,
2445 1423 2504 1450 se·

1424 1466 1595 1504 cundum
1628 1467 1734 1516 quod
1767 1479 1838 1516 per
1870 1466 2041 1504 studium
2078 1466 2263 1513 habetur;
2301 1466 2388 1503 licet
2421 1465 2504 1503 eius

1423 1519 1610 1570 principia
1639 1532 1685 1557 ex
1713 1520 1949 1558 revelatione
1977 1520 2205 1558 habeantur.

1477 1635 1505 1668 μ.)
1519 1635 1574 1660 illa.
1591 1649 1611 1655 -
1629 1635 1676 1660 illa
1682 1635 1814 1670 facienda
1828 1636 1858 1661 Β.
1871 1649 1889 1656 -
1902 1636 1953 1661 Pro
1965 1639 1992 1661 et
2005 1636 2031 1661 in
2047 1635 2078 1660 X
2089 1635 2177 1660 Ethic.
2189 1635 2298 1665 dicitur,
2316 1638 2343 1660 et
2357 1634 2384 1660 in
2401 1634 2503 1661 Eihieis

1422 1670 1523 1696 dicitur
1535 1670 1639 1696 codices
1653 1676 1680 1696 et
1691 1671 1733 1696 ed.
1743 1671 1767 1699 b.
1778 1671 1879 1697 dicitur
1893 1671 1920 1696 in
1934 1671 1998 1697 ecel’
2008 1671 2049 1696 ed.
2059 1678 2086 1696 a.
2100 1671 2199 1696 Eadem
2213 1678 2261 1703 pro
2271 1671 2376 1704 regula,
2390 1674 2501 1696 natura.

1476 1706 1499 1738 ν)
1518 1706 1624 1739 aliquis.
1642 1720 1661 1727 —-
1678 1707 1785 1732 animus
1804 1707 1834 1732 B.

1477 1740 1500 1774 ξ)
1519 1742 1655 1768 virtutem.
1673 1756 1692 1761 -
1710 1742 1829 1768 habitum
1847 1742 1993 1772 ABCDEF,
2013 1742 2133 1768 habitum
2153 1741 2265 1767 virtutis
2284 1741 2318 1768 G.

1476 1777 1502 1810 ο)
1522 1781 1586 1803 etc.:
1603 1781 1638 1803 et.
1656 1791 1676 1797 -
1696 1778 1762 1803 Item
1780 1781 1807 1803 et
1819 1778 1850 1803 B.
1868 1792 1888 1797 -
1907 1778 1975 1803 Ante
1990 1778 2153 1803 Hier-etheus
2173 1778 2276 1803 codices
2295 1783 2322 1803 et
2340 1777 2384 1803 ab
2403 1777 2503 1803 addunt

1421 1813 1502 1845 quod.
1518 1827 1538 1832 -
1555 1817 1582 1838 et
1600 1818 1659 1839 ante
1673 1814 1783 1846 patiens
1801 1821 1855 1839 om.
1869 1813 2018 1839 ACDEFG.
2426 1812 2428 1819 ⁸

975 1874 1311 1907 Commentario.
1333 1873 1587 1908 cardinalis
1609 1875 1812 1908 Caietani

329 1960 348 1980 N
371 1948 481 1984 titulo,
507 1953 582 1977 nota
605 1946 638 1987 ly
661 1947 838 1986 sapientia,
864 1946 960 1982 idest,
986 1946 1099 1976 notitia
1125 1945 1309 1975 ordinatim
1340 1949 1371 1974 et

302 1963 502 2024 liudicativa
525 1991 565 2022 de
579 1991 665 2028 aliis,
685 1995 721 2020 ut
737 1995 848 2030 caput:
871 1990 933 2020 hoc
957 1989 1043 2020 enim
1060 1989 1230 2030 sapientiae
1249 1998 1370 2019 nomen

297 2039 457 2079 importat,
475 2043 510 2066 ut
526 2042 611 2075 patet
630 2035 672 2065 VI
689 2035 792 2065 Ethic.
807 2034 835 2071 ²⁸²,
861 2034 893 2064 in
918 2034 1085 2065 communi
1107 2033 1284 2074 loquendo.

355 2083 392 2113 11.
418 2081 453 2111 In
477 2089 609 2120 corpore
638 2089 703 2109 una
725 2078 888 2110 conclusio
919 2086 981 2115 est,
1011 2077 1195 2119 responsiva
1225 2077 1370 2119 quaesito

297 2125 494 2159 affirmative:
512 2125 604 2155 Sacra
620 2123 762 2154 doctrina
777 2130 823 2154 est
838 2123 975 2154 maxime
991 2122 1144 2164 sapientia
1159 2122 1241 2153 inter
1257 2131 1370 2152 omnes

297 2170 464 2213 sapientias
480 2169 646 2203 humanas,
664 2178 729 2198 non
746 2168 853 2199 solum
869 2167 901 2198 in
918 2177 1040 2207 genere,
1058 2167 1114 2197 sed
1130 2165 1324 2207 simpliciter.

356 2216 396 2246 Et
412 2215 536 2244 adverte
555 2212 645 2253 quod
657 2212 689 2253 ly
701 2212 886 2252 simpliciter
903 2211 1090 2242 determinat
1105 2210 1293 2251 sapientiam
1309 2210 1369 2241 hu-

298 2269 437 2295 manam,
454 2258 535 2288 sicut
551 2257 646 2288 etiam
661 2257 692 2298 ly
709 2257 741 2286 in
755 2264 893 2297 genere:
912 2256 954 2286 ita
970 2256 1059 2296 quod
1078 2265 1189 2286 sensus
1208 2261 1264 2292 est,
1280 2255 1370 2296 quod

298 2314 384 2335 sacra
407 2302 563 2335 doctrina.
587 2308 654 2331 tam
677 2301 772 2331 relata
799 2301 840 2331 ad
868 2300 1035 2341 sapientias
1058 2300 1091 2330 in
1114 2309 1242 2340 genere,
1271 2309 1370 2340 quam

299 2350 339 2380 ad
362 2347 548 2388 sapientiam
571 2345 746 2376 humanam
770 2345 962 2385 simpliciter,
987 2351 1034 2376 est
1053 2344 1191 2375 maxime
1207 2343 1370 2385 sapientia.

355 2393 408 2423 111.
432 2392 597 2422 Probatur.
623 2389 716 2420 Sacra
735 2389 878 2420 doctrina
894 2389 1081 2420 determinat
1097 2388 1315 2429 propriissime
1331 2389 1370 2419 de

299 2438 368 2468 Deo
384 2435 561 2467 secundum
575 2434 665 2475 quod
680 2441 727 2465 est
739 2434 889 2465 altissima
905 2443 1015 2465 causa:
1034 2443 1108 2474 ergo
1126 2443 1212 2464 sacra
1228 2432 1371 2464 doctrina

300 2489 346 2513 est
369 2480 505 2512 maxime
524 2478 685 2519 sapientia,
706 2485 765 2509 etc.
781 2496 801 2501 -
817 2479 1016 2509 Antecedens
1033 2478 1195 2519 probatur.
1214 2477 1371 2509 Determi-

299 2533 353 2557 nat
377 2526 414 2556 de
438 2525 517 2560 Deo,
538 2533 603 2554 non
627 2523 734 2554 solum
758 2529 794 2554 ut
817 2522 1023 2563 cognoscibili
1046 2532 1102 2563 per
1125 2529 1290 2558 creaturas,
1316 2522 1371 2552 sed

300 2570 476 2601 secundum
500 2568 588 2609 quod
612 2568 671 2599 sibi
695 2567 755 2598 soli
786 2567 968 2598 naturaliter
990 2574 1036 2598 est
1061 2574 1172 2598 notus:
1198 2576 1273 2607 ergo
1298 2576 1371 2607 pro-

300 2614 466 2654 priissime,
491 2620 549 2644 etc.

360 2659 414 2689 IV.
439 2657 531 2689 Circa
555 2656 741 2688 antecedens
765 2663 795 2687 et
819 2656 886 2686 eius
910 2655 1152 2696 probationem,
1177 2662 1253 2687 nota
1282 2656 1372 2697 quod

302 2714 339 2734 ea
362 2712 443 2743 quae
467 2701 559 2732 nobis
583 2700 764 2732 naturaliter
793 2700 917 2731 occulta
940 2706 1015 2731 sunt
1038 2700 1076 2730 de
1100 2700 1188 2737 Deo,
1219 2701 1371 2741 quemad—

302 2748 438 2778 modum
461 2746 561 2786 magis
585 2745 712 2787 propria
742 2751 815 2776 sunt
845 2745 914 2775 Deo
938 2744 971 2775 in
996 2745 1239 2785 cognoscendo,
1273 2745 1316 2776 ita
1341 2752 1372 2776 et

302 2792 335 2822 in
359 2791 503 2822 essendo.
528 2791 569 2821 Et
591 2796 758 2830 propterea
782 2789 910 2820 scientia
938 2789 1150 2820 determinans
1173 2789 1213 2820 de
1236 2789 1306 2820 Deo
1324 2799 1372 2820 se-

303 2836 446 2867 cundum
469 2835 523 2865 illa
545 2844 627 2876 quae
655 2833 714 2865 soli
738 2834 808 2864 Deo
832 2840 906 2864 sunt
929 2840 1014 2870 nota,
1032 2840 1078 2864 est
1094 2833 1223 2865 scientia
1246 2834 1285 2864 de
1301 2834 1371 2865 Deo

303 2890 340 2911 ex
367 2879 503 2920 propriis
536 2878 610 2910 Dei:
645 2885 675 2910 et
704 2878 777 2909 ideo
810 2878 924 2908 merito
956 2877 1069 2909 dicitur
1100 2878 1190 2919 quod
1219 2879 1371 2919 propriis-

303 2925 382 2955 sime
399 2923 585 2955 determinat
607 2923 646 2954 de
661 2923 741 2954 Deo.
766 2922 806 2954 Et
821 2922 976 2963 quoniam
992 2923 1169 2954 secundum
1185 2923 1371 2954 huiusmodi

303 2968 431 3010 propria
453 2968 608 2999 habentur
636 2967 739 3008 prima
766 2977 978 3008 supremaque
1000 2967 1215 3009 ,fundamenta
1239 2968 1371 2999 causali-

304 3013 374 3044 tatis
399 3012 538 3048 divinae,
563 3012 680 3043 idcirco
705 3011 818 3042 dicitur
841 3012 930 3052 quod
954 3011 1140 3043 determinat
1155 3012 1372 3053 propriissime

305 3059 343 3088 de
367 3058 437 3088 Deo
462 3057 636 3088 secundum
662 3056 747 3097 quod
770 3061 816 3087 est
839 3066 937 3087 causa
962 3057 1129 3087 altissima.

358 3102 573 3133 Veruntamen
588 3100 639 3132 hic
654 3107 765 3131 cautus
781 3107 863 3131 esto:
879 3100 1033 3141 quoniam
1049 3101 1081 3142 ly
1096 3101 1271 3132 secundum
1287 3101 1373 3142 quod

305 3152 351 3178 est
366 3146 522 3176 altissima
547 3155 646 3176 causa
666 3144 832 3185 dupliciter
847 3151 952 3185 potest
968 3145 1093 3186 exponi.
1119 3145 1193 3176 Uno
1208 3146 1320 3182 modo,
1339 3152 1374 3176 ut

305 3192 337 3232 ly
360 3190 534 3221 secundum
565 3189 751 3220 determinet
783 3189 939 3220 rationem
968 3189 1136 3220 formalem
1159 3189 1240 3226 Dei,
1264 3196 1300 3221 ut
1327 3196 1373 3221 est

306 3234 484 3265 subiectum
508 3244 611 3265 sacrae
635 3233 805 3264 doctrinae.
830 3234 871 3264 Et
890 3233 933 3264 sic
953 3234 1068 3264 falsum
1087 3241 1133 3265 est
1152 3241 1372 3275 assumptum:

306 3278 473 3319 quoniam,
503 3285 538 3309 ut
561 3278 594 3308 in
618 3278 761 3319 sequenti
785 3285 870 3319 patet
893 3278 1042 3314 articulo,
1071 3279 1158 3310 Deus
1181 3278 1373 3320 inquantum

306 3323 402 3358 Deus,
428 3329 473 3353 est
497 3323 674 3353 subiectum
700 3322 777 3358 eius,
801 3329 831 3353 et
858 3333 924 3353 non
952 3322 1143 3364 inquantum
1170 3333 1264 3354 causa
1289 3323 1373 3354 altis-

307 3367 396 3397 sima.
410 3385 430 3389 —
447 3367 520 3397 Alio
547 3367 661 3403 modo,
691 3373 727 3398 ut
749 3367 782 3408 ly
805 3367 979 3398 secundum
1004 3367 1190 3398 determinet
1212 3367 1374 3409 quandam

308 3411 475 3451 specialem
503 3411 659 3442 rationem
687 3411 764 3447 Dei,
795 3411 934 3442 clausam
964 3411 1044 3442 infra
1074 3411 1274 3443 latitudinem
1297 3421 1373 3443 con-

308 3455 466 3486 ditionum
490 3455 714 3495 pertinentium
745 3456 785 3486 ad
816 3455 1101 3487 considerationem
1130 3466 1234 3487 sacrae
1257 3455 1375 3487 doctri-

308 3509 376 3535 nae,
401 3509 439 3529 eo
464 3500 552 3540 quod
576 3499 780 3540 consequitur
803 3500 960 3531 deitatem.
985 3500 1026 3531 Et
1048 3500 1091 3531 sic
1110 3507 1157 3532 est
1178 3509 1303 3532 verum:
1327 3500 1375 3530 in-

308 3543 407 3574 tendit
427 3543 512 3574 enim
533 3543 632 3574 littera
656 3545 744 3585 quod
768 3554 854 3575 sacra
877 3544 1019 3575 doctrina
1042 3545 1219 3576 considerat
1242 3544 1282 3575 de
1305 3544 1374 3575 Deo

309 3587 525 3628 propriissime
538 3611 545 3623 ,
571 3595 600 3618 et
619 3595 848 3629 consequenter
871 3589 1046 3620 secundum
1063 3589 1152 3630 quod
1171 3589 1267 3620 etiam
1281 3598 1375 3620 causa

309 3631 471 3662 altissima:
499 3632 587 3673 quod
612 3632 650 3662 ad
675 3632 860 3672 sapientiam
884 3639 1012 3674 spectat.

1483 1945 1522 1976 V.
1547 1945 1788 1986 Consequentia
1803 1946 1820 1965 *
1841 1953 1950 1977 autem
1973 1946 2137 1987 probatur.
2170 1945 2329 1977 Iudicium
2359 1946 2399 1977 de
2422 1946 2503 1978 infe·

1423 1989 1560 2020 rioribus
1584 1989 1718 2021 habetur
1746 2000 1802 2031 per
1831 2000 1960 2021 causam
1991 1989 2158 2021 altiorem:
2193 1999 2268 2030 ergo
2300 1990 2503 2022 considerans

1423 2044 1554 2065 causam
1577 2034 1764 2066 altissimam
1787 2035 1910 2076 generis
1934 2034 2079 2071 alicuius,
2099 2041 2147 2066 est
2162 2034 2288 2075 sapiens
2311 2035 2344 2066 in
2367 2035 2425 2066 illo
2447 2045 2502 2076 ge-

1423 2089 1507 2110 nere.
1531 2079 1617 2119 Ergo
1634 2079 1838 2110 considerans
1855 2089 1984 2110 causam
2000 2079 2186 2120 simpliciter
2201 2079 2390 2110 altissimam
2403 2079 2503 2112 totius

1424 2123 1580 2159 universi,
1604 2123 1685 2154 idest
1707 2123 1833 2160 Deum,
1859 2131 1906 2154 est
1929 2124 2066 2154 maxime
2090 2123 2227 2165 sapiens.
2258 2124 2363 2165 Ergo.
2389 2123 2415 2155 si
2437 2133 2503 2166 qua

1424 2167 1602 2199 considerat
1625 2168 1732 2199 Deum
1755 2167 1974 2208 propriissime
1998 2168 2177 2199 secundum
2209 2168 2299 2209 quod
2330 2174 2378 2200 est
2407 2178 2503 2200 causa

1423 2211 1594 2248 altissima,
1623 2212 1676 2242 illa
1700 2219 1747 2243 est
1770 2212 1908 2243 maxime
1932 2212 2086 2253 sapientia
2109 2212 2191 2243 inter
2213 2223 2348 2249 omnes,
2378 2219 2446 2244 tam
2468 2212 2501 2244 in

1423 2266 1537 2297 genere
1552 2266 1651 2298 quam
1667 2256 1865 2297 simpliciter:
1889 2257 1982 2298 quod
1997 2263 2063 2288 erat
2079 2257 2308 2298 consequentia
2324 2257 2500 2298 probanda.

1480 2303 1694 2341 Assumptum
1707 2308 1753 2332 est
1767 2301 1899 2332 clarum.
1909 2320 1928 2324 -
1939 2301 1979 2332 Et
1991 2301 2094 2342 prima
2109 2301 2338 2343 consequentia
2349 2302 2504 2343 probatur

1424 2346 1565 2387 quidem,
1583 2345 1659 2386 quia
1675 2345 1824 2385 sapientis
1839 2353 1886 2376 est
1902 2345 2041 2376 iudicare
2057 2353 2088 2377 et
2105 2346 2265 2377 ordinare:
2283 2345 2504 2379 manifestatur

1423 2400 1500 2421 vero
1516 2390 1549 2420 in
1564 2399 1678 2430 genere
1701 2389 1845 2426 aedificii,
1870 2397 1900 2421 et
1916 2389 1949 2420 in
1972 2400 2086 2431 genere
2109 2390 2208 2422 totius
2227 2390 2387 2422 humanae
2407 2390 2502 2428 vitae,

1425 2444 1500 2466 cum
1523 2434 1762 2466 auctoritatibus
1786 2434 1966 2475 Scripturae
1985 2435 2150 2472 adiunctis,
2167 2442 2203 2466 ut
2221 2442 2308 2476 patet
2331 2435 2365 2466 in
2388 2434 2502 2467 littera.

1424 2497 1444 2502 -
1460 2478 1605 2510 Secunda
1623 2489 1699 2509 vero
1723 2489 1760 2510 ex
1783 2479 1898 2510 eodem
1912 2479 2044 2520 probata
2068 2479 2257 2521 relinquitur
2280 2479 2404 2516 medio,
2429 2480 2503 2511 sub-

1425 2523 1582 2554 intellecta
1605 2523 1903 2564 proportionalitate
1932 2533 2045 2555 causae
2075 2524 2245 2555 altissimae
2268 2524 2302 2555 in
2324 2533 2440 2564 genere
2463 2525 2504 2555 ad

1425 2567 1612 2608 sapientiam
1636 2568 1669 2598 in
1693 2577 1823 2608 genere,
1856 2575 1887 2599 et
1910 2578 2023 2599 causae
2046 2568 2217 2600 altissimae
2247 2568 2435 2609 simpliciter
2463 2569 2505 2600 ad

1425 2612 1613 2653 sapientiam
1636 2612 1835 2653 simpliciter:
1865 2619 1896 2644 et
1919 2622 1956 2644 ex
1979 2613 2164 2644 testimonio
2187 2612 2360 2654 Augustini
2389 2612 2504 2644 confir—

1425 2664 1539 2688 matur.
1564 2657 1707 2688 Vocatur
1722 2663 1831 2688 autem
1848 2656 1882 2687 in
1896 2657 1956 2688 hac
1972 2657 2163 2689 deductione
2179 2657 2334 2698 sapientia
2350 2657 2504 2699 simpliei-

1424 2709 1471 2733 ter
1485 2702 1627 2732 maxime
1645 2702 1815 2742 sapientia,
1833 2702 1872 2732 ad
1887 2702 2108 2734 denotandum
2131 2712 2296 2733 excessum
2319 2701 2388 2733 eius
2404 2712 2502 2744 super

1425 2745 1594 2787 sapientias
1610 2746 1643 2776 in
1659 2755 1783 2786 genere.
1796 2763 1815 2768 —
1825 2746 1933 2777 Tertia
1945 2753 2053 2778 autem
2065 2747 2294 2788 consequentia
2305 2756 2363 2788 per
2377 2757 2411 2778 se
2426 2753 2504 2779 nota

1425 2790 1623 2832 relinquitur.
1648 2789 1813 2828 Quoniam
1836 2790 1861 2821 si
1886 2791 2088 2822 considerans
2113 2791 2298 2832 simpliciter
2316 2791 2503 2823 altissimam

1426 2845 1568 2871 causam,
1598 2834 1679 2866 idest
1702 2835 1824 2871 Deum,
1857 2841 1903 2866 est
1926 2835 2111 2876 simpliciter
2139 2842 2171 2867 et
2193 2835 2331 2866 maxime
2355 2834 2502 2876 sapiens,

1425 2886 1569 2920 respectu
1593 2879 1785 2920 sapientium
1807 2879 1840 2910 in
1859 2889 1973 2920 genere
1995 2880 2058 2911 hoc
2081 2886 2137 2911 aut
2159 2880 2232 2917 i110;
2257 2886 2385 2920 oportet
2412 2880 2503 2921 quod

1425 2923 1629 2955 considerans
1653 2923 1787 2954 eandem
1818 2933 1947 2954 causam
1975 2924 2162 2955 altissimam
2185 2934 2222 2955 ex
2245 2923 2382 2965 propriis
2396 2947 2404 2960 ‚
2435 2933 2504 2956 non

1426 2969 1534 2999 solum
1550 2968 1590 3000 sit
1608 2967 1801 3009 simpliciter,
1818 2969 1874 2999 sed
1893 2975 1923 3000 et
1938 2969 2076 3000 maxime
2092 2969 2228 3010 sapiens,
2245 2974 2276 3000 et
2294 2975 2438 3009 respectu
2454 2978 2502 2999 sa·

1426 3012 1583 3053 pientium
1599 3012 1633 3043 in
1649 3022 1774 3053 genere,
1790 3019 1821 3044 et
1837 3020 1980 3053 respectu
1998 3013 2147 3054 sapientis
2163 3012 2364 3053 simpliciter;
2389 3019 2503 3054 utpote

1425 3057 1649 3088 transcendens
1664 3057 1773 3098 ipsum
1795 3056 1828 3087 in
1851 3057 1922 3094 hoc,
1940 3058 2030 3099 quod
2051 3054 2181 3099 propria
2196 3057 2366 3088 altissimae
2390 3066 2503 3089 causae

1426 3101 1567 3137 rimatur,
1579 3111 1654 3133 cum
1668 3101 1722 3132 ille
1736 3101 1824 3132 sistat
1837 3101 1870 3132 in
1885 3101 2122 3138 communibus,
2133 3108 2165 3133 et
2180 3101 2229 3133 his
2245 3111 2328 3143 quae
2343 3111 2400 3142 per
2414 3111 2503 3133 com-

1427 3146 1538 3176 munia
1553 3145 1624 3176 sciri
1640 3152 1786 3186 possunt.
1803 3145 1926 3178 Omnes
1938 3146 2024 3178 enim
2040 3146 2178 3177 rationes
2196 3156 2275 3188 quas
2292 3146 2331 3177 de
2349 3146 2420 3178 Deo
2436 3155 2502 3178 me-

1427 3190 1590 3231 taphysica
1612 3190 1716 3227 habet,
1740 3197 1795 3222 aut
1818 3198 1892 3222 sunt
1916 3201 2115 3227 communes,
2133 3190 2159 3222 si
2182 3197 2257 3222 sunt
2280 3190 2450 3231 simplices,
2467 3197 2504 3222 ut

1427 3244 1493 3270 ens,
1513 3244 1634 3270 verum,
1655 3235 1793 3272 bonum;
1818 3242 1873 3266 aut
1895 3242 1970 3266 sunt
1993 3245 2030 3266 ex
2049 3235 2277 3266 communibus
2294 3234 2501 3276 compositae,

1427 3279 1453 3309 si
1477 3285 1552 3310 sunt
1574 3278 1720 3320 propriae
1744 3279 1824 3316 Deo,
1845 3286 1881 3311 ut
1903 3286 1991 3311 actus
2014 3289 2124 3320 purus,
2149 3279 2290 3320 primum
2314 3290 2380 3316 ens,
2397 3285 2456 3311 etc.

1485 3323 1539 3354 VI.
1566 3323 1600 3354 In
1625 3323 1832 3364 responsione
1849 3324 1889 3354 ad
1903 3323 2219 3360 tertium‚'inducitur
2234 3324 2304 3355 laus
2324 3323 2500 3360 Hierothei,
2537 3312 2540 3315 ⁴

1429 3367 1568 3408 magistri
1593 3367 1748 3409 Dionysii,
1773 3369 1863 3410 quod
1886 3374 1951 3399 erat
1967 3377 2033 3398 non
2049 3368 2157 3399 solum
2181 3368 2304 3400 discens
2323 3368 2502 3400 secundum

1428 3411 1642 3448 intellectum,
1671 3413 1727 3443 sed
1750 3412 1872 3453 patiens
1896 3413 2074 3444 secundum
2094 3412 2251 3450 affectum,
2269 3412 2393 3444 divina:
2418 3421 2501 3454 quo·

1429 3456 1516 3486 niam
1539 3456 1664 3487 donum
1687 3456 1858 3497 sapientiae
1881 3463 1928 3488 est
1950 3457 1983 3488 in
2006 3456 2167 3489 intellectu
2184 3457 2368 3493 formaliter,
2392 3455 2426 3487 in
2445 3466 2500 3487 vo-

1428 3500 1549 3531 luntate
1573 3507 1681 3532 autem
1704 3501 1878 3532 causaliter.
1903 3501 1944 3532 Et
1967 3501 2080 3532 dicitur
2096 3503 2228 3543 patiens
2246 3512 2264 3533 a
2283 3500 2441 3542 passione,
2461 3510 2501 3532 eo

1428 3545 1528 3575 modo
1552 3554 1618 3586 quo
1641 3544 1844 3576 vehementer
1866 3544 1967 3577 affecti
1991 3545 2070 3577 circa
2094 3546 2231 3588 aliquid,
2249 3545 2432 3588 passionati
2455 3544 2501 3575 di-

1429 3595 1559 3620 cuntur:
1585 3588 1617 3619 in
1636 3598 1703 3630 quo
1727 3590 1897 3621 denotatur
1920 3590 2057 3621 maxima
2075 3590 2248 3622 voluntatis
2271 3588 2444 3626 inclinatio,
2466 3595 2502 3620 ut

1429 3633 1493 3663 iam
1508 3633 1670 3664 habituata
1686 3640 1717 3665 et
1733 3634 1945 3665 connaturalis
1962 3634 2070 3667 effecta
2087 3635 2125 3666 ad
2141 3635 2256 3671 divina,
2282 3641 2340 3665 etc.

2530 1953 2538 1960 ·
2554 1950 2591 1974 Cf.
2606 1956 2672 1974 num.
2687 1957 2724 1975 ιιι.
