2768 4178
34 991 47 1005 ⁸
59 990 98 1014 Cf.
112 996 178 1014 num.
191 997 214 1013 v.

924 253 1191 300 QUAESTIO
1221 254 1418 301 XXXVII,
1447 255 1743 294 ARTICULUS
1773 258 1804 293 II

276 339 339 371 que
354 330 387 360 in
403 329 563 362 intellectu
583 331 715 362 actionis
733 331 787 362 tali
803 331 939 362 termino
963 331 1162 371 significatae,
1187 332 1342 362 clauditur

277 373 404 404 effectus
427 380 463 404 ut
486 374 612 405 effectus
640 375 829 406 coniunctus
853 385 928 405 suae
946 376 1158 416 productioni,
1176 382 1251 406 tunc
1267 386 1340 416 pro-

277 418 395 448 ducens
419 418 618 449 denominari
641 425 746 459 potest
764 419 802 449 ab
821 419 878 449 illo
898 418 1008 449 effectu
1031 419 1064 449 in
1088 419 1234 456 ablativo,
1259 426 1316 451 etc.

333 461 375 492 Et
397 461 423 492 si
447 469 614 503 quaeratur
638 473 731 493 causa
753 462 850 504 quare
873 462 1005 513 quidam
1027 463 1154 495 termini
1175 462 1221 494 sic
1243 462 1339 504 signi-

275 504 371 536 ficant
386 512 417 536 et
435 506 566 546 quidam
589 516 665 542 non,
689 516 756 536 non
779 511 826 537 est
848 505 907 536 alia
930 506 1010 537 ratio
1034 506 1094 537 nisi
1113 507 1188 547 quia
1210 507 1243 537 hi
1266 515 1341 538 sunt

275 549 418 590 impositi
439 550 479 580 ad
495 550 540 580 sic
562 549 814 590 significandum,
831 549 864 580 hi
880 557 987 581 autem
1010 560 1087 581 non.
1110 551 1340 582 Discernuntur

275 599 383 624 tamen
405 593 439 623 hi
462 594 501 624 ab
523 593 584 624 illis
606 593 640 623 in
663 593 734 630 hoc,
758 593 848 634 quod
870 594 965 624 verba
988 594 1032 624 sic
1054 593 1247 625 includentia
1266 595 1338 626 effe-

276 643 373 674 ctum,
398 637 424 667 si
447 644 675 668 construuntur
698 647 772 668 cum
795 637 904 678 aliquo
928 638 991 668 alio
1015 638 1183 675 transitive,
1208 649 1274 669 non
1298 640 1338 670 si-

274 680 463 721 gnificantur
477 681 591 711 habere
606 681 826 711 habitudinem
840 681 880 711 ad
895 681 974 712 illud
990 682 1194 722 producentis
1210 683 1250 713 ad
1266 694 1338 723 pro-

275 725 417 761 ductum,
438 731 474 756 ut
491 731 577 765 patet
599 734 674 755 cum
689 725 839 756 Socrates
855 725 932 756 dicit
949 725 1113 756 historiam
1135 727 1257 758 Troiae.
1284 728 1338 758 Illa

274 778 349 798 vero
373 768 430 805 sic3
455 775 492 799 ut
513 775 599 808 patet
622 768 766 805 dicendo,
791 769 940 800 Socrates
963 770 1111 810 aedificat
1138 771 1272 802 caelum.
1298 772 1338 802 Et

274 811 338 843 hoc
355 821 392 843 ex
415 812 518 852 prima
540 812 642 843 oritur
664 812 850 843 differentia:
874 812 950 854 quia
973 813 1090 844 scilicet
1111 814 1165 844 illa
1187 815 1338 847 claudunt

273 855 307 886 in
326 866 359 886 se
376 856 545 896 proprium
567 856 724 892 effectum,
748 856 807 887 ista
830 866 914 894 non;
940 864 970 888 et
992 857 1036 888 sic
1059 858 1211 889 habitudo
1235 860 1275 889 ad
1294 860 1337 890 ef—

274 899 394 932 fectum
416 906 523 931 manet
544 900 579 930 in
600 900 663 931 illis
684 900 852 932 imtnutata
875 902 983 942 quoad
1006 902 1188 939 terminum,
1212 903 1245 933 in
1270 903 1336 935 istis

273 940 381 975 autern
405 943 630 975 determinatur
652 945 829 975 secundum
852 945 1048 977 adiunctum.

329 987 398 1019 VII.
423 988 482 1018 His
505 995 613 1019 autern
628 988 792 1025 stantibus,
809 989 849 1019 ad
867 989 1009 1029 primum
1022 989 1039 1009 *
1057 996 1143 1030 patet
1160 990 1336 1030 responsio,

273 1032 419 1073 negando
443 1039 661 1072 assumptum:
686 1033 841 1073 quoniam
863 1033 1045 1074 aedificare,
1062 1034 1199 1074 spirare,
1224 1040 1255 1065 et
1277 1035 1337 1066 alia

273 1076 469 1112 huiusmodi,
490 1086 557 1107 non
576 1076 751 1117 important
769 1076 915 1107 effectum
934 1077 992 1108 nisi
1013 1077 1230 1118 specificative.

330 1121 382 1151 Ad
400 1121 578 1151 secundum
600 1127 708 1151 autem
731 1120 853 1157 dicitur,
878 1121 968 1161 quod
991 1127 1097 1161 potest
1110 1121 1178 1152 fieri
1194 1129 1336 1154 constru-

273 1164 336 1196 ctio
361 1164 543 1195 conversiva
566 1175 661 1205 super
684 1174 737 1201 se,
771 1165 900 1205 quando
925 1165 1087 1196 obiectum
1117 1172 1204 1196 actus
1232 1172 1337 1206 potest

273 1218 341 1240 esse
363 1208 472 1259 ipsum
494 1218 600 1249 agens,
624 1215 661 1240 ut
675 1188 787 1240 accidit
809 1209 842 1239 in
865 1209 1042 1249 proposito,
1063 1216 1094 1240 et
1111 1209 1144 1239 in
1163 1209 1334 1240 similibus:

272 1259 378 1293 potest
399 1253 486 1283 enim
509 1253 652 1289 Socrates
682 1253 784 1284 dicere
815 1252 974 1293 seipsum,
1006 1263 1074 1283 non
1103 1253 1210 1283 minus
1238 1263 1337 1294 quam

273 1292 588 1328 'wllfo'ine‘ffistorim

329 1341 382 1378 Ad
396 1340 525 1372 tertium
541 1347 658 1377 autem,
673 1346 806 1380 negatur
820 1350 952 1381 quoque
967 1347 1170 1380 assumptum
1184 1340 1218 1371 in
1233 1340 1336 1371 verbis

273 1384 491 1417 claudentibus
505 1385 540 1416 in
554 1395 588 1416 se
599 1384 747 1416 effectum
758 1390 790 1415 et
804 1383 1039 1416 transeuntibus
1054 1394 1150 1425 super
1163 1383 1335 1422 obiectum,

271 1428 379 1471 qualia
401 1436 476 1461 sunt
497 1428 645 1470 diligere,
669 1429 787 1467 dicere,
807 1434 865 1460 etc.
890 1427 1129 1459 Construuntur
1152 1428 1239 1459 enim
1262 1438 1336 1459 cum

2382 258 2452 305 391

1396 332 1520 364 obiecto
1544 334 1720 370 transitive,
1752 342 1788 366 ut
1811 336 1945 366 termino
1969 336 2125 373 transitus,
2150 337 2183 367 in
2207 336 2402 373 accusativo;
2427 343 2459 368 et

1396 386 1469 406 cum
1494 377 1603 408 effectu
1633 385 1669 409 ut
1692 379 1934 416 denominante;
1965 387 2001 410 ut
2023 387 2108 420 patet
2131 381 2282 417 dicendo,
2307 381 2458 411 Socrates

1394 420 1470 451 dicit
1493 422 1586 452 verbo
1609 423 1784 454 historiam.

1451 465 1504 495 Ad
1518 475 1553 495 ea
1569 475 1644 497 vero
1668 474 1749 508 quae
1772 475 1885 508 quarto
1909 467 1982 499 loco
2006 474 2114 499 contra
2137 469 2319 508 exemplum
2333 469 2371 498 de
2386 469 2456 509 flo-

1394 518 1467 539 rere
1490 509 1698 546 adducuntur,
1717 510 1805 541 facile
1824 511 1884 541 dici
1898 518 2004 552 potest
2026 512 2115 552 quod
2139 512 2281 552 exempla
2304 511 2456 552 ponimus

1394 562 1459 582 non
1483 560 1519 583 ut
1540 553 1584 584 ita
1607 554 1646 584 sit
1669 560 1727 585 etc.
1746 554 1764 573 *
1786 555 2018 591 Veruntamen,
2048 555 2233 586 sustinendo
2261 556 2492 596 exemplum,'

1393 596 1528 627 dicimus
1558 598 1645 637 quod
1667 598 1796 638 florere
1821 608 1894 629 vere
1924 599 2076 638 significat
2103 598 2195 630 flores
2228 600 2369 631 emittere
2382 624 2390 636 ,
2419 607 2456 631 ut

1393 647 1478 680 patet
1501 650 1538 670 ex
1560 651 1621 671 usu
1644 642 1857 682 loquentium.
1874 661 1895 666 —
1909 643 1975 673 Nec
1998 643 2072 674 huic
2095 651 2248 684 repugnat
2274 644 2454 675 neutralitas

1391 684 1493 714 verbi:
1513 685 1668 725 quoniam
1684 686 1759 716 haec
1776 686 1815 716 ad
1830 686 1967 717 modum
1981 686 2175 727 significandi
2191 694 2319 727 spectat,
2333 698 2398 718 non
2414 689 2455 718 ad

1392 727 1613 768 significatum.
1630 747 1650 751 —
1669 729 1701 760 Si
1725 736 1832 760 autem
1854 730 1942 760 Deus
1965 730 2058 761 flores
2081 731 2284 771 imprimeret,
2309 732 2454 772 quamvis

1391 781 1463 802 vere
1479 772 1632 803 diceretur
1648 774 1741 803 arbor
1746 774 1884 813 florida,
1903 784 1968 804 non
1983 781 2090 805 tamen
2109 775 2197 815 quod
2212 776 2352 814 floruit:
2374 783 2455 807 esset

1393 816 1478 846 enim
1501 816 1559 846 ista
1581 827 1662 853 vera,
1687 817 1786 848 arbor
1800 827 1883 858 quae
1903 828 1966 849 non
1981 819 2112 858 floruit,
2128 824 2175 849 est
2181 819 2319 859 florida.
2336 837 2356 842 -
2372 820 2453 851 Ulti-

1392 870 1483 890 mum
1499 870 1630 901 quoque
1646 867 1848 901 assumptum
1870 861 1986 892 falsum
2009 872 2076 892 esse
2099 862 2132 892 in
2151 862 2213 893 hoc
2232 863 2377 903 exemplo
2397 874 2451 904 ap—

1391 911 1492 943 paret:
1517 914 1575 935 nec
1594 904 1781 945 oppositum
1799 906 1838 935 ab
1858 905 1902 935 eis
1921 911 1968 936 est
1985 906 2166 946 probatum.

1449 948 1531 979 VIII.
1549 948 1590 978 Et
1608 948 1732 979 adverte
1751 949 1840 989 quod
1854 948 1887 979 in
1906 949 1965 980 hac
1981 950 2119 986 materia,
2136 950 2219 986 satis,
2234 951 2353 981 iudicio
2368 961 2451 988 meo,

1391 998 1437 1022 est
1459 991 1655 1022 rationabilia
1682 991 1789 1023 afferre
1811 992 1932 1023 ratione
1955 994 2119 1031 materiae,
2143 994 2260 1025 scilicet
2281 995 2452 1025 vocabulo-

1390 1044 1480 1066 rum:
1505 1035 1582 1066 haec
1606 1035 1691 1066 enim
1710 1036 1819 1066 omnia
1839 1047 1876 1067 ex
1892 1037 2032 1067 terminis
2049 1038 2093 1068 sic
2109 1037 2355 1077 significantibus
2374 1039 2453 1070 acci-

1391 1079 1480 1110 dunt.
1509 1079 1601 1110 Unde
1632 1086 1662 1110 et
1684 1079 1717 1110 in
1740 1081 1946 1120 responsione
1969 1082 2008 1111 ad
2032 1082 2208 1112 secundum
2231 1089 2316 1122 patet
2344 1083 2451 1123 quod,

1391 1122 1448 1153 etsi
1472 1123 1695 1154 convenienter
1718 1123 1855 1161 dicatur,
1881 1125 2029 1156 Socrates
2051 1126 2127 1156 dicit
2149 1126 2243 1157 verbo
2266 1127 2450 1164 historiam,

1390 1166 1647 1197 inconvenienter
1661 1174 1768 1198 tamen
1781 1175 1951 1208 poneretur
1968 1169 2041 1199 loco
2057 1170 2132 1200 dicit
2151 1176 2256 1200 totum
2272 1170 2339 1201 eius
2358 1170 2452 1210 signi-

1368 1219 1370 1222 ·
1389 1209 1529 1246 ficatum,
1554 1210 1698 1247 dicendo,
1721 1211 1870 1243 Socrates
1880 1212 2011 1253 profert
2026 1213 2155 1244 verbum
2175 1214 2268 1245 verbo
2286 1215 2451 1245 historiam

1396 1255 1520 1285 Troiae.
1555 1255 1628 1285 Hoc
1658 1254 1744 1284 enim
1775 1265 1812 1286 ex
1839 1256 1960 1286 diversa
1990 1256 2149 1288 habilitate
2180 1257 2390 1289 terminorum
2412 1259 2453 1289 ad

1391 1298 1660 1328 constructionem
1683 1298 1808 1329 accidit:
1833 1299 1908 1340 quia
1923 1300 2040 1330 scilicet
2056 1300 2090 1341 ly
2098 1300 2254 1341 proferre
2267 1311 2333 1332 non
2348 1309 2453 1342 potest

1391 1341 1532 1373 construi
1548 1351 1623 1372 cum
1637 1341 1694 1372 illo
1713 1342 1824 1373 effectu
1848 1343 2090 1380 denominante;
2113 1345 2146 1385 ly
2164 1352 2271 1376 autem
2286 1345 2373 1384 dicit,
2397 1346 2454 1377 sic.

1390 1385 1432 1416 Et
1447 1385 1550 1416 simile
1566 1392 1612 1416 est
1628 1386 1667 1416 de
1681 1387 1808 1426 spirare
1831 1393 1862 1417 et
1879 1387 2016 1428 diligere
2029 1395 2173 1428 respectu
2189 1389 2322 1430 Spiritus
2336 1389 2451 1426 Sancti,

1390 1439 1554 1470 generare
1577 1436 1608 1460 et
1625 1430 1732 1461 dicere
1750 1437 1893 1471 respectu
1911 1431 2016 1468 Verbi,
2034 1439 2069 1463 ut
2087 1439 2173 1473 patet
2190 1433 2224 1463 in
2241 1433 2352 1465 littera.

2513 558 2549 581 ef.
2571 565 2610 587 qu.
2631 565 2690 586 xm,

2481 589 2523 606 art.
2529 591 2549 613 5,
2558 575 2694 608 Comment-

2481 617 2606 633 num.x1v.
