2768 4178
19 405 28 414 ·
48 403 77 424 D.
90 401 149 429 486,
165 400 210 429 986

19 430 80 452 1082.

3 594 6 596 ι
18 566 29 578 ·
42 565 71 587 D.
80 564 132 592 485.

18 672 30 683 ⁸
42 671 68 693 S.
78 670 124 693 Th.
137 670 189 692 lect.
201 676 216 691 ι.

18 938 29 950 ·
41 938 72 960 D.
83 937 132 965 45¹·

14 990 27 1003 ⁸
41 990 90 1019 Qu.
100 996 136 1018 m,
150 994 194 1013 art.
204 997 230 1018 4.

0 2136 2 2143 .
0 1980 4 2115 --*-.-
0 1910 5 1959 v-v2
0 1870 11 1894 v.
0 1844 3 1854 v
0 1745 11 1826 n-,5ww
0 1696 7 1714 ,-
0 1631 3 1666 «η
0 1593 2 1598 -
0 1465 3 1482 .,
0 1380 4 1413 ,.,
0 1318 2 1323 ,
0 1243 7 1275 ,.,,
0 1211 2 1214 ,
0 1150 1 1155 Α

0 2194 6 2240 {a

0 2255 7 2340 ἶ

13 2399 201 2423 metauma-

12 2442 207 2467 ’OE.numxn.

969 269 1237 316 QUAESTIO
1268 269 1356 316 xn,

260 352 336 397 qua
369 348 511 386 scilicet
548 349 758 386 intellectus
794 348 842 386 sit
875 348 1011 385 efficax
1039 347 1090 385 ad
1116 347 1328 386 videndum

259 402 389 438 Deum
407 401 439 439 ²¹⁸.

256 460 259 461 ’
315 455 392 492 Sed
407 461 418 476 ⁸
439 467 484 491 ex
502 462 609 505 parte
628 454 734 492 visae
754 454 820 503 rei,
851 465 969 502 quam
994 465 1151 491 necesse
1181 461 1237 490 est
1265 453 1329 490 ali-

260 520 338 556 quo
368 508 488 546 modo
524 507 624 546 uniri
650 506 816 555 videnti,
845 519 915 556 per
942 507 1086 543 nullam
1119 506 1329 545 similitudi-

260 573 351 599 nem
381 567 549 599 creatam
568 560 642 598 Dei
662 560 824 598 essentia
843 559 965 598 videri
991 567 1118 608 potest
1135 559 1166 597 ³¹⁸.
1196 559 1328 597 Primo

258 614 430 663 quidem,
451 614 552 662 quia,
573 613 669 650 sicut
696 613 785 651 dicit
803 612 1025 661 Dionysius,
1046 625 1056 649 1
1077 625 1160 662 cap.
1176 613 1223 650 de
1239 613 1328 650 Diu.

258 668 376 705 Nom.
393 666 423 714 ³¹⁸,
452 679 524 716 per
550 666 813 704 similitudines
833 666 1019 703 inferioris
1038 666 1182 703 ordinis
1202 678 1330 703 rerum

260 720 364 757 nullo
385 720 504 757 modo
524 719 721 779 superiora
739 726 902 769 possunt
921 719 1116 767 cognosci:
1147 719 1243 756 sicut
1260 732 1330 769 per

260 773 427 822 speciem
449 772 619 822 corporis
643 785 723 810 non
749 780 876 832 potest
896 772 1077 821 cognosci
1097 772 1259 810 essentia
1278 773 1330 810 rei

258 827 519 875 incorporeae.
541 826 665 864 Multo
673 825 795 906 §igitur
809 826 936 864 minus
954 838 1024 885 per
1038 826 1207 875 speciem
1228 839 1330 863 crea-

257 887 338 917 tam
365 879 688 929 quamcumque‘
710 887 837 928 potest
865 879 1028 916 essentia
1060 879 1132 916 Dei
1151 879 1327 917 videri.—

256 932 453 980 Secundo,
474 932 565 982 quia
584 933 747 970 essentia
774 933 848 970 Dei
877 940 933 970 est
951 933 1078 982 ipsum
1099 945 1182 969 esse
1202 933 1282 970 eius
1296 933 1327 981 ²⁸,

258 993 300 1023 ut
317 985 467 1038 supra*
486 993 684 1023 ostensum
714 993 785 1023 est:
815 986 921 1036 quod
949 986 1040 1023 nulli
1059 986 1206 1023 formae
1227 998 1329 1023 crea-

259 1046 319 1077 tae
353 1046 572 1088 competere
604 1046 742 1089 potest.
773 1039 867 1077 Non
899 1046 1025 1092 potest
1058 1038 1169 1087 igitur
1202 1038 1329 1088 aliqua

194 1110 200 1118 -
257 1093 385 1131 forma
403 1099 532 1130 creata
550 1105 635 1130 esse
654 1092 860 1131 similitudo
880 1099 1171 1142 repraesentans
1184 1092 1329 1130 videnti

258 1145 332 1183 Dei
361 1145 577 1183 essentiam.
598 1145 789 1194 -Tertio‚
814 1145 906 1195 quia
933 1145 1064 1183 divina
1092 1145 1254 1182 essentia
1274 1153 1330 1182 est

257 1198 416 1258 aliquod
444 1199 823 1257 incircumscriptum,
854 1198 1052 1235 continens
1080 1198 1119 1235 in
1139 1210 1180 1235 se
1200 1210 1329 1247 super-

260 1251 479 1293 eminenter
485 1248 686 1302 quidquid
712 1258 839 1301 potest
867 1250 1071 1300 significari
1089 1251 1151 1288 vel
1177 1250 1328 1299 intelligi

259 1305 308 1344 ab
337 1305 527 1343 intellectu
552 1313 692 1343 creato.
721 1305 771 1342 Et
798 1305 874 1342 hoc
902 1304 1006 1342 nullo
1036 1303 1156 1342 modo
1175 1316 1246 1353 per
1265 1304 1330 1341 ali-

258 1369 377 1408 quam
405 1358 574 1408 speeiem
592 1365 760 1396 creatam
779 1357 1053 1407 repraesentari
1071 1365 1213 1406 potest:
1241 1357 1329 1406 quia

257 1411 386 1448 omnis
422 1412 548 1449 forma
585 1418 711 1448 creata
744 1418 800 1448 est
833 1410 1084 1448 determinata
1117 1411 1329 1448 secundum

258 1463 426 1512 aliquam
455 1464 642 1502 rationem
661 1464 724 1502 vel
748 1463 969 1513 sapientiae,
996 1464 1059 1501 vel
1077 1463 1236 1511 virtutis,
1265 1465 1328 1501 vel

257 1517 374 1567 ipsius
403 1529 498 1566 esse,
527 1518 590 1555 vel
619 1517 776 1554 alicuius
804 1516 1037 1555 huiusmodi.
1067 1517 1179 1554 Unde
1205 1516 1330 1554 dicere

310 1657 334 1691 ε)
354 1656 417 1683 Sed.
436 1671 454 1676 -
474 1657 529 1682 Sed
547 1663 599 1682 non
620 1657 648 1687 B,
661 1661 686 1682 et
705 1661 764 1682 ante
778 1664 830 1690 per
848 1657 919 1683 addit
937 1658 1016 1683 unde.

309 1690 336 1725 ζ)
355 1699 556 1726 quamcumque
573 1706 593 1711 -
610 1695 851 1725 quantamcumque
869 1692 970 1718 ACDE.

310 1728 340 1760 η)
358 1727 555 1754 Dioudm-
573 1731 613 1754 est
630 1728 730 1753 addunt
747 1728 850 1753 codices
875 1733 900 1753 et
918 1735 944 1754 a.
962 1740 982 1748 —
999 1729 1067 1753 Ante
1089 1728 1240 1753 similitudo
1259 1728 1329 1753 addit

257 1763 312 1791 Da·
329 1763 359 1789 C.
376 1777 397 1783 -
413 1770 453 1789 ex
466 1766 548 1796 parte
565 1771 620 1789 om.
631 1763 731 1789 BCDE.
1059 1760 1062 1762 ’

1385 270 1682 308 ARTICULUS
1713 272 1743 307 11
2378 288 2391 312 1
2404 289 2448 325 17

1383 350 1512 385 Deum
1545 362 1615 398 per
1649 350 1934 390 similitudinem
1966 353 2107 401 videri,
2147 363 2204 392 est
2237 355 2362 392 dicere
2396 357 2449 393 di-

1383 401 1515 439 vinam
1554 403 1757 441 essentiam
1795 417 1875 441 non
1911 406 2059 443 videri:
2103 408 2208 456 quod
2251 416 2306 445 est
2347 421 2449 446 erro·

1384 467 1512 492 neum.

1437 508 1655 546 Dicendum
1675 518 1691 541 ⁷1
1720 522 1809 558 ergo
1839 511 1944 558 quod
1972 512 2020 549 ad
2047 512 2260 551 videndum
2291 514 2365 551 Dei
2394 527 2449 552 es-

1384 561 1545 599 sentiam
1566 562 1766 612 requiritur
1783 563 1909 612 aliqua
1929 564 2134 602 similitudo
2164 579 2209 603 ex
2237 575 2343 615 parte
2362 567 2449 605 visi-

1383 626 1457 651 vae
1476 615 1680 663 potentiae,
1701 615 1843 653 scilicet
1869 617 2001 654 lumen
2020 618 2160 665 gloriae
2178 617 2203 667 θ,
2234 621 2449 658 confortans

1384 667 1615 705 intellectum
1644 668 1694 706 ad
1719 669 1932 706 videndum
1961 671 2110 708 Deum:
2141 672 2189 708 de
2217 685 2294 722 quo
2315 673 2450 710 dicitur

1384 721 1423 758 in
1443 722 1597 758 Psalmo
1612 721 1649 759 *ε
1671 722 1708 759 in
1729 721 1870 760 lumine
1889 728 1951 759 tuo
1970 724 2176 761 videbimus
2195 725 2332 763 lumen.
2356 727 2449 763 Non

1383 781 1512 811 autem
1549 787 1620 824 per
1652 775 1820 824 aliquam
1856 775 2142 814 similitudinem
2180 785 2345 815 creatam
2377 779 2449 816 Dei

1383 827 1548 865 essentia
1574 827 1695 865 videri
1726 835 1876 877 potest,
1907 841 2005 877 quae
2038 829 2162 878 ipsam
2195 830 2364 869 divinam
2394 844 2450 869 es-

1384 880 1546 918 sentiam
1576 889 1833 930 repraesentet
1859 889 1900 918 ut
1917 888 1927 903 ⁴
1954 882 1993 919 in
2022 895 2063 919 se
2091 890 2158 920 est.

1437 935 1496 971 An
1521 945 1658 971 PRIMUM
1686 945 1784 971 ERGO
1814 946 1998 972 mel-:NDUM
2027 936 2131 985 quod
2161 936 2362 973 auctoritas
2389 936 2450 973 illa

1383 987 1550 1036 loquitur
1583 986 1630 1024 de
1663 986 1906 1025 similitudine
1944 1000 2042 1037 quae
2071 996 2127 1026 est
2153 1001 2223 1038 per
2249 989 2448 1039 participa-

1384 1039 1528 1079 tionem
1555 1040 1708 1077 luminis
1736 1041 1889 1089 gloriae.

1437 1094 1496 1130 AD
1525 1105 1718 1131 SECUNDUM
1741 1105 1926 1132 mel-:NDUM
1947 1094 2053 1143 quod
2071 1095 2304 1143 Augustinus
2323 1095 2376 1132 ibi
2394 1095 2448 1132 lo-

1385 1145 1511 1193 quitur
1539 1146 1586 1183 de
1616 1146 1830 1194 cognitione
1859 1147 1932 1184 Dei
1960 1159 2059 1197 quae
2087 1148 2249 1185 habetur
2275 1148 2315 1185 in
2341 1148 2416 1185 via.

1437 1201 1496 1239 AD
1516 1210 1676 1236 Tannum
1704 1211 1888 1237 DxcENDUM
1917 1200 2021 1249 quod
2051 1201 2180 1238 divina
2209 1201 2370 1238 essentia
2395 1209 2451 1239 est

1383 1251 1509 1301 ipsum
1540 1264 1633 1289 esse.
1663 1253 1787 1300 Unde,
1809 1253 1904 1290 sicut
1923 1253 2016 1290 aliae
2036 1254 2182 1291 formae
2202 1254 2462 1302 intelligibiles

1385 1317 1483 1354 quae
1512 1317 1592 1342 non
1628 1312 1715 1342 sunt
1750 1318 1864 1342 suum
1897 1318 2000 1354 esse,
2029 1306 2212 1344 uniuntur
2247 1307 2448 1344 intellectui

1384 1357 1596 1396 secundum
1633 1357 1790 1407 aliquod
1827 1371 1909 1396 esse
1938 1372 2014 1408 quo
2051 1359 2259 1397 informant
2291 1360 2418 1409 ipsum
2436 1366 2450 1381 '²

1384 1411 1615 1448 intellectum
1646 1418 1682 1447 et
1709 1411 1851 1448 faciunt
1884 1411 2011 1461 ipsum
2038 1412 2076 1449 in
2105 1420 2207 1459 actu;
2236 1413 2286 1450 ita
2322 1413 2449 1450 divina

1385 1464 1546 1502 essentia
1564 1464 1694 1501 unitur
1711 1465 1915 1506 intellectui
1944 1473 2070 1502 creato
2090 1473 2132 1503 ut
2150 1466 2381 1503 intellectum
2410 1466 2449 1503 in

1385 1524 1489 1564 actu,
1518 1529 1587 1566 per
1616 1517 1780 1566 seipsam
1816 1517 1957 1555 faciens
1985 1517 1997 1539 ²
2025 1518 2255 1556 intellectum
2284 1519 2322 1556 in
2351 1526 2446 1556 actu.

1436 1656 1460 1690 θ)
1480 1658 1567 1683 lumen
1586 1658 1700 1691 gloriae.
1718 1672 1737 1677 -
1755 1658 1842 1683 lumen
1862 1658 1969 1683 divinae
1986 1659 2090 1692 gloriae
2108 1659 2136 1684 P.

1437 1692 1455 1725 ι)
1475 1696 1512 1718 ut.
1531 1708 1549 1712 —
1568 1697 1598 1718 ut
1617 1694 1672 1726 ipse
1689 1693 1812 1719 ABCDE.

1435 1730 1461 1761 κ)
1482 1728 1578 1760 ipsum.
1594 1741 1614 1749 —-
1631 1729 1693 1754 Om.
1709 1729 1825 1760 codices3
1845 1730 2006 1754 intellectum
2025 1737 2078 1754 om.
2092 1737 2118 1754 α.

1435 1762 1463 1796 λ)
1484 1764 1511 1789 in
1530 1767 1592 1790 actu
1656 1765 1772 1798 faciens.
1786 1777 1804 1783 —
1818 1765 1844 1790 in
1864 1768 1926 1790 actu
1940 1772 1992 1797 per
2010 1765 2123 1797 seipsam
2143 1769 2169 1790 et
2180 1765 2287 1799 faciens
2301 1766 2447 1791 ABCDEG.

940 1859 1272 1893 commentaria
1295 1859 1546 1893 Car-<imaus
1568 1860 1768 1894 Caietani

288 1961 310 1982 u
333 1951 438 1988 titulo,
455 1951 582 1981 adverte
604 1950 695 1991 quod
709 1949 798 1980 aliud
821 1956 868 1980 est
886 1949 976 1990 quod
995 1949 1165 1990 quaeritur,
1186 1955 1217 1979 et
1240 1948 1325 1979 aliud

260 1962 336 2027 Iest
359 1995 485 2026 occasio
508 1994 690 2035 quaerendi.
716 1993 888 2031 Quaeritur
911 1993 997 2024 enim
1019 1992 1200 2029 indefinite,
1224 2003 1264 2023 an
1287 1992 1327 2022 ad

257 2040 415 2071 visionem
438 2038 579 2070 divinam
602 2045 768 2069 concurrat
791 2038 898 2079 aliqua
921 2037 1115 2073 similitudo,
1143 2037 1326 2078 quomodo-

256 2093 398 2125 cumque
422 2089 598 2115 concurrat.
623 2082 685 2113 Sed
708 2082 880 2123 quaerendi
903 2082 1028 2112 occasio
1053 2088 1117 2118 est,
1138 2081 1213 2122 quia
1236 2081 1327 2112 dubi-

256 2134 342 2160 tatur
360 2138 400 2159 an
423 2128 511 2159 Deus
533 2126 635 2167 possit
657 2126 756 2157 videri
780 2136 837 2166 per
859 2126 1000 2167 aliquam
1025 2105 1265 2157 similitudinem
1290 2135 1326 2155 ex

257 2179 346 2214 parte
364 2172 408 2203 rei
426 2171 521 2208 visae,
545 2170 627 2202 idest
649 2180 731 2221 quae
754 2170 795 2201 sit
817 2169 1078 2213 repraesentativa
1100 2169 1201 2210 ipsius
1217 2169 1275 2199 Dei
1292 2175 1327 2200 ut

255 2216 336 2248 ratio
359 2215 505 2252 videndi,
530 2214 612 2246 sicut
640 2214 760 2256 species
782 2214 913 2245 visibilis
936 2220 1147 2254 repraesentat
1171 2213 1327 2253 corporali

255 2257 338 2292 visui
361 2261 550 2292 coloratum.

306 2305 351 2336 Ἠ.
368 2305 405 2336 ln
421 2313 555 2344 corpore
576 2303 652 2333 tria:
670 2303 793 2343 primo,
818 2309 964 2333 naturam
978 2302 1119 2338 visionis,
1139 2302 1249 2343 quoad
1265 2301 1326 2332 hoc

256 2350 347 2391 quod
369 2354 417 2380 est
438 2348 598 2390 requirere
625 2346 885 2383 similitudinem,
917 2346 1070 2383 declarat;
1095 2347 1255 2382 secundo,
1281 2355 1327 2376 re-

256 2393 394 2435 spondet
424 2392 587 2434 quaesito,
612 2391 674 2422 ibi:
703 2390 918 2432 Manifestum
948 2396 996 2422 est
1024 2396 1132 2422 autem
1147 2390 1186 2428 ”3
1213 2390 1326 2428 terti0‚

257 2437 409 2479 epilogat,
433 2436 610 2478 expressius
631 2436 791 2477 quaedam
813 2435 1018 2466 manifestans
1031 2435 1059 2466 *.

311 2481 364 2514 111.
387 2481 505 2520 Quoad
522 2482 680 2521 primum,
705 2479 764 2511 tria
787 2479 949 2516 dicuntur,
975 2489 1012 2510 ex
1035 2479 1152 2520 quibus
1176 2485 1327 2519 quartum

257 2531 481 2577 opportunum
503 2524 692 2555 insinuatur.
709 2541 728 2548 -
745 2524 891 2554 Primum
914 2529 962 2554 est
984 2533 1137 2554 numerus
1160 2522 1326 2563 requisito—

256 2580 330 2602 mm
352 2570 392 2601 ad
414 2569 581 2600 visionem.
607 2568 650 2599 Et
664 2567 778 2599 dicitur
793 2568 883 2609 quod
898 2574 974 2598 sunt
989 2568 1071 2598 duo:
1096 2567 1215 2598 scilicet
1226 2567 1326 2597 virtus

255 2614 371 2650 visiva,
395 2619 427 2644 et
449 2613 528 2644 unio
551 2612 596 2643 rei
618 2612 704 2643 visae
727 2621 802 2643 cum
825 2612 961 2643 vidente.
986 2612 1027 2643 Et
1050 2612 1212 2652 probatur.
1236 2611 1325 2642 Visio

256 2668 323 2690 non
338 2657 376 2689 fit
389 2664 472 2694 actu,
487 2656 548 2688 nisi
563 2666 613 2687 res
621 2656 688 2687 visa
702 2656 867 2697 sit-aliquo
883 2656 1008 2687 modo
999 2666 1033 2687 m
1046 2656 1188 2687 vidente:
1209 2665 1295 2695 ergo.
1307 2672 1325 2678 —

257 2702 439 2734 Secundum
455 2708 502 2732 est
524 2701 642 2731 modus
658 2700 797 2731 unionis.
821 2700 862 2731 Et
881 2700 995 2731 dicitur
1017 2701 1107 2742 quod
1122 2707 1169 2731 est
1191 2700 1324 2740 duplex:

256 2746 375 2778 scilicet
396 2755 452 2787 per
471 2744 640 2776 essentiam
661 2743 762 2785 ipsius
782 2744 827 2775 rei
848 2744 944 2781 visae,
960 2751 991 2775 et
1013 2754 1070 2784 per
1085 2744 1326 2775 sinulitudinem

256 2791 336 2822 eius.
361 2790 403 2821 Et
425 2788 645 2820 manifestatur
665 2789 699 2819 in
724 2788 956 2829 corporalibus,
981 2788 1057 2829 quia
1086 2788 1167 2829 lapis
1190 2798 1257 2818 non
1280 2794 1326 2818 est

255 2836 291 2866 in
314 2834 421 2871 oculo,
438 2834 494 2864 sed
509 2833 628 2874 species
652 2831 780 2873 lapidis:
803 2839 937 2874 uterque
960 2833 1046 2863 enim
1062 2833 1179 2863 modus
1203 2841 1325 2872 expres-

257 2888 312 2911 sus
331 2885 386 2915 est,
403 2878 550 2920 quamvis
565 2877 644 2908 alter
661 2883 794 2917 negatus
809 2887 828 2907 a
841 2877 1070 2917 corporalibus,
1086 2876 1177 2918 quasi
1193 2886 1250 2916 per
1263 2875 1326 2906 hoc

256 2923 402 2954 innueret
424 2922 458 2953 in
480 2921 696 2963 spiritualibus
720 2931 787 2952 non
813 2921 1010 2962 impossibile
1033 2921 1112 2952 fore.
1135 2938 1155 2943 -
1183 2921 1324 2951 Tertium

255 2974 306 2999 est
327 2967 446 2998 modus
476 2965 700 2998 similitudinis.
729 2966 770 2996 Et
793 2965 906 2997 dicitur
928 2965 1018 3006 quod
1041 2972 1087 2996 est
1110 2964 1243 3004 duplex:
1268 2963 1325 2994 sci—

258 3011 330 3042 licet
354 3021 391 3042 ex
412 3017 501 3053 parte
523 3010 569 3040 rei
591 3010 686 3046 visae,
704 3016 735 3040 et
758 3019 794 3040 ex
817 3016 905 3049 parte
923 3009 1046 3040 virtutis
1065 3009 1190 3039 visivae.
1215 3008 1325 3039 Decla-

257 3062 408 3096 raturque
440 3055 617 3086 secundum
651 3054 834 3084 membrum
862 3063 899 3084 ex
925 3053 957 3084 vi
986 3053 1072 3084 illius
1104 3052 1326 3084 conditionalis

258 3107 366 3130 verae:
391 3098 416 3129 si
439 3099 538 3130 virtus
561 3098 660 3129 visiva
682 3098 777 3129 habet
805 3107 873 3128 esse
895 3098 914 3128 'a
937 3107 970 3128 re
991 3097 1076 3134 visa,
1100 3097 1200 3128 virtus
1227 3097 1326 3127 visiva

258 3153 326 3174 non
349 3143 457 3173 solum
485 3149 567 3174 esset
589 3143 671 3183 ipsa,
696 3142 751 3172 sed
778 3141 954 3173 similitudo
975 3142 1020 3172 rei
1042 3142 1146 3178 visae,
1171 3148 1208 3172 ut
1229 3147 1324 3182 patet,

259 3187 335 3228 quia
357 3187 486 3218 effectus
502 3193 549 3219 est
563 3186 673 3217 similis
693 3196 816 3217 causae.
834 3204 854 3209 —
869 3186 915 3218 Ex
931 3186 980 3217 his
995 3192 1104 3217 autem
1117 3186 1214 3216 habes
1229 3195 1325 3226 quar-

259 3237 338 3269 tum,
363 3231 481 3261 scilicet
502 3231 591 3272 quod
612 3230 694 3261 visio
718 3237 823 3271 potest
845 3229 1007 3271 tripliciter
1021 3229 1107 3260 fieri:
1130 3229 1246 3270 primo,
1270 3239 1327 3270 per

258 3275 428 3306 essentiam
442 3274 488 3305 rei
502 3275 601 3311 visae3
625 3276 776 3311 secundo,
797 3284 853 3315 per
867 3274 1034 3311 essentiam
1049 3274 1172 3305 virtutis
1190 3273 1324 3310 visivae3

259 3319 371 3355 tertio,
402 3328 459 3359 per
487 3318 726 3350 similitudinem
756 3319 914 3355 mediam,
946 3324 1231 3359 repraesentantem
1258 3327 1326 3348 rem

259 3363 360 3394 'visam
383 3362 500 3393 visivae
526 3362 645 3394 virtuti.
669 3363 713 3394 Ut
736 3363 821 3394 enim
843 3369 930 3403 patet
953 3372 990 3392 ex
1006 3362 1118 3401 dictis,
1150 3368 1199 3392 tot
1220 3361 1326 3392 modis

259 3407 416 3447 contingit
445 3405 600 3436 unionem
622 3405 667 3437 rei
689 3407 774 3438 visae
797 3417 872 3438 cum
894 3406 1020 3437 vidente
1042 3405 1163 3437 variari.
1187 3406 1324 3442 Verum,

259 3458 296 3482 ut
314 3451 434 3482 litterae
457 3449 591 3480 consoni
609 3449 719 3488 simus,
735 3451 867 3482 nomine
881 3451 1037 3482 essentiae
1051 3450 1179 3482 vinulis
1194 3451 1324 3487 visivae,

260 3505 327 3526 non
348 3494 504 3534 intelligas
527 3499 652 3524 tantum
674 3494 778 3534 ipsam
792 3495 859 3525 vim
873 3495 1024 3531 visivam;
1048 3495 1104 3525 sed
1123 3493 1280 3535 quidquid
1293 3504 1326 3524 se

261 3546 346 3570 tenet
369 3549 406 3570 ex
425 3545 512 3579 parte
528 3537 605 3573 eius,
626 3537 742 3569 scilicet
760 3539 989 3580 quodcumque
1005 3538 1253 3569 confortativum
1271 3544 1327 3568 aut

261 3583 451 3614 elevativum
466 3589 537 3620 etc.,
557 3581 655 3621 ipsius
678 3581 725 3612 vis
746 3581 878 3619 visivae;
902 3582 967 3614 sive
982 3582 1062 3613 illud
1077 3583 1117 3613 sit
1131 3583 1241 3613 lumen
1258 3592 1324 3622 gra-

259 3626 337 3664 tiae,
361 3627 412 3657 vel
434 3626 561 3667 gloriae.
596 3626 720 3656 Totum
747 3625 833 3656 enim
856 3626 918 3657 hoc
940 3627 1003 3657 alio
1026 3627 1183 3657 vocabulo
1212 3626 1324 3657 dicitur

1381 1949 1556 1980 similitudo
1579 1959 1621 1979 ex
1638 1955 1735 1989 parte
1758 1949 1902 1988 videntis,
1929 1956 1964 1980 ut
1982 1957 2068 2000 patet
2090 1951 2122 1981 in
2146 1951 2194 1981 his
2213 1961 2294 1992 quae
2318 1953 2445 1983 subiun-

1381 1999 1500 2033 guntur
1522 1993 1555 2023 in
1578 1993 1689 2024 littera.

1436 2037 1488 2067 lv.
1513 2037 1630 2074 Quoad
1652 2037 1826 2068 secundum
1845 2037 1872 2074 *‚
1897 2038 1978 2068 duae
2002 2039 2222 2070 conclusiones
2243 2040 2446 2080 responsivae

1381 2081 1525 2121 quaesito
1541 2087 1716 2121 ponuntur.
1736 2082 1846 2111 Prima
1861 2081 2058 2113 affirmativa:
2083 2084 2134 2114 Ad
2149 2083 2323 2114 videndum
2340 2085 2446 2115 Deum

1380 2124 1515 2164 exigitur
1530 2125 1635 2166 aliqua
1649 2125 1824 2156 similitudo
1841 2135 1879 2156 ex
1894 2133 1981 2166 parte
1992 2126 2115 2158 virtutis
2125 2127 2250 2158 visivae.
2263 2145 2285 2150 —
2298 2128 2445 2160 Secunda

1381 2169 1540 2209 negativa:
1566 2170 1617 2199 Ad
1639 2169 1814 2200 videndum
1836 2170 1943 2200 Deum
1965 2170 2162 2211 impossibile
2186 2178 2232 2202 est
2261 2181 2445 2203 concurrere

1381 2213 1522 2254 aliquam
1545 2212 1786 2244 similitudinem
1809 2214 1948 2244 mediam
1972 2224 2009 2244 ex
2032 2222 2119 2254 parte
2141 2215 2185 2246 rei
2208 2215 2303 2246 visae.

1434 2258 1547 2288 Prima
1570 2258 1731 2288 conclusio
1754 2258 1916 2298 probatur.
1946 2259 2033 2289 Deus
2057 2266 2103 2290 est
2132 2266 2242 2290 auctor
2270 2259 2446 2291 intellectus

1382 2301 1475 2332 creati
1498 2301 1637 2341 potentis
1660 2301 1768 2342 ipsum
1799 2301 1924 2332 videre:
1949 2312 2023 2343 ergo
2047 2303 2223 2334 intellectus
2256 2311 2377 2334 creatus
2401 2311 2447 2335 est

1382 2345 1565 2386 participata
1588 2346 1764 2377 similitudo
1786 2345 1886 2386 ipsius
1909 2347 2061 2377 essentiae
2085 2347 2220 2378 divinae:
2246 2348 2320 2388 ergo
2338 2349 2377 2379 ad
2400 2349 2445 2379 vi-

1381 2389 1506 2420 sionem
1522 2389 1592 2426 Dei,
1609 2397 1668 2421 etc.
1680 2408 1700 2412 —
1715 2391 1913 2421 Antecedens
1930 2398 2024 2431 patet,
2040 2401 2112 2422 cum
2129 2392 2230 2432 prima
2250 2402 2445 2433 consequen-

1380 2434 1433 2464 tia.
1458 2434 1550 2471 Quae
1568 2434 1776 2465 nihilominus
1801 2434 2005 2465 confirmatur
2027 2445 2083 2475 per
2105 2435 2215 2466 locum
2233 2446 2254 2466 a
2272 2436 2445 2467 divisione:

1380 2478 1456 2519 quia
1479 2488 1545 2509 non
1569 2485 1615 2509 est
1637 2478 1705 2518 ipsa
1738 2478 1842 2509 divina
1873 2479 2055 2510 substantia.
2081 2479 2290 2520 Consequens
2313 2490 2443 2521 quoque

1381 2521 1587 2553 confirmatur
1601 2533 1620 2553 a
1633 2523 1741 2562 signo:
1759 2522 1833 2563 quia
1846 2522 2048 2563 intelligibilis
2061 2523 2108 2553 vis
2123 2523 2233 2554 lumen
2248 2524 2371 2561 dicitur,
2384 2531 2440 2555 etc.

1381 2566 1499 2597 Omnia
1523 2567 1603 2597 clara
1625 2574 1708 2597 sunt.

1434 2611 1473 2641 V.
1491 2611 1638 2641 Secunda
1652 2616 1758 2641 autem
1782 2611 1943 2641 conclusio
1966 2611 2119 2651 probatur
2141 2611 2312 2651 tripliciter.
2335 2613 2443 2643 Primo

1379 2655 1433 2685 sic.
1458 2655 1520 2685 Res
1545 2654 1688 2695 superior
1710 2664 1776 2686 non
1798 2654 1924 2685 videtur
1946 2664 2002 2695 per
2024 2654 2265 2686 similitudinem
2287 2656 2443 2687 infen'oris

1380 2698 1513 2729 ordinisz
1538 2709 1613 2739 ergo
1637 2699 1724 2729 Deus
1747 2708 1814 2728 non
1828 2698 1952 2729 videtur
1966 2709 2022 2739 per
2035 2699 2176 2740 aliquam
2200 2706 2335 2731 creatam
2358 2701 2442 2731 simi—

1379 2743 1555 2774 litudinem.
1581 2743 1778 2773 Antecedens
1794 2743 1946 2782 probatur
1963 2743 2147 2774 auctoritate
2162 2743 2322 2785 Dionysii;
2345 2752 2375 2781 et
2392 2745 2443 2775 de-

1380 2787 1513 2818 claratur
1529 2786 1673 2826 exemplo
1690 2796 1860 2826 corporeae
1876 2787 2101 2818 similitudinis.
2118 2787 2355 2828 Consequentia
2368 2799 2442 2819 vero

1379 2837 1465 2871 patet
1487 2841 1543 2871 per
1565 2831 1674 2861 locum
1690 2840 1711 2860 a
1724 2831 1853 2862 minori.
1871 2848 1889 2854 -
1905 2831 2068 2871 Secundo,
2091 2831 2179 2862 nulla
2201 2841 2250 2862 res
2274 2839 2375 2863 creata
2398 2840 2444 2864 est

1379 2885 1475 2906 suum
1500 2884 1580 2905 esse:
1606 2884 1680 2914 ergo
1704 2884 1760 2914 per
1791 2875 1915 2905 nullam
1940 2885 2010 2906 rem
2042 2882 2177 2906 creatam
2209 2882 2314 2915 potest
2345 2877 2442 2907 videri

1379 2919 1475 2950 Deus.
1492 2919 1690 2950 Antecedens
1706 2919 1909 2959 supponitur.
1927 2919 2165 2960 Consequentia
2180 2920 2347 2959 probatur:
2367 2921 2443 2961 quia

1379 2964 1465 2994 Deus
1489 2970 1536 2994 est
1558 2973 1655 2994 suum
1670 2972 1746 2994 esse.
1763 2980 1782 2986 -
1803 2963 1909 2994 Tertio
1925 2964 1979 2994 sic.
2005 2963 2119 2994 Omnis
2134 2974 2182 2994 res
2199 2970 2301 2994 creata
2324 2971 2369 2995 est
2388 2964 2441 2995 de-

1378 3008 1543 3038 terminata
1567 3007 1606 3037 ad
1629 3017 1728 3047 genus
1752 3006 1898 3048 aliquod:
1925 3017 1999 3047 ergo
2022 3008 2110 3038 nulla
2138 3014 2184 3038 est
2205 3006 2341 3038 infinita:
2367 3018 2441 3048 ergo

1378 3062 1435 3091 per
1458 3052 1579 3082 nullam
1601 3057 1707 3091 potest
1728 3051 1828 3081 videri
1851 3051 1948 3082 Deus.
1981 3051 2099 3082 Ultima
2122 3051 2345 3091 consequentia
2368 3062 2440 3092 pro-

1379 3097 1483 3127 batur:
1509 3095 1583 3136 quia
1605 3095 1693 3125 Deus
1716 3102 1763 3126 est
1784 3095 1928 3126 infinitus
1950 3096 2127 3126 secundum
2149 3105 2281 3126 omnem
2303 3096 2439 3126 modum

1379 3139 1502 3171 essendi
1526 3146 1556 3170 et
1578 3138 1782 3179 intelligendi.

1432 3184 1485 3215 VI.
1511 3183 1630 3214 Contra
1652 3183 1708 3213 has
1731 3183 1882 3220 rationes,
1909 3183 2054 3224 quamvis
2073 3183 2245 3219 Aureolus,
2270 3184 2356 3223 apud
2380 3183 2439 3215 Ca-

1379 3228 1535 3268 preolum,
1552 3227 1584 3257 in
1600 3227 1653 3263 IV,
1671 3227 1742 3258 dist.
1756 3237 1838 3263 xmx,
1851 3237 1906 3268 qu.
1918 3238 1939 3257 v
1949 3227 1976 3264 *,
1997 3227 2210 3267 multipliciter
2225 3234 2349 3266 arguat;
2374 3234 2441 3258 tota

1379 3279 1485 3303 tamen
1495 3271 1541 3301 vis
1557 3271 1717 3301 rationum
1735 3278 1843 3302 contra
1858 3271 1930 3307 hoc,
1944 3271 2084 3302 consistit
2100 3271 2132 3300 in
2146 3271 2207 3301 hoc
2223 3271 2312 3311 quod
2328 3281 2440 3302 omnes

1380 3317 1490 3347 allatae
1512 3315 1648 3346 rationes
1671 3322 1802 3355 peccant
1823 3325 1890 3346 non
1914 3315 2152 3355 distinguendo,
2176 3315 2232 3345 sed
2253 3314 2340 3345 idem
2362 3315 2441 3345 iudi-

1381 3360 1466 3391 cium
1489 3359 1632 3390 faciendo
1657 3359 1695 3389 de
1718 3359 1822 3399 specie
1844 3361 1876 3390 in
1897 3359 2038 3397 essendo,
2050 3366 2086 3390 et
2102 3360 2134 3389 in
2151 3360 2441 3399 repraesentando:

1381 3414 1455 3435 cum
1478 3410 1583 3434 tamen
1608 3409 1730 3434 constet
1751 3403 1841 3434 valde
1874 3402 2251 3443 magnamdifferentiam
2280 3402 2438 3434 interesse.

1381 3449 1473 3480 Unde
1489 3447 1616 3487 species,
1633 3447 1746 3488 inquit,
1761 3447 1916 3478 inferioris
1933 3446 2050 3477 ordinis
2066 3446 2099 3476 in
2115 3447 2259 3483 essendo,
2276 3453 2307 3477 et
2321 3447 2440 3478 habens

1381 3502 1447 3523 esse
1471 3492 1653 3522 distinctum
1676 3492 1714 3522 ab
1741 3491 1881 3527 efficatia,
1906 3498 1999 3531 atque
2022 3490 2110 3521 finita
2127 3490 2160 3520 in
2179 3491 2322 3527 essendo,
2339 3498 2386 3522 est
2407 3492 2440 3521 in

1380 3535 1642 3577 repraesentando
1669 3535 1700 3566 et
1727 3535 1866 3576 supremi
1895 3534 2029 3571 ordinis,
2058 3541 2088 3565 et
2114 3534 2232 3565 habens
2261 3545 2327 3565 esse
2355 3535 2440 3565 idem

1382 3590 1456 3611 cum
1484 3579 1630 3615 essentia,
1659 3585 1754 3620 atque
1780 3578 1916 3609 infinita:
1948 3579 2025 3609 haec
2048 3578 2133 3608 enim
2163 3578 2272 3609 insunt
2299 3579 2327 3609 ei
2355 3579 2439 3609 obie-

1383 3625 1470 3660 ctive‚
1491 3624 1543 3654 illa
1559 3623 1739 3654 formaliter.
1763 3624 1829 3653 Nec
1847 3623 1909 3653 hoc
1927 3622 2108 3653 inconvenit
2133 3622 2232 3662 magis
2252 3632 2350 3662 quam
2369 3632 2440 3662 spe—

2477 736 2486 744 ‘
2501 735 2537 756 Ps.
2548 741 2616 762 xxxv,
2631 741 2667 756 10.

2474 2043 2534 2065 ''Cf.
2549 2048 2613 2065 num.
2624 2048 2648 2064 n.

2468 3234 2477 3242 ¹
2492 3232 2577 3255 Contra
2587 3239 2594 3254 ι
2603 3234 2678 3255 concl.
