2768 4178
36 1347 47 1357 ·
61 1345 119 1374 c-p.
127 1351 159 1374 m,
173 1351 197 1368 n.
205 1352 222 1368 ι.

40 2616 119 2671 2183.
134 2616 240 2645 praeced.
249 2632 255 2643 ‚

992 239 1259 286 QUAEsrio
1290 239 1357 285 lv,
1387 239 1685 276 ARTICULUS
1714 240 1745 275 11

2416 242 2455 276 51

956 335 1288 368 Commentaria
1311 333 1561 368 cardinalis
1584 334 1783 367 Caietam

339 429 411 449 ch
431 418 578 450 ordinem
594 426 624 450 et
644 419 774 449 titulum
793 417 997 459 quaestionis,
1016 417 1141 447 adverte
1162 417 1252 457 quod
1266 426 1342 456 per-

276 431 333 494 C
331 464 438 504 sectio
462 473 529 493 non
553 462 708 503 significat
726 463 867 503 aliquam
881 461 1127 502 perfectionem,
1151 468 1187 491 ut
1208 460 1342 495 bonitas,

271 508 344 545 vita,
362 507 524 548 sapientia,
540 514 616 538 etc.:
641 516 746 547 neque
770 504 924 546 significat
946 515 1056 536 omnes
1073 505 1291 546 perfectiones
1311 505 1344 534 in

273 552 440 583 communi
465 550 554 594 (non
577 551 664 581 enirn
687 550 870 591 quaerendo
887 560 927 579 an
951 549 1071 590 aliquid
1095 549 1135 579 sit
1157 549 1343 589 perfectum,

273 597 435 638 quaeritur
458 606 497 626 an
521 596 634 626 habeat
657 604 770 624 omnes
798 592 1024 634 perfectiones,
1050 594 1114 623 sive
1140 593 1344 624 determinate

273 642 338 672 sive
356 637 624 681 indeterminate):
650 639 704 669 sed
721 638 875 679 significat
898 639 1026 669 modum
1044 638 1169 669 essendi
1192 639 1343 678 optimum

273 685 452 716 secundum
474 693 714 725 quamcumque
738 682 895 713 rationem
911 682 1093 718 formalem;
1119 682 1200 718 licet,
1217 689 1345 718 extenso

273 730 338 760 iarn
361 729 400 759 ab
424 738 484 759 usu
501 727 670 763 vocabulo,
682 726 842 768 perfectio
862 734 1023 767 supponat
1043 737 1135 767 saepe
1157 737 1215 766 pro
1240 737 1272 756 re
1292 733 1347 756 aut

274 773 394 804 ratione
411 771 537 802 formali
553 778 698 802 actuante
714 771 844 812 aliquid,
861 778 896 801 ut
912 777 997 811 patet
1016 781 1090 802 curn
1108 771 1242 801 dicimus
1257 771 1346 812 quod

273 817 431 858 sapientia
463 822 510 847 est
531 815 711 856 perfectio,
737 822 795 846 etc.
825 815 956 855 Proprie
987 815 1082 856 igitur
1109 815 1288 856 loquendo,
1314 815 1347 855 ly

267 861 439 902 perfectio,
464 861 536 891 licet
559 870 577 890 a
601 860 690 891 totali
715 859 851 890 factione
875 860 980 900 primo
1000 860 1177 890 derivatum
1194 860 1242 895 sit,
1260 860 1347 900 apud

274 905 486 946 philosophos
509 905 647 935 modum
670 904 793 935 essendi
817 903 979 944 significat,
1009 915 1074 935 non
1098 914 1345 945 quemcumque,

275 950 330 980 sed
358 949 536 990 optimum:
562 959 628 980 non
657 948 790 979 alicuius
819 955 919 979 certae
949 949 1006 984 rei,
1032 949 1086 979 sed
1116 949 1347 989 cuiuscumque

274 994 319 1025 rei
339 994 390 1024 cui
414 993 595 1034 apponitur,
614 993 679 1023 sive
703 992 743 1024 sit
766 992 948 1029 substantia,
974 993 1038 1023 sive
1063 993 1217 1024 accidens.
1241 993 1350 1023 Potest

275 1038 362 1068 enim
385 1048 433 1068 res
457 1037 589 1078 intelligi
609 1045 639 1068 et
655 1047 721 1068 esse
738 1037 797 1067 sub
814 1037 913 1067 modo
931 1037 1054 1068 essendi
1071 1037 1249 1077 multiplici,
1267 1046 1348 1078 quo-

275 1092 348 1113 rum
367 1092 451 1113 unus
468 1089 515 1112 est
531 1081 645 1112 melior
663 1082 776 1112 altero:
802 1081 883 1112 sicut
899 1089 1009 1112 natura
1025 1082 1205 1122 plantarum
1230 1088 1260 1112 et
1283 1080 1348 1111 ani·

275 1126 410 1157 malium
425 1126 520 1157 habet
533 1126 566 1156 in
581 1126 702 1157 semine
718 1126 880 1167 quendam
899 1126 1036 1157 modum
1052 1126 1185 1162 essendi,
1203 1132 1234 1156 et
1249 1125 1348 1155 alium

275 1171 399 1203 essendi
424 1171 560 1201 modum
583 1171 677 1201 habet
697 1171 730 1201 in
746 1169 917 1200 individuis
932 1170 1055 1210 genitis,
1076 1177 1107 1200 et
1125 1180 1233 1200 rursus
1249 1169 1349 1199 alium

275 1215 309 1246 in
332 1214 701 1257 eisdemssaugmentatis,
727 1221 803 1245 etc.:
835 1221 864 1244 et
888 1221 1011 1245 constat
1038 1214 1128 1255 quod
1155 1214 1279 1253 primus
1303 1219 1350 1243 est

258 1266 313 1290 -et
330 1258 444 1290 dicitur
462 1259 677 1299 imperfectus,
695 1259 771 1300 quia
793 1258 826 1289 in
850 1258 992 1299 potentia
1015 1265 1140 1289 tantum
1164 1265 1210 1288 est
1233 1257 1276 1288 ibi
1295 1267 1349 1287 na-

276 1311 347 1334 mra
370 1302 528 1344 specifica;
554 1303 711 1334 secundus
729 1310 836 1334 autern
852 1302 1028 1343 aliqualiter
1044 1302 1214 1342 perfectus;
1240 1301 1350 1332 tertius

276 1357 352 1379 vero
377 1347 560 1388 simpliciter
578 1347 746 1388 perfectus,
765 1354 800 1378 ut
814 1354 900 1387 patet
915 1347 958 1378 IV
975 1348 1111 1377 Meteor.
1122 1347 1152 1376 *z
1174 1346 1349 1387 perfectum

277 1392 364 1423 enim
386 1393 646 1433 unumquodque
663 1391 705 1422 ibi
723 1391 846 1428 dicitur,
863 1401 934 1422 cum
947 1396 1053 1431 potest
1067 1391 1187 1432 facere
1209 1391 1348 1421 alterum

276 1437 374 1478 quale
395 1438 498 1478 ipsum
519 1442 586 1474 est;
609 1443 686 1467 tunc
705 1436 792 1466 enirn
814 1436 908 1467 habet
929 1442 1074 1466 naturam
1093 1435 1218 1475 optimo
1237 1435 1349 1466 modo.

277 1499 298 1505 -
313 1481 416 1517 Unde,
433 1480 514 1511 sicut
532 1490 682 1522 quaerere
699 1487 808 1512 utrum
832 1480 953 1521 aliquid
976 1480 1016 1511 sit
1039 1480 1215 1521 perfectum
1240 1489 1350 1510 secun-

277 1525 357 1557 dum
387 1525 483 1556 talem
510 1526 560 1556 vel
589 1525 685 1556 talem
718 1525 874 1556 rationem
889 1549 896 1560 ,
922 1531 999 1565 puta
1029 1524 1191 1555 scientiam
1215 1524 1265 1554 vel
1296 1534 1350 1554 na-

276 1575 391 1606 turam,
409 1579 475 1600 non
492 1576 538 1600 est
554 1580 703 1611 quaerere
720 1577 829 1601 utrum
853 1569 932 1600 illud
956 1569 1069 1600 habeat
1092 1569 1233 1610 aliquam
1257 1568 1351 1599 aliam

277 1613 524 1655 perfectionem,
549 1615 604 1645 sed
628 1621 737 1645 utrum
765 1614 878 1645 habeat
905 1613 993 1644 illam
1017 1613 1142 1654 optimo
1166 1614 1283 1649 modo;
1309 1613 1352 1643 ita

278 1669 429 1700 quaerere
457 1659 602 1690 absolute
626 1666 657 1690 et
680 1658 746 1689 sine
775 1658 1028 1699 specificatione,
1060 1666 1095 1689 ut
1118 1658 1151 1688 in
1182 1657 1350 1698 proposito

277 1702 322 1740 fit,
338 1710 449 1734 utrum
465 1703 552 1734 Deus
569 1703 609 1735 sit
625 1704 792 1744 perfectus,
810 1713 876 1733 non
893 1710 939 1733 est
958 1713 1107 1744 quaerere
1131 1710 1240 1733 utrum
1265 1703 1351 1732 Deus

277 1748 391 1779 habeat
406 1747 547 1788 aliquam
563 1748 808 1789 perfectionem;
834 1758 937 1788 neque
957 1754 1066 1778 utrum
1090 1747 1203 1778 habeat
1227 1757 1350 1781 omnes,

278 1801 353 1823 cum
383 1792 445 1823 hoc
477 1799 652 1824 reservetur
684 1793 824 1824 secundo
858 1792 1009 1827 articulo;
1042 1792 1097 1822 sed
1125 1799 1171 1822 est
1201 1801 1351 1832 quaerere

278 1842 387 1868 utrum
402 1837 507 1876 Deus,
532 1837 565 1868 id
587 1838 672 1878 quod
695 1843 751 1875 est,
777 1838 818 1868 sit
841 1838 959 1877 optimo
983 1837 1092 1867 modo:
1117 1837 1179 1867 hoc
1203 1843 1248 1866 est
1266 1835 1351 1866 enim

278 1891 347 1912 esse
369 1881 556 1922 perfectum.
1325 1892 1337 1894 -

335 1925 373 1956 ΙΙ.
397 1926 548 1956 Testatur
563 1933 671 1956 autem
695 1926 781 1956 hunc
801 1935 868 1956 esse
884 1925 1089 1956 manifestum
1106 1934 1235 1955 sensum
1255 1933 1352 1965 quae-

279 1969 401 2006 stionis,
419 1980 513 2000 causa
529 1970 746 2011 responsionis
766 1970 921 2010 assignata
937 1969 969 1999 in
987 1978 1120 2010 corpore
1140 1968 1271 1999 articuli.
1296 1968 1351 1998 Di-

279 2014 360 2045 citur
383 2015 469 2044 enim
493 2015 582 2055 quod
605 2015 693 2045 Deus
717 2021 764 2045 est
786 2014 952 2055 perfectus,
977 2014 1052 2054 quia
1076 2023 1142 2044 non
1167 2019 1214 2043 est
1237 2013 1270 2043 in
1294 2023 1351 2053 po-

1397 416 1548 456 potentia,
1566 416 1606 446 ad
1622 416 1759 446 modum
1774 415 1895 445 essendi
1913 423 2040 456 spectat.
2058 417 2099 447 Et
2114 424 2279 457 propterea
2298 417 2355 447 ista
2371 427 2466 457 quae-

1399 460 1458 490 stio
1475 460 1658 490 immediate
1675 466 1748 499 post
1766 459 1986 499 quaestionem
2003 461 2041 490 de
2058 461 2257 501 simplicitate
2275 468 2404 491 naturae
2421 461 2466 490 di-

1398 504 1489 534 vinae
1513 504 1657 534 ordinata
1681 510 1741 534 est:
1768 503 1903 534 stabilita
1927 514 2064 544 namque
2085 505 2226 541 essentia,
2250 505 2466 545 quaerendum

1399 549 1505 579 statim
1529 547 1664 579 occurrit
1683 548 1722 578 de
1745 548 1845 578 modo
1870 548 1991 578 essendi
2014 548 2113 588 ipsius
2137 549 2315 585 intrinseco,
2340 550 2467 590 qualem

1399 593 1431 633 ly
1442 592 1624 633 perfectum
1646 591 1812 632 significat:
1838 602 1905 622 non
1921 592 2006 622 enirn
2022 592 2174 632 importat
2190 594 2325 623 modum
2345 593 2467 623 essendi

1400 637 1443 667 rei
1467 637 1500 667 in
1525 643 1667 677 respectu
1692 637 1731 666 ad
1756 636 1888 677 aliquod
1912 636 2130 672 circumstans,
2154 645 2207 668 aut
2230 638 2344 678 quovis
2368 638 2467 667 modo

1401 681 1619 716 extrinsecum,
1638 681 1692 711 sed
1709 681 1742 711 in
1761 681 1872 720 seipsa.
1894 681 1986 711 Unde
2003 687 2032 710 et
2048 681 2240 717 Aristoteles,
2260 682 2293 711 in
2310 682 2320 711 Ι
2340 682 2430 712 Caeli
2441 681 2467 717 *,

1401 726 1439 755 de
1464 733 1575 756 natura
1598 725 1734 756 universi
1759 731 1903 760 tractans,
1922 725 2027 764 primo
2051 735 2090 754 an
2115 725 2153 755 sit
2172 725 2346 765 perfectum
2370 726 2468 756 deter-

1401 770 1517 800 minat:
1542 769 1697 811 quoniam
1717 776 1747 800 et
1763 769 1907 809 quaestio
1924 778 1963 798 an
1988 775 2042 804 est,
2066 776 2096 799 et
2117 779 2156 798 an
2173 769 2304 809 simplex
2325 781 2364 800 an
2382 780 2468 800 com-

1402 814 1545 854 positum
1571 820 1670 849 esset,
1695 823 1778 854 quae
1802 813 1922 853 priores
1943 820 2048 848 erant,
2077 812 2333 853 relinquebantur
2358 824 2413 854 per
2437 824 2468 844 se

1402 865 1506 889 notae.

1457 903 1508 933 111.
1527 903 1561 932 In
1579 911 1712 942 corpore
1729 902 1811 932 duo:
1837 901 1942 941 primo
1959 901 2090 931 refertur
2114 901 2224 941 opinio
2248 901 2470 942 Pythagorico-

1402 956 1491 983 rum;
1512 947 1653 977 secundo
1669 946 1880 986 respondetur
1895 945 2050 986 quaesito.
2064 963 2084 967 —
2097 945 2213 982 Quoad
2229 946 2379 985 primum,
2393 946 2469 976 duo.

1406 991 1537 1031 Opinio:
1555 991 1643 1032 quod
1660 990 1816 1031 principio
1830 1000 1895 1020 non
1913 989 2061 1020 convenit
2075 989 2238 1029 perfectio.
2253 990 2376 1021 Radix:
2398 991 2472 1030 quia

1403 1035 1595 1076 principium
1614 1035 1774 1066 materiale
1791 1041 1915 1065 tantum
1932 1033 2161 1064 intellexerunt.
2185 1034 2340 1065 Probatur
2363 1044 2471 1065 conse-

1404 1080 1506 1110 cutio:
1532 1080 1606 1120 quia
1631 1087 1666 1110 ut
1689 1079 1732 1110 sic
1756 1085 1802 1109 est
1826 1079 1858 1108 in
1882 1078 2039 1118 potentia:
2065 1088 2150 1118 ergo.

1460 1124 1512 1154 IV.
1534 1125 1651 1162 Quoad
1667 1123 1855 1158 secundum,
1880 1122 2023 1153 similiter
2039 1123 2114 1152 duo.
2143 1122 2324 1160 Conclusio,
2342 1133 2471 1164 respon—

1404 1168 1470 1198 siva
1491 1168 1635 1209 quaesito
1652 1167 1852 1198 affirmative:
1877 1167 1964 1197 Deus
1989 1174 2035 1197 est
2058 1166 2194 1196 maxime
2218 1167 2383 1206 perfectus.
2408 1168 2471 1198 Ra-

1403 1212 1472 1249 dix,
1490 1213 1638 1252 opposita
1658 1212 1795 1252 primae:
1821 1211 1895 1252 quia
1911 1211 2027 1242 scilicet
2051 1218 2097 1241 est
2113 1210 2305 1250 principium
2324 1212 2470 1243 activum.

1457 1257 1621 1287 Probatur.
1647 1256 1797 1287 Activum
1826 1262 1953 1296 oportet
1976 1265 2042 1285 esse
2066 1255 2098 1285 in
2122 1262 2208 1285 actu:
2234 1265 2308 1295 ergo
2333 1256 2473 1296 primum

1405 1301 1543 1332 activum
1560 1301 1696 1331 maxime
1712 1301 1744 1330 in
1764 1306 1850 1330 actu:
1876 1309 1951 1340 ergo
1969 1299 2105 1329 maxime
2121 1299 2305 1339 perfectum.
2320 1318 2339 1322 -
2356 1300 2474 1331 Omnia

1405 1352 1522 1386 patent.
1547 1345 1588 1376 Et
1611 1345 1723 1375 ultima
1748 1344 1975 1384 consequentia
1996 1344 2170 1374 declaratur
2189 1354 2226 1374 ex
2244 1345 2321 1384 quid
2337 1346 2473 1375 nominis

1405 1389 1544 1430 perfecti,
1562 1389 1680 1420 scilicet
1698 1389 1749 1419 cui
1773 1388 1851 1419 nihil
1871 1389 1958 1419 deest
1974 1388 2012 1418 de
2028 1388 2199 1428 requisitis:
2225 1389 2366 1419 existenti
2389 1389 2474 1419 enim

1405 1435 1437 1465 in
1461 1434 1620 1474 potentia,
1645 1434 1732 1464 deest
1755 1433 1786 1463 id
1810 1433 1900 1474 quod
1927 1433 1959 1463 in
1985 1439 2055 1463 actu
2080 1442 2146 1462 esse
2178 1440 2298 1472 potest;
2333 1433 2472 1464 existenti

1406 1486 1513 1509 autem
1537 1478 1569 1508 in
1593 1485 1681 1513 actu,
1707 1484 1742 1508 ut
1766 1477 1825 1513 sic,
1850 1477 1928 1507 nihil
1952 1477 2048 1507 deest.

1462 1523 1500 1554 V.
1518 1523 1552 1553 In
1569 1522 1777 1562 responsione
1798 1522 1836 1552 ad
1853 1521 1990 1558 tertium,
2007 1521 2131 1552 adverte
2148 1521 2224 1552 duo.
2245 1521 2365 1559 Primo,
2384 1522 2473 1563 quod

1405 1567 1572 1608 responsio
1590 1574 1649 1597 stat
1663 1566 1695 1596 in
1718 1566 1775 1597 hac
1793 1566 2011 1596 distinctione:
2037 1575 2204 1596 commune
2220 1566 2394 1606 dupliciter,
2417 1576 2472 1606 per

1406 1612 1543 1642 modum
1567 1618 1664 1646 actus,
1687 1618 1718 1641 et
1740 1620 1796 1651 per
1819 1611 1955 1641 modum
1978 1610 2147 1650 potentiae.
2173 1610 2397 1641 Communitas
2420 1620 2475 1650 per

1407 1657 1543 1687 modum
1567 1663 1665 1691 actus,
1683 1655 1825 1686 consistit
1839 1655 1871 1685 in
1889 1655 2006 1694 recipi:
2029 1654 2242 1685 communitas
2266 1665 2321 1694 per
2339 1655 2475 1685 modum

1406 1701 1585 1742 potentiae,
1611 1700 1754 1731 consistit
1783 1699 1815 1729 in
1845 1700 1995 1739 recipere.
2028 1699 2104 1729 Esse
2129 1706 2235 1729 autern
2260 1706 2306 1729 est
2329 1709 2474 1729 commu-

1407 1745 1575 1776 nissimum
1603 1755 1659 1785 per
1683 1744 1819 1774 modum
1848 1750 1951 1774 actus:
1977 1743 2051 1783 quia
2075 1744 2113 1773 ad
2137 1743 2245 1773 omnia
2276 1751 2476 1783 comparatur

1408 1798 1443 1821 ut
1459 1797 1622 1830 receptum
1641 1789 1679 1819 ad
1705 1788 1868 1828 receptiva,
1893 1794 1929 1818 ut
1953 1794 2047 1828 patet.
2065 1805 2085 1809 -
2107 1787 2264 1825 Secundo,
2290 1788 2379 1828 quod
2402 1788 2474 1818 hinc

1407 1842 1492 1875 patet
1509 1834 1648 1864 defectus
1665 1833 1760 1868 Scoti,
1779 1833 1810 1862 in
1829 1833 1870 1862 IV
1890 1832 1990 1870 Sem„
2015 1831 2085 1862 dist.
2102 1841 2123 1867 1,
2149 1842 2204 1872 qu.
2221 1842 2243 1867 1,
2262 1839 2370 1863 contra
2393 1833 2474 1862 hanc

1407 1890 1431 1909 s.
1450 1879 1597 1909 Thomae
1617 1877 1820 1918 positionem,
1848 1877 1964 1907 scilicet
1988 1876 2076 1918 quod
2091 1886 2168 1912 esse,
2193 1877 2369 1907 secundum
2385 1886 2475 1907 suam

1407 1923 1574 1954 formalem
1606 1922 1777 1958 rationem,
1810 1928 1856 1951 est
1879 1920 2104 1961 perfectissima
2135 1921 2282 1951 omnium
2311 1920 2475 1960 perfectio-

1407 1978 1505 2003 num,
1536 1966 1694 2007 arguentis
1723 1976 1759 1996 ex
1783 1965 2012 1996 communitate
2036 1965 2145 2005 ipsius.
2170 1965 2289 1995 Mirum
2318 1971 2364 1995 est
2391 1965 2474 1995 enirn

1407 2012 1496 2052 quod
1512 2012 1593 2041 hanc
1610 2011 1765 2042 rationem
1780 2010 1867 2040 affert
1883 2010 1921 2039 ad
1938 2009 2205 2045 concludendum,
2219 2019 2317 2049 quam
2334 2019 2475 2049 expresse

279 2058 386 2094 tentia,
410 2059 464 2089 sed
488 2059 520 2089 in
545 2066 630 2090 actu:
656 2066 778 2090 constat
798 2058 884 2089 enim
908 2059 997 2099 quod
1017 2068 1083 2088 esse
1106 2058 1139 2088 in
1156 2065 1227 2088 actu
1247 2057 1296 2087 vel
1319 2057 1352 2087 in
1407 2068 1431 2087 s.
1445 2057 1590 2086 Thomas
1615 2055 1750 2085 solverat
1774 2062 1838 2085 tam
1863 2054 1953 2084 clare.

1055 2195 1372 2237 ARTICULUS
1403 2192 1702 2236 SECUNDUS

785 2280 943 2312 UTRUM
967 2280 1010 2310 1N
1034 2279 1123 2311 1)Εο
1147 2279 1245 2310 SINT
1269 2277 1597 2309 PERFECTIONES
1622 2276 1798 2308 OMNIUM
1822 2274 1974 2305 RERUM

637 2352 647 2376 1
668 2351 750 2381 Sent„
771 2351 829 2376 dist.
848 2358 876 2380 u,
896 2356 942 2376 art.
964 2358 987 2381 α,
1009 2350 1036 2381 3;
1057 2351 1066 2375 1
1088 2351 1165 2375 Cont.
1187 2351 1274 2377 Gent.¹
1295 2357 1351 2381 cap.
1370 2356 1456 2377 xxvm,
1475 2355 1546 2378 xxxn
1566 2348 1594 2377 11,
1615 2355 1670 2380 cap.
1685 2355 1717 2377 u;
1738 2347 1779 2371 De
1804 2346 1892 2375 Ver-it„
1914 2353 1959 2378 qu.
1978 2353 2011 2376 u,
2032 2350 2077 2369 art.
2102 2353 2122 2376 η

872 2387 1016 2418 Compend.
1040 2385 1138 2414 Theot„
1157 2393 1212 2418 cap.
1232 2393 1281 2414 xxi,
1300 2393 1364 2415 xxn;
1385 2385 1418 2409 de
1437 2382 1502 2409 Divi
1515 2385 1603 2412 Nom„
1625 2391 1682 2416 cap.
1701 2390 1724 2413 v,
1744 2383 1803 2407 lect.
1822 2390 1839 2413 1,
1858 2389 1885 2406 u.

402 2482 469 2521 aa(
495 2472 518 2496 D
538 2470 729 2496 SECUNDUM
750 2470 804 2495 Sic
818 2469 1058 2495 PROCEDITUR.
1075 2456 1234 2494 Videtur
1248 2455 1354 2504 quod

335 2515 343 2565 J
371 2502 464 2572 [ἑῇ
496 2512 534 2550 in
563 2513 648 2549 Deo
682 2523 761 2548 non
790 2511 861 2548 sint
889 2511 1140 2560 perfectiones
1178 2509 1352 2547 omnium

306 2601 323 2618 .·
360 2614 363 2615 ⁷
397 2611 408 2620 .
440 2572 461 2605 ἰ
478 2563 483 2567 “
498 2577 637 2603 rerum.
659 2566 765 2602 Deus
786 2564 888 2606 enirn
909 2565 1070 2614 simplex
1086 2572 1152 2611 est,
1168 2571 1210 2600 ut
1229 2570 1354 2600 osten-

292 2629 299 2639 '
320 2618 322 2620 ’
342 2613 425 2659 “a
452 2610 483 2652 Χ
498 2631 584 2656 sum
606 2627 661 2655 est
678 2618 709 2655 ³¹³.
741 2618 819 2655 Sed
843 2618 1095 2667 perfectiones
1120 2629 1248 2654 rerum
1269 2624 1356 2653 sunt

283 2671 425 2708 multae
447 2679 483 2708 et
502 2672 685 2709 diversae.
707 2672 809 2719 Ergo
836 2671 874 2708 in
899 2672 984 2708 Deo
1004 2684 1084 2708 non
1105 2678 1191 2707 sunt
1219 2682 1354 2707 omnes

282 2725 533 2774 perfectiones
563 2736 702 2761 rerum.

339 2790 374 2816 2.
404 2779 646 2824 PkAETEREA,
683 2777 859 2826 opposita
896 2790 974 2815 non
1005 2785 1167 2827 possunt
1205 2788 1287 2813 esse
1315 2776 1355 2812 in

284 2831 436 2869 eodem.
472 2831 550 2868 Sed
577 2830 829 2880 perfectiones
862 2843 990 2868 rerum
1019 2839 1106 2868 sunt
1134 2829 1354 2879 oppositae:

282 2897 540 2934 unaquaeque
560 2884 663 2921 enirn
692 2883 837 2932 species
855 2885 1048 2933 perficitur
1067 2896 1136 2933 per
1158 2895 1268 2920 suam
1290 2883 1355 2920 dif-

283 2938 482 2976 ferentiam
519 2938 758 2987 specificam;
795 2937 1030 2975 differentiae
1060 2945 1187 2974 autem
1216 2937 1355 2984 quibus

284 2991 464 3029 dividitur
483 3003 603 3039 genus
632 2998 668 3027 et
696 2990 973 3028 constituuntur
1001 2990 1160 3039 species,
1182 2997 1269 3027 sunt
1288 3002 1356 3038 op-

284 3044 442 3093 positae.
482 3045 583 3081 Cum
625 3055 713 3091 ergo
751 3044 929 3093 opposita
963 3056 1041 3081 non
1069 3043 1216 3093 possint
1244 3043 1357 3080 simul

286 3109 368 3134 esse
396 3097 436 3134 in
464 3097 616 3144 eodem,
641 3097 792 3134 videtur
821 3097 926 3146 quod
954 3110 1034 3134 non
1063 3109 1199 3134 omnes
1228 3108 1355 3133 rerum

283 3150 536 3200 perfectiones
565 3151 637 3188 sint
663 3150 703 3187 in
731 3151 829 3187 Deo.

341 3204 376 3240 3.
406 3204 640 3251 Pam-mam,
668 3203 806 3240 vivens
836 3211 891 3240 est
918 3203 1119 3252 perfectius
1138 3215 1256 3251 quam
1277 3215 1355 3249 enS,

288 3264 323 3293 et
351 3256 502 3304 sapiens
531 3268 649 3304 quam
667 3258 822 3294 vivens:
854 3268 943 3304 ergo
974 3264 1010 3293 et
1036 3257 1167 3293 vivere
1193 3264 1249 3293 est
1271 3269 1357 3305 per-

286 3309 418 3346 fectius
447 3321 564 3357 quam
594 3322 697 3357 esse,
729 3318 765 3347 et
793 3321 926 3359 sapere
955 3322 1072 3358 quam
1098 3310 1243 3346 vivere.
1281 3310 1357 3346 Sed

288 3362 450 3400 essentia
478 3362 550 3398 Dei
579 3370 634 3399 est
660 3363 787 3412 ipsum
817 3375 911 3400 esse.
942 3363 1044 3411 Ergo
1074 3375 1153 3400 non
1179 3363 1295 3399 habet
1319 3362 1358 3398 in

288 3428 328 3453 se
347 3415 621 3465 perfectionem
640 3416 740 3453 vitae
761 3424 798 3453 et
816 3416 1034 3466 sapientiae,
1065 3423 1101 3452 et
1120 3415 1210 3453 alias
1230 3416 1358 3452 huius-

288 3469 394 3506 modi
421 3468 684 3517 perfectiones.

343 3584 370 3624 οι).
392 3591 453 3608 uno.
472 3596 491 3603 ·-
510 3589 563 3607 una
583 3582 679 3615 PszF
699 3587 724 3607 et
743 3582 868 3608 editiones
887 3584 943 3613 ab;
962 3583 993 3608 cf.
1013 3591 1034 3608 s.
1047 3583 1144 3608 Thom.
1163 3583 1221 3608 loco
1237 3583 1312 3607 citato
1333 3582 1359 3606 in

289 3626 414 3651 margine.

1464 2456 1538 2492 SED
1558 2466 1704 2492 CONTRA
1724 2465 1791 2490 EST
1811 2452 1917 2500 quod
1938 2452 2023 2489 dicit
2043 2451 2261 2500 Dionysius⁷
2289 2464 2370 2501 cap.
2390 2464 2414 2487 v
2433 2453 2479 2488 de

1408 2509 1496 2546 Div.
1512 2508 1629 2545 Nom.
1646 2508 1676 2554 *,
1700 2507 1803 2556 quod
1824 2507 1928 2542 Deus
1949 2506 1985 2542 in
2008 2517 2081 2541 uno
2101 2512 2118 2526 α
2137 2506 2331 2542 existentia
2351 2506 2478 2541 omnia

1404 2562 1622 2611 praehabet.

1464 2617 1690 2652 ResPONDEo
1720 2624 1904 2650 DICENDUM
1933 2611 2039 2660 quod
2068 2611 2105 2648 in
2130 2612 2214 2648 Deo
2243 2619 2330 2648 sunt
2356 2612 2477 2660 perfe-

1411 2669 1554 2705 ctiones
1584 2667 1760 2704 omniurn
1790 2678 1929 2703 rerum.
1965 2665 2075 2702 Unde
2105 2672 2141 2701 et
2170 2664 2303 2701 dicitur
2329 2664 2478 2701 univer-

1411 2722 1535 2759 saliter
1562 2721 1772 2770 perfectus:
1803 2719 1893 2769 quia
1921 2731 2000 2755 non
2030 2718 2135 2755 deest
2165 2718 2197 2754 ei
2226 2718 2350 2766 aliqua
2372 2718 2478 2754 nobi-

1410 2775 1492 2812 litas
1522 2787 1621 2822 quae
1659 2773 1873 2810 inveniatur
1909 2772 1948 2808 in
1980 2771 2106 2820 aliquo
2141 2783 2295 2819 genere,
2325 2778 2365 2807 ut
2393 2771 2479 2808 dicit

1412 2829 1706 2865 Commentator
1734 2826 1771 2863 in
1799 2826 1834 2862 V
1853 2826 2070 2873 Metaphys.
2091 2824 2121 2862 *.
2153 2825 2200 2861 Et
2223 2825 2297 2860 hoc
2321 2824 2477 2872 quidem

1412 2894 1456 2918 ex
1486 2881 1638 2918 duobus
1668 2879 1900 2916 considerari
1927 2885 2062 2927 potest.

1464 2934 1594 2971 Primo
1625 2933 1794 2982 quidem,
1824 2945 1892 2981 per
1911 2930 1928 2960 β
1947 2933 2021 2969 hoc
2050 2930 2155 2980 quod
2184 2930 2366 2979 quidquid
2393 2942 2477 2978 per·

1411 2987 1581 3025 fectionis
1611 2994 1666 3023 est
1693 2986 1732 3023 in
1761 2985 1909 3032 effectu,
1940 2991 2091 3033 oportet
2109 2983 2269 3020 inveniri
2298 2984 2337 3019 in
2366 2995 2478 3019 causa

1412 3041 1603 3078 effectiva:
1633 3040 1696 3076 vel
1724 3039 1937 3076 secundum
1967 3039 2130 3075 eandem
2161 3036 2358 3083 rationem,
2380 3036 2409 3072 si
2433 3036 2478 3072 sit

1411 3107 1527 3142 agens
1555 3093 1780 3140 univocum,
1800 3100 1842 3129 ut
1861 3093 1980 3128 homo
2009 3097 2163 3139 generat
2181 3089 2395 3134 hominem3
2416 3090 2477 3125 vel

1413 3146 1651 3184 eminentiori
1680 3146 1813 3192 modo,
1834 3145 1864 3182 si
1884 3145 1939 3192 sit,
1961 3156 2075 3192 agens
2095 3143 2361 3191 aequivocum,
2384 3142 2479 3178 sicut

1412 3201 1450 3238 in
1488 3201 1567 3244 sole
1605 3207 1661 3236 est
1697 3198 1903 3236 similitudo
1942 3209 2076 3234 eorum
2121 3208 2218 3244 quae
2253 3203 2479 3243 generantur

1413 3267 1481 3303 per
1516 3253 1695 3290 virtutem
1733 3252 1833 3289 solis.
1869 3251 2114 3288 Manifestum
2149 3257 2204 3285 est
2236 3248 2338 3285 enim
2372 3248 2477 3295 quod

1413 3307 1569 3344 effectus
1598 3305 1815 3354 praeexistit
1841 3305 1979 3341 virtute
1999 3304 2036 3340 in
2057 3315 2170 3339 causa
2189 3309 2338 3349 agente:
2368 3313 2479 3349 prae-

1415 3361 1570 3398 existere
1599 3366 1727 3395 autem
1756 3359 1794 3395 in
1822 3358 1958 3395 virtute
1987 3368 2122 3393 causae
2143 3355 2298 3402 agentis,
2324 3367 2402 3391 non
2423 3362 2478 3390 est

1412 3412 1661 3463 praeexistere
1681 3410 1947 3461 imperfectiori
1969 3410 2099 3456 modo,
2121 3408 2188 3445 sed
2207 3407 2420 3456 perfectiori
2438 3407 2475 3451 *3

1413 3468 1498 3504 licet
1517 3465 1767 3514 praeexistere
1782 3465 1819 3501 in
1834 3463 2001 3513 potentia
2016 3468 2031 3488 ⁷
2047 3474 2183 3510 causae
2203 3460 2416 3507 materialis,
2434 3460 2477 3496 sit

1469 3580 1493 3613 β)
1509 3587 1569 3612 per.
1588 3593 1606 3598 -
1624 3586 1662 3604 ex
1679 3579 1800 3604 ABCDE.
1819 3591 1837 3598 --
1855 3578 1904 3602 Pro
1924 3579 2036 3609 oportet,
2056 3576 2131 3601 debet
2149 3577 2178 3600 Β.

1466 3617 1493 3649 γ)
1507 3615 1640 3648 potentia.
1657 3629 1675 3633 -v
1694 3614 1852 3639 velmirtute
1871 3613 1939 3637 addit
1957 3613 1986 3636 B.

2496 678 2574 725 {03⁹1}
2583 684 2597 699 ¹·
2610 688 2618 692 ”
2630 679 2653 700 s.
2663 678 2706 700 Th·

2506 2514 2514 2521 ·
2531 2512 2555 2533 S.
2566 2511 2611 2533 Th.
2622 2511 2675 2532 lect.
2685 2517 2717 2532 ui.

2602 2548 2617 2563 α

2507 2838 2513 2846 ·
2530 2837 2620 2858 Comm.
2633 2842 2681 2857 xxi.

2601 2937 2615 2970 β

2503 3415 2512 3424 ⁸
2527 3414 2554 3434 D.
2570 3413 2618 3440 326.
