2768 4178
85 868 96 879 ⁸
108 867 144 891 Cf.
154 873 195 896 qu.
205 873 251 896 xrv,
261 867 299 889 111-

85 894 148 917 trod.

186 930 203 947 α

83 1026 96 1039 ⁸
111 1025 159 1054 Qu.
173 1032 215 1048 xx.

83 1080 95 1090 '¹
110 1079 159 1108 Qu.
172 1084 231 1102 xm.

182 1105 198 1141 β

1040 258 1307 305 QUAESTIO
1337 260 1442 306 xix,
1473 259 1767 298 ART1CULUs
1798 263 1810 297 1

2442 260 2511 297 23·1

936 456 1348 533 QUAESTIO
1386 458 1919 514 DECIMANONA

1106 570 1190 610 DE
1222 569 1604 611 VOLUNTATE
1637 571 1740 611 DEI

1041 667 1080 692 IN
1118 666 1341 692 DUODECIM
1379 667 1626 693 ARTICULOS
1664 668 1806 693 DIVISA

396 765 466 791 osT
495 752 839 790 considerationem
867 763 1002 788 eorum
1024 763 1123 800 quae
1151 751 1199 789 ad
1225 751 1395 789 divinam

329 763 594 845 pscientiam
637 805 844 854 pertinent,
891 804 1212 842 considerandum
1252 813 1308 842 est
1346 805 1393 843 de

327 859 384 896 his
413 872 512 909 quae
539 859 728 909 pertinent
748 858 797 896 ad
816 859 1053 895 voluntatem
1075 858 1244 896 divinam
1260 858 1297 895 *τ
1322 867 1364 895 ut
1378 865 1394 880 ‘²

326 913 372 950 sit
398 913 522 962 prima
543 911 795 949 consideratio
817 912 864 948 de
893 911 975 960 ipsa
1002 911 1075 948 Dei
1093 913 1307 957 voluntate;
1338 924 1394 948 se-

328 967 463 1013 cunda,
494 966 541 1003 de
570 965 628 1002 his
658 977 755 1015 quae
776 965 1081 1002 advoluntatem
1111 965 1283 1002 absolute
1311 977 1394 1014 pet-

326 1019 446 1056 tinent
463 1018 500 1064 *3
530 1018 650 1067 tertia,
672 1018 719 1056 de
735 1018 793 1056 his
823 1030 920 1067 quae
950 1018 999 1055 ad
1028 1018 1256 1055 intellectum
1276 1018 1314 1055 in
1335 1030 1394 1055 or-

328 1072 415 1110 dine
445 1072 493 1110 ad
521 1073 758 1109 voluntatem
787 1071 978 1121 pertinent
995 1071 1015 1093 '¹‘
1033 1070 1062 1108 β.

327 1125 438 1163 Circa
466 1125 589 1174 ipsam
620 1133 749 1163 autem
779 1126 1017 1162 voluntatem
1046 1132 1280 1174 quaeruntur
1300 1124 1396 1161 duo-

436 1179 572 1216 decim.

379 1232 530 1270 Primo:
559 1239 687 1269 utrum
716 1230 755 1268 in
784 1231 868 1267 Deo
899 1230 944 1267 sit
970 1231 1161 1267 voluntas.

381 1285 583 1322 Secundo:
612 1292 741 1322 utrum
772 1284 877 1320 Deus
905 1283 996 1320 velit
1025 1283 1096 1320 alia
1125 1295 1147 1319 a
1176 1295 1228 1320 se.

379 1338 529 1375 Tertio:
559 1346 688 1375 utrum
717 1336 902 1386 quidquid
930 1337 1036 1374 Deus
1063 1336 1160 1384 vult,
1192 1348 1237 1373 ex
1265 1348 1395 1373 neces-

434 1391 540 1428 sitate
568 1391 669 1428 velit.

1506 753 1670 800 Quarto:
1700 760 1828 790 utrum
1857 754 2034 791 voluntas
2063 755 2134 791 Dei
2164 755 2208 792 sit
2237 769 2348 794 causa
2370 770 2510 795 rerum.

1506 805 1670 853 Quinto:
1699 813 1828 843 utrum
1856 807 2061 844 voluntatis
2091 807 2241 845 divinae
2262 810 2305 846 sit
2324 810 2512 858 assignare

1557 859 1724 908 aliquam
1754 871 1921 896 causam.

1504 913 1637 949 Sexto:
1654 919 1782 949 utrum
1797 913 1975 950 voluntas
1992 913 2118 950 divina
2134 926 2285 963 semper
2298 915 2509 964 impleatur.

1505 965 1698 1014 Septimo:
1727 973 1856 1002 utrum
1884 967 2062 1004 voluntas
2091 967 2164 1003 Dei
2194 967 2239 1004 sit
2266 968 2466 1005 mutabilis.

1504 1019 1673 1055 Octavo:
1693 1026 1823 1056 utrum
1838 1020 2015 1057 voluntas
2031 1019 2103 1057 Dei
2117 1020 2380 1058 necessitatem
2401 1022 2512 1058 rebus

1556 1071 1683 1108 volitiS
1711 1071 1896 1120 imponat.
2398 1105 2403 1107 -

1503 1124 1639 1161 Nono:
1669 1132 1796 1162 utrum
1825 1125 1863 1162 in
1891 1126 1976 1163 Deo
2006 1125 2052 1162 sit
2078 1127 2255 1163 voluntas
2283 1127 2485 1164 malorum.

1503 1177 1682 1214 Decimo:
1704 1186 1832 1215 utrum
1848 1179 1953 1216 Deus
1968 1179 2107 1216 habeat
2121 1179 2282 1216 liberum
2303 1179 2511 1217 arbitrium.

1503 1230 1736 1268 Undecimo:
1765 1239 1892 1268 utrum
1922 1232 1967 1269 sit
1995 1232 2258 1281 distinguenda
2283 1233 2321 1270 in
2341 1234 2424 1270 Deo
2444 1245 2513 1270 vo-

1557 1284 1679 1320 luntas
1709 1284 1814 1332 signi.

1503 1336 1766 1374 Duodecim0:
1786 1345 1914 1374 utrum
1935 1338 2207 1375 convenienter
2226 1338 2323 1376 cirea
2343 1339 2511 1376 divinam

1557 1390 1794 1428 voluntatem
1822 1398 2014 1439 ponantur
2041 1391 2209 1440 quinque
2239 1392 2352 1440 signa.

1143 1489 1460 1532 ARTICULUS
1492 1490 1697 1533 PRIMUS

1078 1575 1234 1606 UTRUM
1258 1574 1300 1604 IN
1324 1573 1412 1605 DEo
1437 1573 1504 1605 s1T
1527 1574 1762 1607 VOLUNTAS

701 1646 775 1677 Infm,
796 1653 839 1679 qu.
853 1653 903 1675 mv,
923 1651 970 1670 art.
991 1652 1020 1675 2;
1040 1645 1049 1670 1
1070 1645 1153 1674 Sent„
1174 1645 1232 1669 dist.
1251 1652 1307 1675 ην,
1328 1649 1366 1668 art
1383 1651 1408 1674 1;
1429 1644 1438 1668 l
1461 1645 1537 1669 Cont.
1559 1646 1646 1674 Gent„
1666 1653 1723 1678 cap.
1742 1653 1816 1677 Lxxu,
1836 1654 1925 1678 Lxx111;
1946 1647 1987 1678 IV,
2007 1655 2064 1681 cap.
2083 1655 2136 1678 xlx3

991 1681 1032 1706 De
1056 1681 1144 1710 Verit„
1165 1688 1210 1713 qu.
1229 1687 1298 1710 xxm,
1318 1685 1365 1704 art.
1384 1686 1405 1709 1;
1428 1680 1571 1712 Compend.
1588 1680 1685 1711 Theol„
1706 1689 1762 1714 cap.
1774 1689 1849 1707 xxxn.

353 1773 422 1827 ἐς»
443 1776 453 1805 γ
478 1781 517 1823 4<
538 1774 562 1800 n
591 1774 727 1799 PR1MUM
757 1774 809 1799 stc
835 1773 1075 1799 PROCEmTUR.
1105 1761 1265 1798 Videtur
1288 1760 1393 1809 quod

467 1812 578 1873 Njim
597 1816 683 1852 Deo
699 1827 778 1852 non
797 1815 843 1852 sit
857 1815 1044 1852 voluntas.
1067 1814 1273 1851 Obiectum
1291 1813 1393 1850 enim

483 1856 511 1914 ἢ
539 1867 744 1906 voluntatis
774 1876 829 1905 est
856 1867 943 1905 finis
971 1875 1007 1904 et
1026 1869 1186 1904 bonum.
1217 1868 1294 1905 Sed
1322 1867 1394 1904 Dei

498 1910 620 1959 non
640 1929 696 1958 est
715 1921 904 1969 assignare
934 1921 1099 1970 aliquem
1129 1921 1259 1958 finem.
1290 1921 1391 1968 Ergo

326 1975 504 2012 voluntas
533 1987 612 2012 non
641 1982 697 2011 est
724 1974 762 2011 in
791 1975 888 2011 Deo.

382 2039 417 2064 2.
448 2029 686 2074 PRAETEREA,
715 2028 894 2064 voluntas
924 2035 979 2064 est
1004 2027 1193 2076 appetitus
1222 2026 1391 2076 quidam.

327 2081 529 2130 Appetitus
558 2089 699 2128 autem,
730 2093 818 2117 cum
853 2080 898 2118 sit
932 2080 985 2117 rei
1019 2093 1097 2117 non
1130 2080 1293 2127 habitae,
1324 2080 1393 2117 im-

325 2133 600 2184 perfectionem
631 2133 815 2182 designat,
845 2146 944 2182 quae
973 2134 1057 2170 Deo
1087 2146 1166 2170 non
1199 2133 1391 2183 competit.

327 2187 430 2235 Ergo
458 2187 636 2224 voluntas
664 2199 744 2224 non
774 2194 830 2223 est
857 2186 895 2223 in
923 2187 1020 2223 Deo.

382 2241 416 2277 3.
447 2241 681 2286 PRAETEREA,
711 2239 923 2276 secundum
953 2239 1246 2288 Philosophum,
1276 2239 1314 2276 in
1344 2240 1392 2276 III

325 2294 372 2331 de
398 2293 540 2330 Anima
558 2292 595 2337 ³¹⁸,
629 2293 807 2329 voluntas
836 2300 891 2329 est
923 2304 1086 2329 movens
1119 2301 1282 2329 motum.
1318 2292 1395 2329 Sed

327 2347 433 2384 Deus
462 2354 518 2383 est
544 2346 714 2395 primurn
734 2358 898 2383 movens
927 2345 1125 2383 immobile
1145 2351 1170 2393 ⁷,
1196 2354 1238 2382 ut
1256 2346 1394 2394 proba-

244 2419 250 2428 ·
292 2418 298 2424 -
327 2407 388 2437 tur
405 2400 493 2436 VIII
513 2399 663 2448 Physic.
684 2399 704 2421 ’¹‘
733 2400 835 2447 Ergo
855 2399 894 2436 in
917 2400 1002 2436 Deo
1031 2412 1110 2436 non
1131 2407 1186 2436 est
1204 2400 1394 2436 voluntas.

382 2453 456 2490 SED
473 2464 619 2490 CONTRA
634 2464 699 2490 EST
714 2452 821 2500 quod
842 2452 929 2489 dicit
943 2454 1162 2501 Apostolus,
1179 2452 1394 2490 Rom.X11*:

328 2512 370 2543 ut
389 2506 555 2555 probetis
583 2517 680 2554 quae
707 2506 755 2542 sit
781 2506 953 2542 voluntas
981 2506 1064 2543 Dei.

382 2560 606 2596 RespoNnsso
635 2570 819 2596 DlCENDUM
848 2558 886 2595 in
915 2560 1001 2595 Deo
1030 2559 1268 2596 voluntatem
1299 2571 1394 2606 esse,

329 2612 423 2649 sicut
451 2619 488 2648 et
513 2611 551 2648 in
572 2623 617 2648 eo
640 2619 695 2648 est
713 2611 943 2648 intellectus:
973 2613 1150 2649 voluntas
1171 2612 1272 2649 enirn
1292 2612 1395 2648 intel-

328 2667 470 2702 lectum
489 2664 746 2713 consequitur.
769 2664 872 2701 Sicut
893 2664 994 2702 enim
1010 2678 1070 2702 res
1085 2666 1262 2702 naturalis
1282 2666 1397 2702 habet

330 2730 414 2755 esse
442 2717 480 2754 in
508 2725 595 2754 actu
621 2730 691 2766 per
714 2730 824 2754 suam
845 2718 1023 2766 formam,
1045 2718 1095 2755 ita
1113 2718 1322 2756 intellectus
1342 2718 1396 2755 in-

329 2771 498 2819 telligens
527 2778 614 2807 actu
639 2767 652 2791 ⁸
678 2783 748 2819 per
776 2783 886 2807 suam
915 2772 1080 2808 formam
1114 2771 1394 2826 intelligibilem.

331 2824 534 2872 Quaelibet
562 2831 690 2860 autem
711 2836 770 2860 res
791 2824 838 2861 ad
863 2836 972 2862 suam
1001 2825 1165 2862 formam
1185 2826 1395 2862 naturalem

329 2878 430 2914 hanc
458 2877 573 2914 habet
601 2876 864 2914 habitudinem
884 2883 906 2924 ε,
936 2885 977 2915 ut
1000 2878 1155 2927 quando
1177 2891 1255 2915 non
1282 2878 1398 2915 habet

329 2931 471 2980 ipsam,
501 2930 631 2967 tendat
659 2930 697 2967 in
727 2942 834 2976 eam3
865 2937 901 2967 et
928 2931 1084 2980 quando
1113 2932 1228 2968 habet
1256 2931 1394 2980 ipsam,

330 2983 500 3033 quiescat
517 2983 556 3020 in
577 2996 632 3020 ea.
654 2984 703 3020 Et
722 2982 825 3020 idem
847 2991 902 3020 est
921 2984 969 3021 de
984 2985 1152 3033 qualibet
1165 2984 1396 3033 perfectione

331 3037 506 3083 naturali,
538 3037 643 3086 quod
674 3043 728 3073 est
756 3037 903 3074 bonum
932 3045 1100 3075 naturae.
1131 3038 1179 3074 Et
1207 3038 1302 3074 haec
1330 3038 1395 3074 ha-

330 3089 464 3126 bitudo
484 3090 532 3127 ad
552 3091 712 3136 bonurn,
743 3090 780 3127 in
801 3090 914 3127 rebus
935 3091 1149 3127 carentibus
1170 3091 1395 3139 cognitione,

330 3149 491 3179 vocatur
518 3143 706 3192 appetitus
732 3143 922 3181 naturalis.
952 3144 1063 3181 Unde
1085 3152 1120 3181 et
1139 3151 1273 3181 natura
1293 3144 1397 3181 intel-

331 3195 499 3232 lectualis
519 3196 567 3234 ad
587 3197 734 3234 bonum
761 3197 1042 3246 apprehensum
1070 3210 1139 3246 per
1158 3197 1322 3234 formam
1343 3197 1398 3234 in-

331 3247 571 3297 telligibilem‚
584 3249 747 3287 similem
763 3249 1026 3287 habitudinem
1042 3251 1173 3287 habet:
1190 3258 1230 3287 ut
1245 3250 1396 3298 scilicet,

332 3313 420 3338 cum
439 3301 555 3338 habet
579 3302 718 3351 ipsum,
740 3303 910 3352 quiescat
929 3303 966 3340 in
987 3303 1066 3347 illo;
1097 3315 1185 3340 cum
1204 3315 1298 3340 vero
1319 3316 1397 3340 non

387 3408 414 3476 ἔξ
428 3408 612 3475 Zeitineeritp-
631 3443 693 3469 Om.
713 3445 753 3469 ed.
765 3452 791 3473 a,
810 3450 870 3477 post
888 3452 955 3478 quae
974 3450 1073 3478 ponunt
1093 3445 1204 3470 codices.

386 3479 412 3510 γ)
433 3479 572 3504 immobile.
591 3492 610 3497 -
627 3479 735 3504 omnino
755 3480 886 3506 immobile
905 3481 1014 3505 codices.

387 3513 411 3546 ὃ)
432 3514 581 3546 intelligens
599 3517 669 3539 actu.
687 3527 707 3533 —
725 3515 785 3540 Om.
805 3516 838 3544 Β,
864 3519 904 3541 est
923 3516 1069 3541 intellectus
1094 3519 1155 3541 actu
1180 3518 1268 3541 ceteri.
1287 3530 1305 3535 —
1322 3523 1398 3541 suam

330 3557 387 3574 orn.
406 3549 552 3574 ABCDFG.

387 3585 408 3616 ε)
429 3585 619 3609 habitudinem.
637 3597 657 3604 -
673 3585 851 3616 aptitudinem
870 3586 923 3611 BD.

386 3619 411 3652 ζ)
432 3620 458 3645 in
479 3627 518 3645 eo.
533 3634 551 3638 -
570 3620 631 3645 Om.
646 3620 720 3645 codd.
734 3625 759 3645 et
778 3621 819 3646 ed.
839 3628 870 3651 a,·
888 3629 936 3653 pro
955 3623 1113 3652 intellectus,
1133 3622 1283 3655 intelligens
1302 3622 1398 3646 DFGa.

1448 1759 1586 1808 habet,
1615 1768 1774 1809 quaerat
1801 1761 1938 1811 ipsum.
1970 1763 2018 1799 Et
2045 1771 2248 1813 utrumque
2274 1764 2435 1812 pertinet
2463 1765 2511 1801 ad

1448 1813 1697 1851 voluntatem.
1719 1814 1831 1851 Unde
1850 1815 1888 1852 in
1904 1815 2072 1865 quolibet
2090 1817 2253 1853 habente
2269 1817 2509 1865 intellectum,

1450 1874 1504 1902 est
1531 1867 1729 1913 voluntas;
1760 1867 1856 1905 sicut
1882 1868 1921 1906 in
1954 1869 2122 1917 quolibet
2150 1870 2314 1907 habente
2342 1883 2509 1917 sensum,

1449 1927 1505 1955 est
1524 1919 1712 1968 appetitus
1733 1921 1915 1959 animalis.
1945 1923 1994 1959 Et
2013 1922 2066 1959 sic
2086 1931 2236 1971 oportet
2260 1923 2298 1960 in
2322 1924 2407 1960 Deo
2428 1935 2510 1960 esse

1447 1972 1708 2020 voluntatem,
1739 1986 1827 2011 cum
1857 1975 1902 2012 sit
1929 1974 1967 2011 in
1996 1975 2073 2012 eog
2092 1975 2309 2013 intellectus.
2340 1977 2389 2013 Et
2417 1976 2512 2013 sicut

1449 2037 1561 2062 suum
1589 2025 1794 2074 intelligere
1824 2035 1878 2064 est
1906 2040 2018 2065 suum
2049 2040 2142 2076 esse,
2163 2029 2213 2066 ita
2232 2042 2345 2066 suum
2364 2030 2462 2066 velle
2482 2037 2509 2065 ⁷³.

1501 2081 1560 2115 AD
1581 2091 1717 2117 ptumum
1736 2091 1834 2117 ERGO
1853 2093 2035 2118 mcENDUM
2056 2082 2177 2129 quod,
2198 2082 2282 2120 licet
2300 2082 2390 2119 nihil
2411 2082 2513 2119 aliud

1448 2143 1470 2168 a
1498 2132 1582 2168 Deo
1612 2133 1658 2168 sit
1685 2133 1771 2169 finis
1800 2134 1883 2181 Dei,
1913 2142 2042 2171 tamen
2071 2135 2232 2183 ipsemet
2260 2143 2316 2172 est
2343 2135 2428 2173 finis
2457 2147 2512 2171 re-

1450 2193 1582 2233 spectu
1616 2186 1791 2222 omnium
1824 2199 1923 2236 quae
1959 2188 2006 2224 ab
2041 2200 2086 2224 eo
2119 2185 2226 2225 fiunt.
2258 2189 2307 2225 Et
2339 2189 2414 2226 hoc
2445 2200 2514 2237 per

1450 2250 1559 2274 suam
1589 2239 1803 2285 essentiam,
1826 2252 1914 2277 cum
1934 2252 2002 2289 per
2021 2253 2131 2277 suam
2152 2241 2354 2278 essentiam
2384 2242 2428 2278 sit
2446 2243 2514 2278 bo-

1451 2303 1540 2338 nus,
1570 2299 1611 2328 ut
1639 2304 1754 2340 supra
1778 2292 1798 2314 *
1826 2300 2022 2330 ostensum
2051 2301 2125 2331 est:
2155 2294 2240 2332 finis
2271 2295 2372 2332 enim
2400 2295 2515 2331 habet

1450 2344 1636 2381 rationem
1664 2345 1766 2382 boni.

1504 2400 1562 2435 AD
1591 2410 1780 2436 SECUNDUM
1800 2411 1983 2436 DlCENDUM
2003 2400 2108 2447 quod
2135 2401 2311 2438 voluntas
2335 2401 2374 2437 in
2402 2401 2512 2438 nobis

1450 2451 1612 2500 pertinet
1649 2453 1696 2489 ad
1734 2452 1980 2500 appetitivam
2015 2461 2183 2501 partem:
2218 2466 2316 2502 quae
2353 2453 2437 2490 licet
2465 2455 2512 2490 ab

1452 2505 1668 2554 appetendo
1703 2505 1940 2551 nominetur,
1971 2517 2048 2542 non
2085 2514 2215 2543 tamen
2250 2507 2352 2543 hunc
2389 2507 2512 2543 solum

1450 2558 1565 2594 habet
1598 2565 1747 2605 actum,
1781 2565 1822 2594 ut
1851 2565 2004 2606 appetat
2035 2571 2133 2606 quae
2167 2572 2246 2596 non
2278 2560 2411 2606 habet;
2446 2560 2513 2597 sed

1452 2611 1565 2647 etiarn
1593 2618 1635 2647 ut
1662 2618 1764 2648 amet
1797 2611 1901 2660 quod
1929 2611 2055 2658 habet,
2077 2619 2113 2648 et
2137 2612 2340 2649 delectetur
2367 2612 2406 2650 in
2435 2612 2510 2650 illo.

1451 2664 1500 2700 Et
1532 2671 1718 2713 quantum
1752 2663 1800 2701 ad
1828 2664 1903 2700 hoc
1934 2665 2111 2701 voluntas
2148 2665 2186 2702 in
2220 2666 2304 2702 Deo
2337 2666 2510 2714 ponitur;

1451 2729 1549 2765 quae
1579 2729 1730 2765 semper
1755 2717 1871 2754 habet
1904 2717 2051 2755 bonum
2085 2719 2190 2766 quod
2219 2726 2274 2755 est
2303 2719 2381 2755 eius
2410 2719 2512 2756 obie-

1452 2778 1567 2818 ctum,
1589 2782 1676 2806 cum
1704 2770 1749 2806 sit
1777 2770 1997 2807 indifferens
2018 2771 2066 2808 ab
2087 2784 2133 2808 eo
2154 2772 2366 2809 secundum
2386 2784 2512 2809 essen-

1451 2823 1554 2871 tiam,
1584 2830 1625 2859 ut
1654 2822 1796 2859 dictum
1827 2830 1883 2860 est
1900 2823 1930 2860 ⁹¹⁶.

1505 2879 1562 2913 Ar>
1581 2888 1740 2913 TERTIUM
1757 2888 1943 2914 -DICENDUM
1962 2876 2068 2926 quod
2086 2877 2263 2915 voluntas
2284 2878 2388 2915 cuius
2408 2878 2511 2915 obie-

1451 2937 1554 2966 ctum
1582 2929 1786 2978 principale
1826 2937 1881 2966 est
1912 2930 2060 2967 bonum
2087 2931 2193 2978 quod
2231 2939 2286 2968 est
2314 2939 2416 2968 extra
2442 2943 2511 2968 vo-

1450 2984 1633 3020 luntatem
1653 2980 1676 3028 ⁰,
1698 2990 1848 3031 oportet
1867 2983 1972 3030 quod
2001 2983 2047 3020 sit
2073 2991 2179 3020 mota
2198 2985 2245 3020 ab
2275 2984 2412 3033 aliquo.
2435 2984 2512 3021 Sed

1451 3037 1645 3073 obiectum
1666 3035 1816 3072 divinae
1835 3036 2041 3073 voluntatis
2071 3045 2125 3073 est
2144 3037 2292 3074 bonitas
2313 3049 2392 3084 sua,
2414 3049 2511 3086 quae

1453 3098 1507 3127 est
1527 3089 1608 3126 eius
1628 3088 1801 3125 essentia.
1827 3089 1950 3137 Unde,
1973 3102 2060 3126 curn
2079 3090 2256 3126 voluntas
2275 3090 2347 3126 Dei
2367 3090 2412 3127 sit
2432 3090 2512 3127 eius

1453 3142 1612 3180 essentia
1631 3148 1650 3187 ²,
1681 3154 1759 3178 non
1791 3150 1971 3179 movetur
2003 3143 2050 3179 ab
2085 3143 2157 3179 alio
2191 3155 2213 3179 a
2237 3155 2302 3190 se,
2337 3143 2404 3180 sed
2429 3155 2452 3180 a
2471 3156 2511 3181 se

1450 3203 1609 3243 tantum,
1631 3207 1677 3231 eo
1695 3194 1814 3232 modo
1834 3195 2016 3243 loquendi
2036 3208 2112 3244 quo
2132 3195 2335 3243 intelligere
2361 3204 2396 3233 et
2413 3197 2512 3233 velle

1453 3249 1586 3287 dicitur
1623 3256 1761 3285 motus.
1801 3249 1850 3285 Et
1882 3248 2094 3285 secundum
2132 3249 2206 3285 hoc
2238 3249 2344 3285 Plato
2384 3249 2473 3286 dixit
2493 3249 2513 3271 '¹‘

1451 3302 1556 3352 quod
1583 3301 1752 3350 primum
1781 3313 1945 3338 movens
1973 3309 2104 3338 movet
2132 3301 2311 3350 seipsum.

1507 3410 1533 3441 η)
1553 3409 1591 3433 ita
1613 3415 1690 3432 suum
1716 3409 1788 3433 velle.
1805 3422 1825 3428 -
1843 3409 1881 3433 ita
1900 3411 1926 3433 et
1943 3415 2019 3433 suum
2040 3408 2104 3432 velle
2123 3407 2180 3437 AC,
2207 3408 2245 3433 ita
2269 3416 2344 3433 suum
2364 3416 2419 3434 esse
2437 3417 2512 3435 suum

1454 3445 1518 3469 velle
1537 3445 1568 3474 Β,
1589 3444 1627 3468 ita
1646 3447 1685 3468 est
1703 3451 1779 3468 suum
1799 3450 1854 3468 esse
1871 3451 1947 3468 suum
1968 3444 2032 3468 velle
2051 3444 2085 3473 D,
2110 3443 2148 3467 ita
2167 3447 2194 3468 et
2210 3450 2287 3468 suum
2307 3451 2361 3469 esse
2379 3448 2420 3469 est
2437 3452 2512 3470 suum

1454 3480 1518 3505 velle
1537 3479 1631 3508 FGa1>;
1650 3479 1670 3503 E
1690 3487 1742 3503 om.
1762 3486 1817 3504 esse
1836 3479 1874 3503 ira
1892 3486 1979 3503 suum.

1507 3513 1530 3547 θ)
1551 3515 1722 3539 voluntatem.
1734 3528 1753 3533 -
1773 3514 1900 3539 volentem
1919 3514 1998 3542 ACE,
2018 3514 2181 3539 voluntatem
2195 3514 2261 3539 laeti
2279 3515 2319 3539 ed.
2331 3522 2357 3539 a.
2371 3528 2390 3535 -·
2401 3515 2452 3540 Pro
2464 3516 2514 3541 ali-

1453 3557 1512 3583 quo,
1532 3550 1585 3574 alio
1604 3549 1704 3574 codices
1724 3554 1749 3573 et
1768 3550 1807 3574 ed.
1820 3557 1846 3574 a.

1507 3586 1525 3617 ι)
1547 3585 1597 3609 Dei
1615 3585 1650 3610 sit
1668 3585 1724 3609 eius
1742 3585 1863 3610 essentia.
1881 3598 1900 3603 -
1918 3584 1997 3609 etiam
2017 3585 2082 3617 (om.
2095 3584 2125 3616 B)
2145 3585 2181 3609 sit
2196 3585 2247 3610 Dei
2260 3586 2373 3610 essentia
2392 3586 2513 3611 ABCDE.

1453 3620 1610 3653 —loquendi
1627 3627 1681 3644 om.
1699 3620 1729 3644 B.

2541 2299 2552 2310 '⁸
2567 2298 2614 2326 Qu.
2629 2304 2660 2325 vr,
2676 2302 2717 2320 art.
2732 2305 2752 2328 3.

2540 2828 2548 2836 ·
2564 2826 2588 2848 In
2603 2832 2664 2854 resp.
2674 2826 2702 2848 ad
2718 2833 2735 2848 ι.

2642 3149 2649 3164 t

2541 3250 2550 3258 '
2574 3247 2678 3270 Phaedri
2701 3254 2752 3276 cap.

2540 3281 2601 3296 xxiv.
