2768 4178
81 1472 90 1480 ·
105 1470 134 1492 D.
148 1469 206 1492 1081.

84 1950 93 1958 ·
108 1948 144 1970 Cf.
158 1954 222 1970 num.
235 1954 269 1970 ιιι.

83 1994 92 2003 ·
108 1992 144 2014 Cf.
160 1998 223 2014 num.
239 1999 269 2014 xv.

80 2038 89 2047 ¹
106 2037 142 2058 Cf.
157 2043 222 2058 num.
236 2043 260 2058 X.

89 3309 216 3331 'Articulis
225 3315 299 3337 praec.

313 272 393 319 334

314 352 529 401 hypostasis
562 358 690 388 autem
726 351 957 399 significatur
985 353 1024 389 in
1053 352 1189 390 divinis
1220 361 1262 390 ut
1289 353 1383 390 rela—

315 406 417 442 tione
448 405 636 451 distincta;
666 412 703 441 et
730 405 782 441 sic
806 403 818 426 λ
847 405 998 452 relatio,
1028 418 1097 454 per
1130 405 1293 442 modum
1327 418 1382 442 re-

315 458 463 496 lationis
497 458 724 506 significata,
756 458 854 495 cadit
886 458 924 495 in
952 458 1096 495 ratione
1129 470 1317 506 personae
1345 458 1382 496 in

316 511 483 559 obfiquo.

370 565 419 601 Et
439 564 651 601 secundum
671 564 746 600 hoc
766 563 880 600 etiam
902 564 974 600 dici
992 571 1128 612 potest,
1155 563 1260 611 quod
1287 564 1382 601 haec

317 617 539 665 significatio
569 616 680 653 huius
709 617 874 654 nominis
903 628 1069 665 persona
1098 628 1177 653 non
1202 624 1281 653 erat
1299 629 1383 666 per-

318 678 426 719 cepta
454 678 541 707 ante
569 670 848 707 haereticorum
885 669 1134 707 calumniam:
1172 671 1275 707 unde
1304 682 1382 707 non

318 731 396 760 erat
424 723 463 760 in
490 736 563 760 usu
590 723 666 760 hoc
693 735 835 760 nomen
857 734 1035 771 persona,
1056 722 1127 759 nisi
1147 722 1243 759 sicut
1262 735 1382 759 unum

318 776 478 813 aliorum
507 777 783 813 absolutorum.
814 776 891 813 Sed
919 777 1170 824 postmodum
1188 781 1208 802 μ
1231 787 1383 812 accom-

318 830 518 867 modatum
557 836 612 866 est
645 830 719 866 hoc
756 842 899 866 nomen
931 840 1097 877 persona
1126 828 1175 865 ad
1203 828 1382 865 standum

316 895 387 931 pro
417 882 588 930 relativo,
620 895 664 919 ex
693 882 938 930 congruentia
966 894 1056 918 suae
1079 881 1382 929 significationis:

317 943 359 972 ut
386 935 526 972 scilicet
552 937 627 972 hoc
655 936 760 984 quod
789 943 860 972 stat
878 948 948 984 pro
969 935 1136 981 relativo,
1157 946 1235 971 non
1256 935 1380 972 solum

318 989 457 1026 habeat
477 1001 522 1025 ex
541 1001 625 1035 usu,
646 996 687 1025 ut
703 988 828 1036 prima
852 988 981 1037 opinio
1003 987 1162 1034 dicebat,
1180 987 1248 1025 sed
1268 987 1382 1025 etiam

319 1054 364 1078 ex
393 1041 667 1089 significatione
695 1047 706 1061 ⁹
734 1054 813 1078 sua.

371 1096 430 1131 AD
459 1106 595 1131 PRIMUM
629 1106 727 1131 ERGO
765 1106 949 1131 DlCENDUM
987 1094 1091 1142 quod
1127 1095 1203 1131 hoc
1238 1106 1382 1131 nornen

311 1159 477 1195 persona
507 1147 642 1184 dicitur
669 1147 718 1184 ad
747 1159 799 1194 se,
825 1159 904 1183 non
932 1146 981 1184 ad
1010 1147 1186 1194 alterum,
1217 1147 1308 1195 quia
1336 1147 1382 1184 si-

318 1200 470 1248 gnificat
498 1200 741 1247 relationem,
771 1212 848 1236 non
878 1212 947 1248 per
979 1199 1142 1237 modum
1171 1200 1380 1248 relationis,

318 1253 384 1290 sed
413 1266 482 1302 per
505 1253 666 1290 modum
695 1253 926 1290 substantiae
954 1265 1052 1302 quae
1073 1261 1128 1290 est
1155 1254 1382 1302 hypostasis.

318 1307 368 1343 Et
395 1307 607 1343 secundum
634 1307 709 1343 hoc
736 1306 969 1354 Augustinus
999 1306 1086 1343 dicit
1114 1308 1220 1354 quod
1243 1307 1382 1355 signifi-

320 1367 378 1396 cat
407 1359 628 1406 essentiam,
658 1367 771 1408 prout
804 1360 843 1396 in
870 1361 955 1396 Deo
995 1359 1155 1396 essentia
1193 1367 1248 1397 est
1279 1360 1383 1398 idem

320 1425 408 1449 curn
436 1413 651 1488 hypositasi:
681 1413 771 1461 quia
794 1413 832 1450 in
851 1414 936 1450 Deo
957 1425 1036 1449 non
1057 1413 1182 1450 differt
1205 1414 1307 1461 quod
1332 1419 1387 1450 est

320 1473 356 1502 et
384 1477 457 1514 quo
485 1472 540 1502 est
577 1495 585 1502 .

372 1597 401 1629 λ)
420 1600 446 1622 et
463 1597 508 1623 sic.
526 1611 546 1616 ·-
563 1600 589 1622 et
606 1597 730 1622 similiter
749 1597 884 1622 PACEFb.

373 1633 401 1667 μ)
418 1633 598 1664 postmodum.
616 1647 634 1651 -
648 1636 744 1665 postea
762 1633 884 1658 ABCDE.

373 1669 396 1702 ν)
415 1676 452 1693 ex
469 1668 672 1701 significatione.
690 1682 709 1687 —
726 1668 922 1701 significatione
941 1669 971 1694 Ρ.

967 273 1234 320 QUAESTlo
1264 274 1408 320 XXIX,
1439 273 1735 310 ARTICULUS
1765 273 1816 310 lv

1490 355 1548 390 AD
1577 364 1767 390 SECUNDUM
1796 364 1980 390 montinum
2018 353 2123 400 quod
2150 354 2241 401 quid
2267 354 2501 403 quandoque

1437 406 1583 454 quaerit
1616 406 1662 442 de
1691 413 1825 442 natura
1862 418 1979 455 quam
2017 406 2202 453 significat
2235 406 2426 454 definitio;
2460 415 2502 444 ut

1438 471 1525 495 cum
1554 458 1756 508 quaeritur,
1792 459 1891 500 Quid
1918 464 1972 495 est
1996 459 2141 495 homo?
2169 467 2204 495 et
2232 460 2499 508 respondetur,

1436 512 1593 548 Animal
1611 511 1795 548 rationale
1813 511 1983 548 mortale.
2006 512 2252 560 Quandoque
2271 524 2366 549 vero
2386 525 2502 562 quae-

1437 564 1482 601 rit
1510 564 1767 613 suppositum;
1796 572 1838 601 ut
1867 577 1954 601 cum
1983 564 2185 613 quaeritur,
2211 565 2310 607 Quid
2335 571 2442 602 natat
2463 566 2501 603 in

1437 617 1567 654 mari?
1596 625 1631 654 et
1651 618 1912 666 respondetur,
1933 618 2061 655 Piscis.
2092 619 2142 654 Et
2161 618 2214 655 sic
2233 619 2502 667 quaerentibus

1442 671 1541 712 Quid
1566 670 1671 708 tres?
1698 683 1925 719 responsum
1946 668 1959 694 ξ
1987 678 2054 718 est,
2088 672 2180 708 Tres
2205 672 2406 708 Personae.

1490 725 1549 760 An
1564 735 1723 761 Tannum
1738 735 1923 761 DICENDUM
1943 724 2049 773 quod
2063 723 2103 760 in
2117 725 2310 761 intellectu
2329 726 2502 762 substan-

1437 775 1510 812 tiae
1530 775 1760 823 individuae,
1781 776 1878 813 idest
1903 777 2099 814 distinctae
2118 778 2181 814 vel
2201 777 2503 815 incommunica-

1437 828 1531 875 bilis,
1561 828 1776 876 intelligitur
1794 829 1833 866 in
1852 830 1988 867 divinis
2008 830 2151 878 relatio,
2171 838 2213 867 ut
2232 831 2375 868 dictum
2396 838 2452 868 est
2469 830 2501 868 *.

1490 883 1549 918 An
1570 893 1743 923 QUARTUM
1763 894 1948 920 mesanum
1967 883 2073 931 quod
2093 883 2244 920 diversa
2264 883 2357 921 ratio
2376 884 2503 921 minus

1438 934 1704 971 communium
1733 946 1812 971 non
1835 935 1923 972 facit
1950 936 2307 984 aequivocationem
2328 937 2365 974 in
2384 937 2504 985 magis

1438 987 1647 1024 communi.
1687 987 1792 1024 Licet
1829 988 1931 1025 enim
1960 988 2006 1025 sit
2042 988 2114 1025 alia
2141 990 2295 1038 propria
2332 990 2502 1027 definitio

1437 1040 1525 1089 equi
1559 1047 1595 1077 et
1631 1040 1725 1077 asini
1752 1046 1785 1087 ·,
1820 1048 1950 1078 tamen
1986 1041 2240 1079 univocantur
2275 1043 2314 1079 in
2347 1043 2503 1080 nomine

1436 1093 1630 1130 animalis:
1658 1093 1750 1142 quia
1769 1094 1986 1131 communis
2015 1094 2185 1132 definitio
2213 1095 2386 1132 animalis
2415 1109 2504 1133 con-

1436 1147 1542 1184 venit
1569 1146 1729 1195 utrique.
1763 1147 1875 1184 Unde
1904 1159 1983 1184 non
2012 1147 2181 1196 sequitur
2206 1148 2323 1197 quod,
2353 1147 2438 1186 licet
2465 1149 2503 1186 in

1437 1200 1709 1248 significatione
1729 1212 1916 1249 personae
1932 1200 2085 1237 divinae
2105 1201 2342 1238 contineatur
2359 1202 2502 1250 relatio,

1437 1266 1516 1290 non
1554 1261 1681 1290 autem
1713 1253 1752 1290 in
1781 1253 2054 1301 significatione
2088 1254 2279 1302 angelicae
2315 1266 2505 1303 personae

1436 1307 1499 1344 vel
1527 1307 1740 1353 humanae,
1770 1307 1875 1356 quod
1903 1319 2046 1344 nomen
2077 1319 2266 1356 personae
2293 1308 2503 1357 aequivoce

1439 1360 1595 1397 dicatur.
1631 1359 1737 1396 Licet
1765 1372 1836 1397 nec
1865 1360 1978 1397 etiam
2007 1360 2184 1398 dicatur*
2202 1360 2384 1398 univoce:
2415 1373 2504 1403 cum

1438 1413 1530 1450 nihil
1553 1413 1717 1449 univoce
1747 1413 1794 1450 de
1823 1414 1908 1450 Deo
1931 1413 2004 1451 dici
2022 1413 2142 1463 possit
2170 1421 2207 1451 et
2235 1414 2282 1451 de
2311 1414 2503 1463 creaturis,

1438 1474 1480 1503 ut
1508 1478 1622 1514 supra
1641 1465 1661 1487 ’¹‘
1689 1474 1886 1503 ostensum
1916 1474 1981 1503 est.

1491 1596 1514 1631 ξ)
1534 1605 1698 1630 responsum.
1716 1612 1734 1618 -
1752 1599 1966 1631 respondendum
1986 1599 2018 1624 G.

1491 1634 1517 1666 ο)
1528 1634 1588 1666 equi
1600 1637 1626 1659 et
1639 1634 1717 1659 asini.
1726 1646 1746 1653 —
1754 1635 1818 1659 Post
1830 1634 1898 1659 enim
1912 1640 2013 1667 ponunt
2026 1634 2153 1665 ABCDE5
2167 1642 2215 1668 pro
2227 1635 2292 1666 alia,
2307 1635 2363 1660 alia
2375 1638 2401 1660 et
2409 1635 2466 1661 alia
2474 1636 2506 1662 Β.

1491 1669 1521 1702 π)
1541 1669 1656 1695 dicatur.
1673 1682 1693 1689 -
1711 1669 1773 1694 Om.
1793 1670 1903 1695 codices.

996 1763 1328 1797 Commentaria
1351 1764 1601 1798 Oarffinalis
1623 1764 1825 1799 Caietam

381 1862 488 1883 tronus
512 1852 613 1883 clarus
638 1859 699 1888 est,
725 1859 755 1883 et
777 1852 810 1882 in
834 1863 966 1893 corpore
997 1853 1096 1892 magis
1122 1853 1347 1893 explanabitur.
1365 1871 1383 1876 —-

323 1864 416 1926 TIn
441 1906 573 1936 corpore
596 1903 734 1937 quatuor
756 1896 842 1927 facit:
868 1897 982 1937 primo,
1009 1897 1165 1927 rationem
1193 1897 1383 1928 difficultatis

320 1941 474 1977 insinuat;
500 1941 655 1976 secundo,
681 1940 773 1971 refert
796 1942 951 1981 quasdam
975 1941 1143 1981 opiniones
1158 1939 1188 1978 *;
1213 1941 1314 1978 tertio,
1339 1951 1384 1972 re-

321 1985 457 2025 spondet
484 1984 626 2025 quaesito
642 1985 676 2021 *;
700 1991 832 2025 quarto,
863 1995 900 2015 ex
925 1985 1186 2016 determinatione
1214 1985 1385 2026 praemissa

320 2029 418 2060 salvat
440 2029 683 2069 quodammodo
708 2029 925 2069 praerecitatas
949 2029 1116 2069 opiniones
1132 2030 1158 2060 *.

381 2073 418 2103 11.
444 2073 560 2110 Quoad
578 2074 742 2112 primum,
768 2073 846 2103 duas
870 2073 1067 2104 conditiones
1091 2073 1254 2114 oppositas
1274 2074 1307 2104 in
1323 2074 1385 2104 hoc

321 2117 451 2147 nomine
466 2117 618 2153 inventas,
637 2127 745 2148 causas
765 2117 902 2157 assignat
918 2117 1126 2148 difficultatis:
1151 2127 1217 2148 non
1234 2117 1386 2157 significat

322 2161 407 2191 enim
429 2161 472 2191 ad
494 2161 634 2201 aliquid,
669 2168 699 2191 et
726 2161 888 2201 pluraliter
910 2169 1016 2192 tamen
1046 2161 1078 2191 in
1108 2161 1221 2192 divinis
1244 2162 1384 2203 ponitur.

322 2206 408 2236 Haec
432 2205 518 2235 enim
541 2211 587 2235 est
611 2205 749 2235 conditio
773 2206 986 2241 relativorum,
1011 2215 1189 2246 repugnans
1213 2206 1384 2237 absolutis:

323 2249 376 2279 illa
400 2249 439 2279 ad
463 2249 607 2279 absoluta
630 2255 757 2289 spectat.

381 2293 432 2323 111.
458 2293 574 2330 Quoad
589 2292 776 2330 secundum,
799 2300 860 2323 tres
884 2293 970 2324 affert
994 2293 1170 2334 opiniones.
1195 2293 1300 2324 Prima
1310 2304 1385 2334 per-

322 2346 420 2368 sonae
443 2346 562 2366 nomen
586 2337 780 2377 aequivocat.
811 2337 851 2367 Et
872 2337 996 2368 videtur
1019 2337 1172 2377 Magistri,
1196 2347 1255 2367 xxv
1279 2338 1386 2369 distin-

324 2381 428 2412 ctione
450 2380 558 2410 Primi.
592 2380 654 2411 Sed
676 2380 753 2411 haec
777 2380 927 2411 refellitur
959 2381 1067 2421 quoad
1096 2391 1223 2412 causam
1247 2388 1277 2412 et
1300 2390 1384 2412 rem:

324 2425 399 2466 quia
418 2424 519 2455 maior
543 2425 613 2454 data
637 2424 746 2455 fuisset
769 2425 893 2455 occasio
921 2425 1106 2461 calumniae,
1131 2432 1188 2456 etc.
1206 2443 1224 2448 -
1243 2426 1387 2456 Secunda

323 2469 490 2499 essentiam
508 2468 541 2498 in
560 2475 655 2504 recte,
672 2469 856 2499 relationem
880 2479 955 2499 vero
978 2469 1010 2499 in
1030 2469 1180 2509 obliquo,
1204 2470 1293 2501 tertia
1311 2480 1386 2500 vero

324 2523 340 2544 e
364 2522 526 2548 converso,
539 2522 713 2552 personam
730 2512 903 2552 significare
920 2513 1003 2549 dicit,
1020 2520 1055 2544 ut
1070 2514 1143 2544 satis
1160 2513 1239 2544 clare
1256 2514 1388 2544 habetur

324 2557 356 2587 in
380 2557 490 2587 littera.

381 2601 431 2631 IV.
457 2600 574 2638 Quoad
597 2601 738 2638 tertium,
764 2601 926 2631 conclusio
951 2601 1133 2642 responsiva
1156 2602 1298 2642 quaesito
1323 2609 1385 2633 est:

324 2646 461 2675 Persona
484 2644 590 2674 divina
613 2644 765 2684 significat
787 2645 973 2676 relationem
1001 2655 1056 2685 per
1084 2646 1219 2676 modum
1243 2647 1387 2677 substan-

324 2689 394 2725 tiae,
419 2689 498 2718 idest
521 2688 709 2729 hypostasis,
726 2689 758 2719 in
774 2696 884 2720 natura
903 2689 1017 2720 divina.
1035 2707 1054 2712 -
1071 2690 1156 2720 Haec
1173 2690 1335 2721 conclusio
1351 2701 1388 2722 ex

325 2741 412 2773 parte
436 2732 567 2763 subiecti
590 2732 722 2764 includit
745 2733 826 2763 duos
850 2733 1012 2769 terminos,
1037 2733 1154 2764 scilicet
1172 2744 1324 2774 persona,
1341 2735 1387 2765 di-

326 2778 418 2808 vina:
441 2787 477 2806 ex
500 2784 586 2816 parte
609 2786 684 2806 vero
708 2777 886 2817 praedicati,
910 2777 1042 2808 includit
1066 2785 1127 2809 tres
1150 2778 1312 2815 terminos,
1329 2779 1388 2810 sci—

325 2820 397 2851 licet
418 2820 451 2861 ly
475 2821 683 2858 relationem,
715 2821 747 2862 ly
770 2831 833 2862 per
856 2822 983 2852 modum
1012 2822 1214 2862 hypostasis,
1246 2830 1276 2854 et
1298 2823 1331 2864 ly
1354 2824 1386 2854 in

326 2870 445 2895 natura
465 2864 591 2895 divina:
613 2871 644 2895 et
662 2865 768 2905 quoad
788 2865 929 2904 singulos
950 2866 1122 2896 declaratur
1137 2866 1169 2896 in
1185 2866 1296 2897 littera.

379 2909 495 2945 Quoad
518 2909 690 2939 subiectum
708 2909 847 2950 quidem,
865 2909 978 2940 dicitur
1001 2910 1105 2950 primo
1129 2911 1217 2952 quod
1240 2911 1326 2941 aliud
1343 2918 1388 2943 est

326 2962 473 2993 quaerere
498 2959 528 2983 et
550 2952 640 2993 loqui
664 2953 702 2983 de
726 2953 953 2993 significatione
975 2964 1155 2994 personae,
1187 2961 1217 2986 et
1240 2955 1325 2986 aliud
1349 2956 1387 2986 de

326 2996 552 3036 significatione
570 3006 731 3036 personae
758 2997 894 3028 divinae.
914 3015 932 3020 -
950 2998 1114 3035 Secundo,
1139 2999 1227 3039 quod
1245 3009 1387 3040 persona

327 3048 356 3071 et
369 3050 510 3081 persona
534 3041 643 3071 divina
667 3051 699 3071 se
722 3041 838 3072 habent
862 3042 942 3072 sicut
956 3043 1079 3073 animal
1094 3050 1124 3074 et
1138 3043 1240 3075 homo.
1257 3061 1276 3066 -
1292 3044 1333 3074 Et
1352 3054 1388 3074 ex

326 3085 387 3115 hoc
411 3085 553 3125 sequitur
576 3085 716 3122 tertium,
741 3086 829 3126 quod
853 3086 884 3126 ly
901 3096 1044 3126 persona
1067 3087 1176 3119 divina
1200 3087 1330 3127 ponitur
1348 3088 1388 3118 ad

328 3128 644 3169 circumloquendum
659 3129 896 3170 incomplexum
912 3140 1040 3167 nomen,
1057 3131 1137 3162 sicut
1153 3131 1177 3161 si
1197 3132 1320 3162 animal
1334 3142 1387 3162 ra-

327 3173 446 3203 tionale
461 3183 652 3213 poneremus
671 3173 744 3204 loco
760 3174 906 3205 hominis.
923 3192 942 3196 -
956 3175 997 3205 Et
1013 3174 1055 3205 sic
1071 3175 1181 3206 titulus
1197 3175 1389 3216 quaestionis

328 3217 438 3247 clarior
454 3224 591 3257 apparet.
612 3217 774 3254 Quoniam
794 3218 937 3258 quaestio
955 3225 1000 3248 est
1016 3219 1054 3249 de
1070 3219 1306 3259 significatione,
1323 3229 1388 3250 non

327 3261 358 3301 ly
376 3271 557 3300 personae,
589 3271 663 3291 cum
692 3261 888 3302 praedicatur
916 3263 953 3292 de
984 3263 1053 3293 Deo
1077 3261 1253 3305 (quoniam
1276 3263 1319 3294 sic
1343 3264 1388 3294 di-

329 3315 434 3335 scussa
449 3312 494 3336 est
508 3305 525 3324 *
545 3305 611 3335 eius
627 3305 800 3336 distinctio:
826 3306 1022 3346 praedicatur
1048 3307 1132 3337 enim
1143 3317 1286 3348 persona
1301 3317 1388 3338 com-

328 3348 465 3379 muniter
481 3347 586 3390 dicta),
607 3349 660 3379 sed
674 3359 836 3390 personae
849 3350 998 3381 divinae:
1021 3361 1060 3381 an
1078 3351 1194 3382 scilicet
1208 3359 1314 3383 totum
1327 3351 1388 3382 hoc

329 3391 479 3431 significet
502 3393 686 3424 relationem
711 3401 764 3424 aut
788 3394 964 3425 essentiam.

387 3436 433 3466 Ex
449 3443 534 3476 parte
551 3444 656 3467 autem
674 3438 865 3478 praedicati,
882 3438 1062 3478 singillatim
1082 3439 1299 3470 manifestatur
1314 3449 1387 3470 con-

330 3479 438 3510 clusio.
472 3481 511 3510 Et
534 3481 638 3520 primo
662 3482 791 3522 quidem
816 3483 904 3522 quod
928 3482 1080 3522 significet
1103 3484 1308 3521 relationem,
1334 3483 1388 3513 sic.

330 3523 470 3553 Persona
495 3525 526 3554 in
550 3527 708 3555 communi
732 3525 883 3566 significat
907 3526 1114 3557 substantiam
1133 3527 1329 3558 individuam
1345 3537 1389 3556 ra-

330 3567 455 3597 tionalis
479 3575 622 3598 naturae:
647 3579 721 3608 ergo
739 3580 880 3610 persona
898 3571 972 3601 talis
992 3576 1129 3601 naturae
1152 3570 1304 3611 significat
1327 3570 1388 3600 dis·

330 3610 464 3641 tinctum
488 3611 519 3641 in
543 3612 594 3641 illa
622 3620 747 3643 natura:
774 3624 847 3653 ergo
866 3624 1008 3654 persona
1036 3614 1143 3645 divina
1169 3614 1320 3655 significat
1343 3625 1388 3645 re—

1437 1853 1590 1883 lationem
1618 1853 1757 1892 originis.
1789 1853 1895 1884 Prima
1918 1853 2336 1894 consequentiaprobatur:
2368 1854 2444 1896 quia
2466 1855 2505 1886 de

1438 1897 1560 1927 ratione
1582 1897 1737 1928 individui
1760 1904 1808 1928 est
1829 1897 2022 1928 indistinctio
2042 1897 2075 1927 in
2091 1907 2123 1928 se
2144 1905 2174 1929 et
2193 1897 2352 1929 distinctio
2368 1898 2407 1929 ab
2422 1898 2505 1936 aliis;

1439 1947 1470 1971 et
1493 1941 1677 1981 explanatur
1699 1941 1733 1971 in
1755 1951 1892 1982 persona
1913 1941 2063 1973 humana.
2094 1941 2239 1972 Secunda
2261 1949 2369 1974 autem
2393 1940 2504 1974 conse'-

1439 1985 1568 2025 quentia
1596 1986 1765 2026 probatur:
1795 1985 1870 2026 quia
1903 1985 2061 2017 distinctio
2085 1985 2118 2016 in
2142 1985 2256 2017 divinis
2286 1996 2353 2017 non
2377 1993 2424 2018 est
2445 1986 2506 2018 nisi

1439 2039 1496 2069 per
1509 2029 1677 2061 relationes
1693 2029 1832 2070 originis.
1848 2047 1868 2052 —
1883 2029 2006 2060 Deinde
2021 2030 2174 2070 probatur
2189 2030 2279 2071 quod
2290 2040 2355 2072 per
2376 2030 2505 2062 modum

1439 2073 1654 2111 substantiae,
1679 2074 1759 2104 idest
1781 2074 1981 2115 hypostasis,
2012 2074 2064 2105 sic.
2095 2074 2218 2105 Relatio
2246 2074 2279 2105 in
2303 2074 2416 2106 divinis
2438 2084 2506 2106 non

1440 2124 1486 2148 est
1504 2117 1656 2154 accidens,
1678 2118 1732 2148 sed
1756 2117 1860 2148 divina
1884 2118 2033 2148 essentia:
2058 2127 2133 2158 ergo
2157 2124 2204 2149 est
2227 2118 2408 2156 subsistens,
2426 2119 2508 2153 sicut

2530 837 2540 846 ·
2555 835 2581 857 In
2595 841 2704 864 corpore.

2531 1472 2747 1503 ‘quanm-tq.

1440 2162 1509 2192 illa:
1535 2172 1608 2201 ergo
1626 2162 1794 2202 paternitas
1818 2162 1924 2192 divina
1948 2169 1994 2193 est
2017 2163 2103 2193 Deus
2126 2163 2227 2199 Pater,
2248 2162 2328 2194 sicut
2346 2162 2444 2195 deitas
2459 2169 2507 2195 est
2525 2173 2532 2177 “

1440 2207 1543 2236 Deus:
1568 2216 1643 2246 ergo
1661 2216 1804 2246 persona
1827 2206 1935 2237 divina
1960 2205 2114 2246 significat
2131 2207 2318 2238 relationem
2335 2207 2506 2238 subsisten-

1440 2256 1521 2280 tem:
1547 2259 1621 2289 ergo
1645 2259 1701 2289 per
1724 2250 1859 2280 modum
1883 2250 2072 2291 hypostasis.
2089 2268 2110 2273 —
2125 2251 2275 2288 Demum,
2292 2251 2402 2292 quoad
2415 2251 2449 2293 ly
2472 2252 2505 2283 in

1441 2298 1561 2324 natura
1584 2293 1704 2330 divina,
1730 2293 1904 2325 declaratur
1927 2294 2123 2325 excludendo
2146 2295 2274 2326 tacitam
2293 2295 2507 2327 obiectionem

1441 2337 1480 2367 de
1502 2337 1663 2368 identitate
1693 2344 1821 2368 naturae
1845 2344 1875 2368 et
1898 2338 2077 2378 hypostasis
2101 2338 2134 2368 in
2157 2338 2280 2369 divinis.
2310 2339 2352 2370 Et
2372 2338 2507 2370 intendit

1441 2381 1541 2422 quod,
1558 2381 1630 2412 licet
1646 2381 1818 2412 subsistens
1836 2381 1869 2411 in
1889 2381 1994 2412 divina
2017 2389 2128 2413 natura
2152 2381 2191 2413 sit
2213 2382 2304 2413 idem·
2322 2383 2411 2423 quod
2426 2382 2504 2425 ipsa,

1442 2435 1516 2456 curn
1540 2425 1602 2456 hoc
1625 2432 1731 2456 tamen
1755 2432 1815 2456 stat
1845 2425 1933 2466 quod
1956 2435 2099 2466 persona
2127 2425 2280 2466 significat
2310 2436 2377 2457 rem
2405 2426 2506 2458 subsi-

1441 2475 1592 2506 stentem,
1617 2479 1682 2500 non
1707 2479 1762 2510 per
1785 2469 1921 2500 modum
1945 2477 2090 2506 naturae,
2115 2470 2169 2500 sed
2193 2480 2249 2510 per
2271 2471 2408 2502 modum
2430 2471 2505 2502 sub-

1441 2513 1572 2544 stantiae
1605 2523 1686 2554 quae
1717 2519 1764 2544 est
1790 2514 1968 2555 hypostasis
1994 2513 2027 2544 in
2050 2513 2103 2545 illa
2131 2521 2260 2545 natura:
2285 2515 2361 2556 quia
2383 2515 2506 2547 ratione

1442 2557 1687 2598 distinguuntur.

1499 2602 1538 2632 V.
1564 2601 1654 2632 Circa
1677 2601 1764 2631 illam
1788 2601 1992 2642 particulam,
2017 2601 2223 2640 relationem,
2249 2602 2374 2633 adverte
2398 2603 2506 2644 quod,

1442 2653 1477 2677 ut
1500 2656 1523 2676 s.
1541 2645 1685 2676 Thomas
1708 2645 1741 2675 in
1765 2646 1827 2686 Qq.
1851 2646 1891 2676 de
1913 2646 2070 2683 Potentia,
2095 2656 2149 2687 qu.
2165 2655 2213 2682 rx,
2238 2653 2292 2677 art.
2310 2655 2342 2686 4,
2366 2645 2505 2687 exponit,

1435 2699 1609 2730 personam
1638 2690 1778 2720 divinam
1808 2690 1996 2731 significare
2025 2690 2212 2720 relationem
2242 2697 2348 2730 potest
2375 2690 2507 2731 intelligi

1441 2734 1622 2774 dupliciter:
1648 2743 1714 2764 uno
1738 2734 1838 2764 modo
1869 2733 2058 2771 formaliter,
2087 2733 2150 2764 alio
2172 2734 2273 2765 modo
2297 2731 2505 2766 materialiter.

1441 2778 1482 2809 Et
1504 2778 1573 2809 vult
1594 2777 1712 2808 ibidem
1735 2778 1825 2818 quod
1848 2778 2049 2809 materialiter
2071 2785 2196 2809 tantum
2211 2777 2365 2818 significet
2380 2778 2507 2810 relatio·

1441 2832 1516 2853 nem
1539 2822 1686 2862 originis;
1712 2821 1885 2852 formaliter
1899 2832 1985 2859 vero,
2003 2822 2202 2863 hypostasim
2217 2822 2341 2853 divinae
2364 2829 2505 2855 naturae.

1441 2866 1482 2897 Et
1504 2876 1560 2907 per
1582 2866 1663 2896 hanc
1687 2865 1922 2896 distinctionem
1946 2866 2065 2897 multae
2088 2866 2255 2897 solvuntur
2278 2866 2482 2897 obiectiones.

1498 2910 1632 2941 Videtur
1653 2917 1759 2940 tamen
1783 2909 1861 2940 mihi
1885 2911 1974 2951 quod
1997 2910 2059 2941 hoc
2082 2910 2115 2940 in
2138 2909 2222 2946 loco,
2247 2909 2340 2941 altius
2363 2915 2507 2950 perscru-

1441 2961 1524 2988 tatus
1548 2953 1710 2994 propriam
1734 2954 1889 2985 rationem
1913 2954 2061 2991 subiecti,
2085 2954 2166 2985 idest
2182 2963 2344 2994 personae
2366 2954 2505 2992 dim'nae,

1441 2998 1583 3029 intendat
1611 2998 1700 3039 quod
1728 3008 1793 3028 non
1822 2998 1928 3029 solum
1956 2997 2155 3029 materialiter
2179 2996 2276 3040 (idest
2298 3005 2450 3039 tanquam
2472 2997 2506 3029 id

1440 3043 1473 3072 in
1490 3052 1556 3083 quo
1573 3042 1747 3073 necessario
1764 3041 1924 3085 salvatur),
1945 3043 1999 3073 sed
2017 3042 2112 3073 etiam
2132 3041 2306 3073 formaliter
2321 3042 2507 3074 relationem

1441 3086 1550 3117 divina
1568 3096 1710 3127 persona
1733 3086 1888 3123 includat,
1919 3097 1984 3117 non
2008 3093 2113 3118 tamen
2142 3085 2346 3118 determinate
2370 3085 2506 3127 paterni-

1442 3137 1539 3161 tatem
1567 3139 1621 3161 aut
1651 3130 1854 3161 filiationem:
1887 3131 1925 3161 de
1956 3130 2076 3162 ratione
2107 3130 2192 3160 enim
2224 3130 2350 3161 formali
2383 3130 2506 3161 divinae

1441 3174 1628 3215 hypostasis,
1642 3174 1818 3205 secundum
1835 3175 2007 3211 veritatem,
2023 3180 2069 3205 est
2083 3174 2192 3206 relatio
2210 3173 2347 3214 originis,
2361 3173 2506 3216 quamvis

1442 3228 1507 3248 non
1530 3218 1589 3248 ista
1611 3218 1660 3248 vel
1682 3218 1745 3249 ina.
1780 3219 1815 3249 In
1839 3219 1929 3250 cuius
1957 3218 2101 3259 signum,
2133 3218 2211 3248 nihil
2235 3218 2285 3249 hic
2314 3218 2446 3249 solvitur
2469 3227 2507 3249 ex

1440 3262 1493 3292 illa
1517 3262 1732 3293 distinctione:
1764 3264 1817 3293 sed
1843 3263 1990 3293 omnium
2013 3261 2235 3293 difficultatum
2259 3262 2338 3293 ratio
2366 3261 2507 3294 redditur

1442 3306 1602 3337 diversitas
1632 3306 1712 3337 inter
1743 3308 1879 3337 modum
1907 3305 2105 3347 significandi
2129 3313 2159 3337 et
2182 3315 2250 3336 rem
2280 3305 2504 3347 significatam;

1442 3350 1516 3391 quia
1539 3350 1655 3381 scilicet
1678 3360 1726 3380 res
1751 3350 1922 3390 significata
1945 3357 1991 3382 est
2013 3350 2157 3387 relativa,
2183 3349 2376 3391 significatur
2398 3356 2505 3381 autem

1442 3394 1594 3430 absolute,
1620 3404 1676 3435 per
1699 3395 1835 3425 modum
1858 3393 2045 3435 hypostasis.

1499 3439 1551 3469 VI.
1578 3438 1668 3469 Circa
1688 3438 1908 3478 probationem
1927 3438 2011 3468 illius
2028 3438 2208 3479 particulae,
2219 3448 2283 3479 per
2301 3437 2428 3469 modum
2444 3437 2504 3478 hy-

1435 3483 1576 3522 postasis
1591 3482 1617 3518 *‚
1643 3483 1766 3512 adverte
1782 3482 1880 3523 quod,
1897 3482 1968 3512 licet
1984 3492 2049 3512 non
2064 3483 2174 3519 valeat,
2190 3483 2218 3512 A
2235 3482 2398 3524 significat
2421 3482 2503 3512 rela-

1442 3527 1557 3556 tionem
1581 3526 1810 3563 subsistentem,
1837 3535 1915 3566 ergo
1938 3526 2101 3568 significat
2125 3536 2194 3557 eam
2220 3531 2255 3557 ut
2273 3526 2502 3563 subsistentem,

1442 3577 1476 3600 ut
1499 3570 1531 3600 in
1555 3570 1655 3600 littera
1678 3569 1743 3599 fieri
1768 3570 1907 3606 videtur,
1931 3571 2047 3601 valeret
2070 3577 2191 3607 tamen,
2216 3570 2242 3601 si
2263 3571 2292 3601 A
2316 3579 2354 3601 ex
2376 3569 2504 3610 propria

1441 3614 1562 3644 ratione
1586 3612 1771 3653 significaret
1794 3623 1849 3654 per
1872 3614 2007 3645 modum
2031 3614 2225 3646 subsistentis
2247 3613 2280 3644 id
2303 3614 2391 3654 quod
2410 3612 2504 3653 signi-

2533 3487 2542 3496 ”
2556 3486 2592 3509 Cf.
2606 3492 2672 3510 nam.
2685 3491 2722 3509 tv.
2755 3478 2758 3482 ’
