2768 4178
106 345 116 354 ¹
132 344 183 365 Art.
198 349 222 371 2,
238 346 318 365 contra

108 371 212 392 concluS.
227 376 244 392 1.

109 2073 120 2083 '⁶
135 2072 184 2100 Qu.
199 2078 228 2100 iv,
244 2076 285 2094 art.
297 2078 318 2095 2.

103 3431 114 3441 ¹⁸
131 3429 231 3458 cap.1x,
246 3435 269 3451 n.
280 3435 302 3457 7.

105 3604 113 3612 '
130 3603 186 3631 Cap.
196 3608 236 3630 vn,
247 3608 270 3624 n.
279 3608 301 3631 3.

347 260 423 305 304

347 339 434 380 apud
458 338 663 379 Capreolum,
688 338 721 368 in
741 339 778 375 ΙΙ,
799 338 869 370 dist.
887 349 929 375 111,
948 349 1002 379 qu.
1019 350 1042 369 11
1055 339 1081 376 *‚
1106 339 1296 379 impugnant
1318 339 1415 375 illam,

347 383 427 414 moti
444 390 514 413 tum
534 393 570 413 ex
590 383 797 423 perpetuitate
821 390 851 414 et
874 382 1027 414 infinitate
1041 383 1172 413 visionis
1196 384 1321 414 beatae:
1347 390 1417 414 tum

348 438 384 459 ex
399 427 652 467 impossibilitate
671 427 806 458 naturali
827 427 1023 458 infinitarum
1046 427 1331 458 intensissimarum
1348 438 1416 468 spe-

348 473 468 503 cierum
497 472 530 502 in
555 471 669 502 eodem
699 471 861 503 intellectu
893 479 1012 503 creato:
1045 479 1115 502 tum
1144 481 1181 502 ex
1210 471 1417 512 possibilitate

346 516 442 556 partis
459 515 671 551 affirmativae,
685 516 802 547 scilicet
818 517 907 557 quod
919 516 988 557 ipsa
1003 516 1175 546 intellectio
1191 516 1296 546 divina
1312 523 1417 556 potest

348 571 414 591 esse
437 570 537 601 aeque
566 570 712 600 praesens
741 567 771 591 et
801 560 912 591 intima
942 560 1069 591 cuilibet
1096 559 1269 590 intellectui
1294 567 1415 596 creato,

347 605 428 635 sicut
450 604 620 635 intellectio
644 611 761 635 creata:
786 612 857 636 turn
881 604 1064 635 auctoritate
1087 604 1268 644 Augustini,
1294 612 1324 636 et
1347 604 1415 646 phi-

347 648 571 689 losophorum.

405 693 458 724 IV.
479 693 541 724 Sed
556 693 634 723 haec
653 703 767 733 parum
782 693 896 724 valent.
922 693 1010 724 Visio
1030 702 1170 732 namque
1186 693 1276 723 beata
1291 699 1415 723 sancto-

346 747 420 768 rum
435 743 574 768 creatum
590 737 669 778 quid
686 744 741 774 est,
758 737 864 768 finitae
880 737 1081 778 perfectionis
1099 736 1291 776 simpliciter,
1312 736 1415 767 infini-

346 788 396 813 tae
411 791 487 812 vero
501 782 677 812 secundum
696 782 783 823 quid,
794 782 875 812 idest
892 781 1054 812 obiective.
1074 781 1322 820 Incorruptibilis
1335 791 1416 821 quo-

347 836 410 867 que
427 833 473 857 est
487 826 639 867 undique,
655 826 833 857 secundum
848 826 1024 866 potentiam
1043 825 1218 856 naturalem
1234 824 1414 865 loquendo:

347 871 502 911 quoniam
525 877 555 901 et
579 880 615 901 ex
638 877 725 911 parte
749 870 890 906 subiecti,
916 877 947 901 et
970 869 1102 906 obiecti,
1128 876 1159 900 et
1182 869 1415 900 coniunctionis

346 915 522 956 utriusque,
540 915 627 945 nulla
643 915 683 945 ad
699 915 935 955 corruptionem
952 914 1095 955 potentia
1109 920 1165 944 est.
1182 931 1202 936 —
1216 914 1283 944 Nec
1300 923 1336 943 ex
1352 913 1414 944 hoc

1020 259 1287 306 QUAESTio
1318 259 1459 306 xxvi,
1489 260 1786 297 ARTICULUS
1817 261 1867 297 iv

1471 339 1613 380 sequitur
1639 339 1778 370 animam
1809 350 1875 371 non
1899 347 1948 371 tot
1977 351 2070 380 posse
2094 341 2231 382 recipere
2255 342 2373 382 species
2403 343 2540 374 intensas

1471 384 1584 420 simul,
1617 384 1695 424 quin
1723 384 1840 424 plures.
1871 385 1960 415 Visio
1984 385 2015 415 in
2040 385 2151 425 primis
2178 386 2268 417 beata
2297 396 2363 417 non
2391 388 2482 427 ponit
2507 388 2540 418 in

1470 438 1643 458 numerum
1667 438 1741 459 curn
1765 428 1832 459 aliis
1856 429 2142 460 intellectionibus:
2167 430 2323 471 quoniam
2344 432 2539 463 communis-

1471 472 1561 508 simi,
1590 472 1774 513 altiorisque
1798 473 1917 504 ordinis
1941 481 1995 505 est.
2025 474 2126 504 Datur
2150 474 2263 505 deinde
2287 482 2385 506 status
2413 475 2446 506 in
2470 486 2540 517 spe-

1471 516 1577 547 ciebus
1602 517 1641 547 ad
1665 527 1744 558 quas
1767 524 1815 548 est
1838 518 1988 549 naturalis
2019 518 2178 558 potentia,
2203 525 2233 549 et
2256 519 2425 560 praecipue
2444 520 2540 551 simul

1469 560 1502 590 in
1526 568 1615 598 actu,
1641 568 1677 592 ut
1699 561 1731 591 in
1755 568 1887 593 tractatu
1912 562 1950 593 de
1973 562 2103 602 Angelis
2118 562 2136 582 *
2159 562 2271 593 clarius
2295 564 2424 604 patebit.
2442 565 2540 595 -Im-

1469 605 1620 644 possibile
1644 616 1776 647 quoque
1803 613 1850 637 est
1877 607 2096 647 operationem
2119 607 2247 637 vitalem
2276 617 2383 638 meam
2411 618 2478 639 non
2501 609 2539 640 ab

1469 649 1640 680 intrinseco
1657 660 1730 680 meo
1747 660 1824 687 esse,
1842 661 1916 681 cum
1931 651 1964 681 in
1984 651 2045 682 hoc
2061 651 2140 682 ratio
2165 661 2254 682 meae
2277 652 2359 682 vitae
2375 653 2538 684 consistat:

1471 699 1552 724 esset
1575 694 1660 724 enim
1682 694 1785 726 vitalis
1809 702 1839 726 et
1862 705 1927 725 non
1952 695 2064 726 vitalis.
2089 696 2130 727 Et
2152 703 2328 736 propterea,
2345 706 2420 727 cum
2443 697 2540 728 beati-

1470 737 1549 767 tudo
1578 738 1617 769 sit
1640 739 1782 779 operatio
1805 739 1907 770 vitalis
1938 740 2105 771 beatorum
2119 764 2126 776 ,
2157 740 2299 780 implicat
2328 741 2469 771 divinam
2493 751 2539 772 es-

1470 781 1604 812 sentiam
1627 792 1694 813 esse
1719 783 1816 814 illam.
1841 784 1882 814 Et
1905 791 1960 815 aut
1982 785 2169 815 antecedens
2189 791 2236 815 est
2259 785 2391 816 falsum:
2416 793 2471 817 aut
2494 792 2541 817 est

1469 825 1633 865 sophisma
1656 826 1790 866 Figurae
1813 827 1979 865 Dictionis,
2005 829 2044 859 ab
2067 829 2192 870 aequali
2216 830 2392 869 praesentia
2413 830 2453 860 ad
2467 839 2539 860 mo-

1470 869 1558 900 dum.
1574 887 1596 892 —
1610 871 1822 902 Auctoritates
1845 881 1977 913 quoque
1997 873 2150 904 obiective
2174 873 2396 914 intelligendae
2412 881 2495 911 sunt,
2514 874 2540 904 si

1468 923 1540 944 vere
1564 914 1774 946 adducuntur.

1129 1067 1448 1110 ARTICULUS
1478 1065 1751 1120 QUARTUS

718 1203 720 1205 ι
747 1161 904 1192 UTRUM
928 1160 971 1191 IN
995 1160 1067 1191 DE1
1091 1161 1388 1192 BEATlTUDINE
1413 1161 1545 1192 OMNIS
1568 1130 1824 1193 BEArITUDo
1849 1161 2136 1193 1NCLUDATUR

1263 1241 1273 1265 Ι
1295 1241 1371 1266 Cont.
1394 1241 1480 1270 Geni„
1500 1248 1555 1273 cap.
1575 1248 1619 1266 011.

494 1344 514 1358 »A
558 1333 581 1357 D
602 1332 774 1363 QUARTUM
794 1332 847 1357 Slc
867 1332 1107 1358 PROCEDITUR.
1127 1320 1289 1357 Videtur
1308 1320 1415 1369 quod

533 1392 536 1398 ·
559 1373 755 1411 beatitudo
785 1373 914 1410 divina
942 1386 1022 1410 non
1042 1374 1316 1422 complectatur
1331 1386 1415 1411 om-

559 1440 628 1464 nes
661 1426 926 1464 beatitudines.
963 1427 1060 1464 Sunt
1088 1427 1191 1464 enim
1221 1427 1413 1476 quaedam

457 1519 464 1527 ,Ι
561 1480 813 1517 beatitudines
847 1480 974 1517 falsae.
1016 1480 1093 1517 Sed
1130 1480 1168 1517 in
1202 1481 1287 1517 Deo
1321 1480 1415 1517 nihil

344 1540 470 1582 potest
498 1545 581 1570 esse
616 1534 766 1570 falsum.
805 1534 907 1582 Ergo
946 1533 1076 1571 divina
1110 1533 1305 1571 beatitudo
1335 1546 1413 1571 non

346 1585 607 1635 complectitur
635 1599 793 1623 ornnem
822 1586 1096 1623 beatitudinem
1116 1593 1144 1623 ¹⁴.

401 1651 435 1676 2.
466 1641 710 1687 PRAETEREA,
741 1640 933 1688 quaedam
963 1639 1170 1686 beatitudo,
1201 1640 1412 1677 secundum

346 1692 549 1741 quosdam,
573 1693 741 1730 consistit
760 1693 798 1730 in
828 1694 942 1730 rebus
967 1693 1241 1742 corporalibus,
1262 1693 1357 1730 sicut
1375 1693 1413 1730 in

344 1746 604 1795 voluptatibus
619 1745 647 1794 Ρ,
666 1746 814 1794 divitiis,
832 1754 867 1783 et
881 1746 1116 1784 huiusmodi:
1139 1758 1236 1795 quae
1257 1745 1413 1794 quidem

344 1800 430 1835 Deo
461 1800 666 1837 convenire
687 1813 766 1837 non
784 1807 957 1849 possunt,
979 1812 1067 1837 cum
1086 1799 1133 1836 sit
1150 1799 1412 1849 incorporeus.

345 1853 447 1900 Ergo
486 1853 681 1890 beatitudo
721 1853 801 1890 eius
838 1866 916 1890 non
954 1852 1216 1902 complectitur
1254 1865 1412 1890 omnem

344 1905 631 1943 beatitudinem.

399 1959 473 1995 SED
503 1971 648 1996 CONTRA
677 1970 743 1995 EST
771 1958 878 2007 quod
916 1958 1110 1995 beatitudo
1146 1966 1200 1995 est
1231 1958 1413 2008 perfectio

344 2011 546 2060 quaedam.
585 2011 727 2049 Divina
764 2019 892 2049 autem
929 2011 1113 2060 perfectio
1152 2011 1415 2061 complectitur

344 2077 501 2102 ornnem
539 2064 835 2113 perfectionem,
865 2073 907 2102 ut
935 2077 1051 2114 supra
1069 2064 1089 2086 '¹‘
1118 2072 1315 2102 ostensum
1345 2073 1411 2103 est.

343 2118 446 2166 Ergo
477 2118 605 2155 divina
633 2118 827 2158 beatitudo
858 2118 1122 2168 complectitur
1146 2130 1305 2156 ornnem
1325 2119 1414 2156 bea—

343 2171 555 2208 titudinem.

398 2225 624 2262 RESPONDEO
653 2236 837 2262 DICENDUM
857 2224 962 2272 quod
982 2223 1169 2274 quidquid
1189 2232 1245 2261 est
1265 2224 1413 2262 deside-

344 2277 460 2314 rabile
499 2277 537 2314 in
576 2290 821 2325 quacumque
855 2277 1106 2324 beatitudine,
1135 2277 1199 2314 vel
1230 2289 1323 2315 vera
1349 2278 1412 2314 vel

344 2330 461 2378 falsa,
505 2338 628 2367 totum
667 2330 894 2368 eminentius
932 2330 971 2367 in
1009 2330 1140 2367 divina
1181 2329 1412 2367 beatitudine

343 2383 568 2434 praeexistit.
590 2385 648 2421 De
665 2383 962 2433 contemplativa
982 2383 1084 2421 enim
1098 2382 1284 2430 felicitate,
1301 2383 1415 2420 habet

398 2498 425 2531 a)
445 2505 547 2523 omnem
568 2498 767 2524 beatitudinem.
784 2511 804 2516 —
821 2505 912 2524 omnes
931 2498 1108 2524 beatitudines
1126 2498 1180 2523 BD.

398 2532 422 2566 β)
443 2533 469 2558 in
490 2534 677 2566 voluptatibus.
695 2547 714 2553 -
732 2533 912 2566 voluptatibus
931 2533 961 2559 P.

396 2570 423 2602 γ)
443 2569 529 2594 habet.
547 2583 566 2588 -
585 2569 645 2594 Om.
666 2570 776 2595 codices.

397 2604 421 2637 ὂ)
442 2612 511 2630 νει-ο.
522 2619 541 2623 -
551 2605 614 2630 Om.
628 2605 819 2630 codices.-1>ro
833 2604 1049 2634 admirationem,
1063 2604 1325 2630 administrationem
1336 2604 1376 2629 ed.
1386 2611 1412 2629 a.

1469 1320 1689 1358 continuam
1713 1328 1750 1358 et
1771 1321 2019 1359 certissimam
2041 1322 2404 1371 contemplationem
2424 1323 2482 1361 sui
2503 1331 2539 1362 et

1468 1374 1644 1411 omnium
1665 1374 1846 1411 aliorum:
1877 1374 1924 1412 de
1946 1375 2069 1412 activa
2087 1387 2196 1423 vero,
2221 1376 2539 1424 gubernationem

1467 1427 1581 1464 totius
1613 1427 1793 1465 universi.
1824 1429 1884 1465 De
1912 1436 2060 1466 terrena
2087 1441 2183 1466 vero
2216 1429 2410 1478 felicitate,
2439 1442 2538 1479 quae

1469 1480 1636 1517 consistit
1664 1481 1702 1518 in
1730 1482 1939 1530 voluptate,
1970 1481 2118 1530 divitiis,
2138 1489 2338 1531 potestate,
2360 1483 2538 1532 dignitate

1468 1540 1505 1570 et
1523 1534 1626 1571 fama
1639 1533 1671 1581 *,
1692 1534 1905 1572 secundum
1925 1534 2116 1582 Boetium,
2138 1535 2176 1572 in
2193 1537 2242 1572 III
2258 1536 2304 1573 de
2323 1537 2471 1574 Consol.
2483 1536 2535 1585 **,

1467 1587 1583 1623 habet
1610 1587 1792 1635 gaudium
1817 1588 1864 1625 de
1884 1600 1924 1624 se
1946 1595 1982 1625 et
2000 1587 2048 1625 de
2068 1589 2248 1626 omnibus
2268 1589 2360 1636 aliis,
2380 1602 2452 1639 pro
2473 1589 2538 1628 de-

1467 1640 1687 1677 lectatione:
1717 1653 1786 1689 pro
1808 1641 1958 1688 divitiis,
1979 1641 2094 1678 habet
2113 1646 2127 1668 ⁷
2147 1642 2414 1680 omnimodam
2434 1643 2538 1681 suffi-

1469 1693 1655 1742 cientiam,
1672 1706 1789 1743 quam
1814 1693 1966 1731 divitiae
1981 1695 2223 1743 promittunt:
2252 1708 2323 1744 pro
2339 1703 2536 1745 potestate,

1469 1746 1803 1795 omnipotentiam:
1834 1759 1904 1796 pro
1935 1747 2125 1795 dignitate,
2154 1749 2328 1786 omnium
2349 1749 2535 1797 regimen:

1467 1812 1538 1848 pro
1567 1799 1669 1836 fama
1695 1798 1790 1837 ve'ro
1812 1798 1840 1847 ⁶,
1871 1800 2164 1838 admirationem
2193 1801 2306 1838 totius
2330 1810 2535 1840 creaturae.

1521 1854 1580 1889 AD
1598 1865 1735 1890 Panium
1750 1865 1848 1890 ERGO
1869 1865 2053 1890 DICENDUM
2073 1854 2180 1901 quod
2195 1853 2391 1891 beatitudo
2411 1855 2538 1905 aliqua

1468 1906 1681 1943 secundum
1712 1906 1787 1943 hoc
1816 1914 1872 1943 est
1900 1906 2003 1952 falsa,
2033 1906 2247 1944 secundum
2277 1907 2382 1956 quod
2411 1907 2540 1946 deficit

1467 1971 1490 1996 a
1518 1958 1661 1996 ratione
1689 1971 1803 1996 verae
1833 1959 2074 1997 beatitudinis
2093 1965 2124 1996 ¹:
2156 1967 2193 1997 et
2219 1960 2274 1997 sic
2301 1973 2382 1998 non
2416 1968 2472 1999 est
2498 1961 2538 1999 in

1468 2013 1565 2049 Deo.
1597 2011 1675 2049 Sed
1702 2012 1889 2062 quidquid
1916 2012 2032 2050 habet
2060 2012 2107 2050 de
2136 2011 2393 2062 similitudine,
2418 2025 2538 2064 quan—

1467 2073 1719 2115 tumcumque
1739 2066 1842 2102 tenui
1858 2066 1883 2113 ς,
1909 2065 2160 2114 beatitudinis,
2180 2074 2305 2104 totum
2323 2066 2540 2116 praeexistit

1467 2119 1506 2156 in
1534 2118 1664 2156 divina
1691 2118 1933 2156 beatitudine.

1520 2173 1581 2209 AD
1609 2184 1799 2209 SECUNDUM
1828 2184 2012 2210 DICENDUM
2042 2173 2148 2222 quod
2185 2173 2289 2211 bona
2322 2185 2422 2222 quae
2450 2181 2539 2212 sunt

1467 2225 1506 2262 in
1536 2225 1796 2273 corporalibus
1816 2233 1831 2256 ⁷1
1862 2226 2118 2274 corporaliter,
2148 2225 2187 2263 in
2214 2227 2300 2264 Deo
2325 2234 2413 2264 sunt
2431 2226 2538 2277 spiri-

1466 2277 1625 2324 tualiter,
1654 2277 1869 2315 secundum
1898 2278 2059 2315 modum
2088 2291 2214 2316 suum.

1521 2330 1571 2367 Et
1597 2330 1693 2367 haec
1722 2330 1821 2367 dicta
1849 2330 2039 2368 sufficiant
2068 2331 2115 2369 de
2144 2331 2202 2368 his
2227 2344 2325 2381 quae
2348 2333 2538 2381 pertinent

1468 2383 1518 2420 ad
1546 2382 1698 2421 divinae
1727 2383 1910 2421 essentiae
1940 2384 2123 2421 unitatem
2142 2384 2173 2421 ²¹⁸.

1520 2499 1542 2530 ε)
1561 2505 1579 2523 a
1598 2498 1704 2524 ratione
1722 2505 1801 2524 verae
1819 2498 2001 2524 beatitudinis.
2020 2513 2038 2518 -
2056 2507 2074 2524 a
2093 2499 2199 2525 ratione
2219 2507 2283 2525 vera
2301 2499 2473 2526 beatitudinis
2490 2501 2537 2527 AC

1466 2533 1546 2565 DEG,
1565 2540 1583 2558 a
1602 2533 1706 2558 ratione
1724 2537 1838 2558 naturae
1857 2533 2030 2559 beatitudinis
2047 2534 2077 2560 F.

1519 2568 1545 2600 ζ)
1565 2569 1646 2594 tenui.
1664 2583 1683 2588 —
1702 2569 1788 2594 tenuis
1808 2569 1836 2600 P,
1855 2572 1934 2594 tenue
1952 2570 1992 2594 ed.
2007 2569 2030 2595 b.

1519 2604 1547 2637 η)
1565 2604 1757 2637 corporalibus.
1775 2618 1794 2623 -
1813 2605 1969 2637 corporibus
1988 2605 2075 2630 DFab.

1024 2683 1358 2717 Commentaria
1382 2682 1631 2717 Caxfflnalis
1654 2682 1854 2716 Caietam

374 2776 394 2796 a
418 2765 526 2801 titulo,
554 2766 658 2796 omnis
681 2764 841 2795 beatitudo
864 2763 1022 2795 distribuit
1044 2773 1103 2805 pro
1126 2763 1216 2794 omni
1240 2763 1343 2804 specie
1367 2762 1411 2794 fe-

347 2777 507 2840 incitatis.
531 2810 579 2851 Ly
602 2819 677 2840 vero
701 2809 733 2839 in
758 2809 827 2839 eius
850 2808 1045 2839 beatitudine
1074 2817 1139 2838 non
1159 2807 1312 2848 significat
1335 2808 1410 2838 sub-

344 2853 538 2890 stantialem,
571 2863 626 2884 seu
650 2853 787 2894 primam
811 2852 993 2893 simpliciter
1015 2852 1260 2889 beatitudinem,
1285 2852 1324 2882 de
1347 2861 1411 2893 qua

343 2898 376 2929 in
395 2898 654 2938 praecedentibus
677 2898 804 2928 duobus
828 2897 966 2928 articulis
989 2896 1115 2928 habitus
1139 2902 1186 2928 est
1209 2905 1330 2927 sermo:
1355 2896 1411 2927 sed

344 2949 462 2974 statum
485 2943 592 2984 potius
611 2941 802 2981 beatificum,
818 2942 857 2972 de
871 2952 938 2983 quo
962 2941 1066 2982 primo
1091 2941 1224 2972 articulo
1243 2947 1411 2972 tractatum

344 2994 399 3018 est.
429 2987 474 3018 Ita
497 2987 587 3028 quod
610 2996 721 3017 sensus
756 2986 950 3027 quaestionis
979 2992 1039 3016 est:
1065 2986 1182 3016 Utrum
1205 2986 1292 3016 Deus
1315 2985 1355 3016 sit
1377 2985 1409 3015 in

343 3031 397 3062 tali
421 3038 503 3062 statu
527 3030 738 3067 beatitudinis,
763 3030 852 3071 quod
876 3040 1008 3061 omnem
1026 3030 1139 3060 habeat
1164 3029 1318 3061 felicitatis
1342 3039 1410 3070 spe-

344 3075 424 3106 ciem
447 3085 483 3106 ac
506 3075 744 3116 perfectionem.

402 3120 438 3151 11.
464 3120 499 3150 In
516 3129 647 3160 corpore
671 3118 764 3150 unica
788 3124 835 3149 est
850 3118 1014 3149 conclusio
1039 3118 1222 3158 responsiva
1245 3116 1408 3160 quaesito:

344 3163 378 3194 In
395 3163 499 3194 divina
517 3163 710 3195 beatitudine
727 3162 917 3194 eminentius
933 3162 1110 3203 praeexistit
1125 3162 1282 3203 quidquid
1297 3168 1343 3193 est
1358 3161 1409 3192 de-

344 3207 506 3239 siderabile
522 3208 555 3239 in
571 3217 774 3249 quacumque
801 3206 1004 3243 beatitudine,
1022 3214 1087 3238 tam
1103 3217 1175 3237 vera
1202 3217 1300 3248 quam
1323 3205 1408 3237 falsa.

343 3270 363 3274 —
379 3252 419 3283 Et
443 3253 594 3293 probatur
610 3251 769 3283 inductive
792 3250 825 3281 in
848 3251 961 3291 triplici
984 3261 1097 3291 genere
1113 3250 1277 3288 felicitatis,
1294 3250 1411 3282 scilicet

345 3297 616 3337 contemplativae,
633 3296 760 3332 activae,
778 3302 809 3326 et
824 3302 972 3331 terrenae,
990 3294 1187 3326 consistentis
1203 3294 1235 3326 in
1252 3294 1408 3336 quinque;

344 3347 380 3372 ut
402 3341 510 3371 omnia
534 3341 614 3372 clare
636 3346 744 3381 patent
766 3339 799 3370 in
823 3339 934 3370 littera.

402 3384 454 3416 111.
479 3384 570 3416 Circa
586 3384 866 3424 contemplativam
881 3383 1072 3419 felicitatem,
1093 3383 1219 3414 adverte
1234 3383 1324 3424 quod
1338 3381 1409 3424 qui-

344 3429 432 3465 dam,
457 3439 494 3460 ex
516 3429 617 3460 verbis
639 3428 826 3465 Aristotelis,
851 3428 892 3459 111
916 3428 956 3459 de
977 3428 1097 3459 Anima
1115 3427 1141 3464 *,
1166 3427 1297 3459 dicentis
1319 3427 1409 3468 quod

345 3473 522 3504 intellectus
544 3474 760 3514 speculativus
783 3473 863 3503 nihil
885 3472 960 3504 dicit
983 3472 1023 3503 de
1037 3471 1204 3513 fugiendo
1222 3477 1280 3503 aut
1296 3480 1409 3512 prose·

344 3517 480 3558 quenda,
505 3524 644 3548 resecant
664 3527 682 3547 a
698 3516 943 3557 contemplativa
963 3515 1107 3547 felicitate
1123 3525 1255 3547 omnem
1277 3515 1409 3547 delecta-

345 3560 467 3592 tionem
490 3569 520 3592 et
544 3571 701 3597 amorem,
732 3561 907 3601 glossantes
937 3567 972 3592 ut
1001 3567 1174 3601 potuerunt
1202 3559 1408 3592 admirabiles

344 3605 568 3636 delectationes
591 3605 712 3636 Decimi
735 3605 840 3637 Ethic.
855 3604 874 3623 ἱ*

1520 2763 1583 2794 Sed
1610 2773 1643 2794 re
1674 2773 1748 2794 vera
1775 2773 1891 2794 errasse
1920 2763 2076 2795 videntur.
2109 2763 2145 2795 In
2179 2764 2344 2796 communi
2376 2764 2535 2807 siquidem

1463 2807 1646 2850 loquendo,
1677 2807 1981 2848 contemplationem
2011 2818 2117 2839 rerum
2145 2807 2366 2840 excellentium
2392 2808 2536 2851 sequitur

1464 2851 1629 2884 delectatio
1657 2851 1878 2883 intellectualis
1902 2861 1957 2893 per
1980 2852 2116 2884 modum
2139 2851 2290 2884 naturalis
2317 2852 2532 2885 resultantiae:

1465 2897 1619 2938 quoniam
1646 2895 1866 2936 operationem
1896 2896 2069 2937 optimam,
2099 2896 2346 2937 coniungentem
2369 2896 2532 2928 naturalis-

1464 2941 1547 2972 simo
1571 2941 1714 2977 obiecto,
1738 2940 1915 2971 necessario
1949 2941 2092 2982 sequitur
2119 2940 2303 2978 delectatio,
2328 2947 2364 2972 ut
2386 2947 2474 2982 patet
2495 2951 2534 2972 ex

1464 2985 1679 3016 delectationis
1703 2983 1887 3015 definitione
1911 2985 2069 3017 IRhetor.
2088 2985 2107 3005 *
2128 2985 2194 3016 Nec
2217 2991 2327 3016 contra
2341 2985 2404 3017 hoc
2420 2985 2534 3018 militat

1463 3029 1632 3060 auctoritas
1657 3029 1698 3060 111
1721 3029 1762 3060 de
1783 3029 1914 3067 Anima,
1935 3039 2017 3071 quae
2040 3029 2079 3060 de
2099 3029 2322 3070 prosecutione
2346 3029 2531 3067 animaliter,

1463 3083 1530 3104 non
1554 3073 1744 3110 naturaliter,
1770 3072 1930 3114 loquitur:
1954 3073 2035 3104 idest
2053 3073 2092 3104 de
2107 3079 2178 3104 actu
2196 3073 2355 3114 appetitus
2379 3080 2533 3116 tanquam

1464 3117 1601 3157 eligibili,
1625 3127 1692 3148 non
1715 3123 1868 3158 tanquam
1891 3117 2073 3149 naturaliter
2092 3117 2334 3155 concomitante,
2352 3124 2388 3149 ut
2403 3117 2454 3150 hic
2477 3128 2529 3150 ac-

1463 3161 1548 3192 cidit.
1573 3179 1593 3184 —
1616 3161 1667 3192 Ad
1698 3161 1902 3202 propositum
1932 3168 2040 3193 autem
2070 3161 2310 3198 descendendo,
2341 3161 2532 3203 ambiguitas

1462 3205 1540 3236 haec
1563 3215 1629 3236 non
1652 3205 1747 3236 habet
1769 3206 1892 3236 locum:
1918 3205 2073 3248 quoniam
2094 3205 2175 3236 visio
2199 3206 2289 3237 beata
2307 3215 2365 3238 nec
2383 3205 2528 3246 practica,

1462 3259 1520 3280 nec
1539 3249 1732 3290 speculativa
1747 3257 1802 3287 est,
1820 3250 1875 3281 sed
1891 3250 2010 3281 altioris
2025 3249 2155 3286 ordinis,
2172 3250 2347 3282 eminenter
2362 3257 2530 3292 utramque

1462 3293 1667 3334 praehabens

1521 3338 1574 3370 IV.
1595 3337 1687 3370 Circa
1705 3338 1840 3369 activam
1859 3337 2048 3374 felicitatem,
2065 3337 2191 3369 adverte
2206 3338 2257 3369 hic
2273 3338 2364 3380 quod
2386 3337 2527 3380 quidam,

1462 3382 1569 3413 minus
1593 3388 1790 3423 penetrantes
1814 3381 2022 3423 perfectiones
2045 3391 2161 3418 rerum,
2186 3393 2222 3414 ac
2240 3392 2297 3424 per
2314 3382 2377 3414 hoc
2392 3391 2461 3414 non
2474 3381 2528 3412 ad-

1461 3433 1616 3458 vertentes
1639 3427 1728 3468 quod
1751 3425 1902 3467 perfectio
1933 3425 2050 3457 activae
2074 3426 2169 3466 partis
2193 3426 2337 3458 consistit
2362 3426 2397 3458 in
2419 3435 2528 3466 agere,

1462 3470 1607 3502 dixerunt
1624 3471 1715 3512 quod
1733 3469 1864 3502 felicitas
1885 3470 2022 3511 practica
2044 3469 2188 3502 consistit
2206 3470 2240 3501 in
2255 3477 2327 3502 actu
2345 3469 2527 3502 voluntatis.

1462 3514 1579 3546 Littera
1594 3521 1710 3551 autem,
1720 3521 1849 3556 propter
1860 3513 1977 3546 dicum
1991 3514 2156 3551 rationem,
2167 3514 2259 3556 ponit
2270 3524 2342 3546 eam
2356 3513 2390 3546 in
2405 3512 2530 3545 actione

1462 3559 1631 3595 executiva,
1655 3558 1824 3590 universali
1850 3565 1966 3595 tamen,
1991 3558 2107 3590 scilicet
2130 3558 2358 3599 gubernatione
2380 3557 2528 3589 universi.

1462 3603 1503 3634 Et
1522 3603 1648 3634 merito:
1673 3602 1828 3644 quoniam
1846 3601 1918 3633 finis
1936 3603 2088 3643 practicae
2107 3610 2154 3635 est
2172 3602 2304 3644 operari.

2569 568 2768 618 zai-amn

2564 1543 2621 1583 :³¹3⁵
2634 1550 2683 1572 710.

2662 1809 2678 1835 01

2563 2382 2627 2431 {3¹
2643 2389 2682 2412 qu.
2692 2389 2722 2411 u,
2739 2383 2768 2406 In·

2562 2991 2571 3001 ¹
2587 2990 2645 3019 Cap.
2655 2997 2689 3020 xi,
2705 2997 2728 3013 n.
2739 2997 2755 3014 ι.
