2768 4178
77 1509 86 1517 ·
117 1506 175 1533 cap.
203 1511 291 1531 xxvni,

205 1532 241 1554 Cf.
263 1521 293 1553 de

80 1559 105 1581 Vx
103 1558 184 1580 'dendo
194 1558 254 1585 Deo,
262 1559 291 1579 ad

77 1586 141 1607 Pauli
135 1591 206 1611 1‚nam
215 1585 250 1612 Ep
246 1575 291 1606 'ist.

77 1618 154 1634 chvn
173 1612 208 1636 (al.
224 1613 291 1639 exn),

78 1539 148 1555 xxxtv

78 1645 129 1666 cap.
140 1645 188 1660 xm.

77 1670 87 1680 ⁸
104 1670 170 1691 Vers.
181 1677 207 1696 4.

328 300 398 336 132

1025 300 1293 347 QUAESTIO
1323 301 1410 348 XII,
1442 299 1739 337 ARTICULUS
1769 300 1822 336 IX

1144 445 1463 488 ARTICULUS
1494 445 1696 487 NONUS

608 538 764 570 UTRUM
788 538 846 569 EA
871 538 990 575 QUAE
1014 536 1241 568 VIDENTUR
1265 536 1307 567 IN
1331 535 1421 568 DEO
1445 538 1474 566 A
1497 536 1758 568 VIDENTIBUS
1782 536 1966 569 DIVINAM
1990 537 2233 569 ESSENTIAM

960 581 1043 612 PER
1065 580 1254 618 ALIQUAS
1278 580 1596 612 SIMILITUDINES
1620 580 1877 612 VIDEANTUR

929 670 961 694 111
981 669 1063 697 Sent„
1084 668 1143 693 dist.
1162 675 1211 700 xxv,
1232 673 1279 693 art.
1301 676 1321 697 1,
1341 669 1388 701 qu¹
1404 676 1429 700 4,
1452 667 1465 693 5
1472 675 1479 699 3
1500 669 1542 694 De
1566 669 1655 699 Verit.,
1676 677 1720 702 qu.
1739 677 1798 699 vm,
1818 674 1864 694 art.
1881 669 1904 694 5.

373 784 382 790 .-
390 779 416 795 t
443 789 482 808 ‚st
538 772 559 796 D
588 771 716 796 NONUM
744 771 798 796 sm
827 769 1067 795 PROCEDITUR.
1097 756 1257 794 Videtur
1285 756 1392 805 quod

347 775 405 859 iffi
450 804 515 863 ’ἒῆ
537 825 581 850 ea
609 824 708 860 quae
737 811 942 849 videntur
934 823 972 847 1n
996 811 1095 856 Deo,
1126 821 1148 846 a
1172 809 1392 847 videntibus

339 869 343 876 '
359 865 388 914 ᾖ
399 882 456 901 ν»
473 852 525 908 3?
537 866 705 903 divinam
735 864 940 902 essentiam
968 876 1038 912 per
1057 839 1203 922 aliquas
1223 862 1392 900 similitu-

380 888 644 956 ζ“-ῗ’)<11ιιιιῑε
665 918 878 956 videantur.
914 917 1054 954 Omnis
1087 916 1190 953 enim
1226 915 1391 976 cognitio

321 979 377 1009 est
395 984 465 1021 per
484 971 796 1010 assimilationem
826 969 1090 1018 cognoscentis
1110 969 1158 1007 ad
1179 969 1389 1018 cognitum:

321 1025 374 1062 sic
395 1024 497 1062 enim
525 1025 735 1062 intellectus
755 1024 794 1062 in
814 1031 900 1061 actu
920 1024 964 1060 fit
981 1023 1244 1061 intellectum
1235 1035 1273 1060 ιη
1293 1030 1391 1071 actu,

321 1086 358 1115 et
385 1090 518 1115 sensus
538 1084 554 1099 ‘²‘
582 1078 623 1115 in
650 1085 737 1115 actu
765 1076 942 1114 sensibile
971 1077 1010 1114 in
1038 1085 1136 1124 actu,
1163 1076 1391 1125 inquantum

321 1131 400 1168 eius
415 1131 660 1168 similitudine
679 1131 916 1178 informatur,
933 1137 975 1167 ut
987 1129 1133 1179 pupilla
1148 1129 1391 1167 similitudine

321 1184 469 1222 coloris.
500 1184 540 1222 Si
558 1184 669 1233 igitur
687 1184 898 1221 intellectus
916 1183 1079 1221 videntis
1098 1184 1228 1220 Deum
1245 1195 1316 1233 per
1336 1195 1392 1220 es—

320 1238 480 1275 sentiam
500 1237 679 1286 intelligat
706 1237 745 1274 in
773 1238 859 1275 Deo
888 1236 1034 1286 aliquas
1055 1244 1258 1284 creaturas,
1279 1249 1393 1286 opor-

319 1299 371 1328 tet
400 1291 506 1341 quod
535 1304 668 1328 earum
698 1290 1007 1328 similitudinibus
1034 1290 1273 1328 informetur.

375 1356 410 1381 2.
440 1346 675 1392 PRAETEREA,
705 1356 751 1381 ea
779 1356 879 1393 quae
907 1344 1012 1393 prius
1030 1343 1211 1390 vidimus,
1241 1355 1391 1380 merno-

320 1398 408 1434 riter
426 1405 603 1435 tenemus
617 1397 645 1435 β.
664 1398 742 1435 Sed
756 1398 910 1445 Paulus,
926 1397 1063 1435 videns
1077 1397 1117 1434 in
1136 1404 1246 1446 raptu
1266 1408 1393 1433 essen-

319 1451 412 1488 tiam
440 1451 526 1499 Dei,
554 1459 597 1488 ut
626 1451 713 1489 dicit
740 1450 975 1500 Augustinus
995 1452 1065 1488 XII
1092 1462 1206 1500 super
1229 1450 1322 1487 Gen.
1342 1449 1395 1486 ad

318 1505 480 1542 litteram
499 1504 531 1552 ³¹⁸,
559 1513 765 1554 postquam
796 1504 906 1542 desiit
931 1503 1134 1541 essentiam
1154 1503 1228 1540 Dei
1245 1503 1391 1551 videre,

319 1558 539 1595 recordatus
573 1566 629 1595 est
666 1558 876 1595 multorum
911 1570 1010 1606 quae
1039 1557 1078 1595 in
1105 1557 1168 1594 illo
1198 1564 1308 1607 raptu
1335 1556 1391 1594 vi-

319 1611 446 1649 derat:
476 1611 580 1649 unde
600 1611 682 1661 ipse
702 1611 791 1650 dicit
811 1611 916 1661 quod
935 1611 1078 1648 audivit
1096 1622 1242 1648 arcana
1261 1611 1390 1656 verba,

318 1677 416 1713 quae
444 1677 519 1702 non
548 1665 632 1702 licet
657 1665 802 1702 homini
828 1664 943 1714 loqui,
974 1666 1006 1701 ΙΙ
1041 1665 1140 1702 Cor..
1158 1675 1205 1700 xn
1234 1663 1265 1701 ²¹⁸.
1287 1665 1390 1712 Ergo

319 1725 471 1767 oportet
499 1718 624 1755 dicere
654 1718 760 1767 quod
789 1718 937 1767 aliquae
963 1716 1225 1757 similitudines
1255 1729 1391 1754 eorum

319 1784 418 1820 quae
448 1772 670 1810 recordatus
699 1779 772 1819 est,
802 1771 839 1809 in
871 1771 952 1809 eius
981 1771 1171 1808 intellectu
1200 1782 1391 1808 remanse—

318 1825 390 1862 rint
409 1830 435 1862 ⁷.
465 1826 515 1862 Et
543 1825 680 1863 eadem
710 1825 875 1872 ratione,
906 1824 1062 1874 quando
1095 1823 1393 1873 praesentialiter

316 1878 474 1916 videbat
501 1878 574 1916 Dei
605 1878 827 1925 essentiam,
863 1890 998 1915 eorum
1032 1889 1132 1926 quae
1160 1877 1199 1914 in
1226 1877 1309 1926 ipsa
1336 1877 1392 1914 vi·

319 1931 449 1978 debat,
479 1931 625 1980 aliquas
653 1931 918 1969 similitudines
945 1931 1007 1968 vel
1038 1930 1184 1980 species
1213 1931 1390 1967 habebat.

373 1986 447 2022 SED
477 1996 624 2022 CONTRA
653 1997 719 2022 EST
747 1984 854 2033 quod
881 1997 951 2034 per
987 1996 1108 2021 unam
1138 1983 1308 2033 speciem
1335 1983 1391 2020 vi-

319 2038 429 2075 detur
458 2039 677 2087 speculum,
709 2045 744 2075 et
764 2051 810 2078 ea
829 2050 930 2086 quae
949 2037 987 2075 in
1008 2037 1165 2087 speculo
1195 2044 1390 2087 apparent.

319 2092 396 2129 Sed
425 2091 557 2129 omnia
585 2091 638 2129 sic
665 2091 845 2129 videntur
863 2091 903 2128 in
922 2092 1008 2128 Deo
1030 2090 1127 2128 sicut
1153 2090 1193 2128 in
1219 2091 1392 2139 quodam

318 2145 475 2194 speculo
504 2144 734 2193 intelligibili.
765 2146 881 2193 Ergo,
903 2144 932 2181 si
952 2144 1034 2193 ipse
1053 2145 1160 2181 Deus
1189 2156 1267 2181 non
1287 2143 1394 2182 vide-

317 2206 379 2235 tur
406 2210 475 2247 per
503 2198 670 2247 aliquam
691 2197 990 2245 similitudinem,
1007 2197 1076 2235 sed
1103 2209 1174 2246 per
1202 2209 1313 2234 suam
1334 2209 1392 2234 es-

319 2251 502 2298 sentiam,
533 2263 605 2288 nec
634 2263 680 2288 ea
707 2263 807 2300 quae
836 2251 874 2288 in
902 2250 986 2300 ipso
1015 2249 1205 2298 videntur,
1235 2262 1305 2300 per
1329 2249 1392 2287 ali-

320 2317 417 2354 quas
446 2304 709 2342 similitudines
738 2304 819 2342 sive
848 2304 995 2353 species
1023 2303 1212 2341 videntur.

374 2359 601 2395 Responnsso
630 2369 814 2395 DICENDUM
846 2358 951 2406 quod
978 2357 1153 2395 videntes
1177 2357 1305 2394 Deum
1324 2368 1394 2405 per

322 2411 526 2448 essentiam
541 2409 567 2459 δ,
589 2423 634 2448 ea
653 2423 754 2460 quae
782 2410 821 2447 in
849 2411 931 2460 ipsa
956 2411 1120 2448 essentia
1147 2409 1220 2447 Dei
1247 2409 1392 2457 vident,

321 2477 400 2502 non
428 2464 561 2502 vident
595 2477 665 2514 per
694 2464 839 2513 aliquas
877 2464 1044 2513 species,
1079 2463 1147 2501 sed
1174 2475 1244 2513 per
1270 2463 1393 2512 ipsam

321 2517 525 2555 essentiam
544 2517 715 2556 divinam
734 2517 938 2555 intellectui
957 2525 967 2541 Ξ
994 2529 1130 2554 eorum
1149 2516 1308 2554 unitam.
1331 2516 1394 2554 Sic

321 2571 423 2608 enim
445 2571 686 2619 cognoscitur
709 2571 1031 2620 unumquodque,
1053 2570 1268 2608 secundum
1289 2570 1394 2620 quod

321 2624 528 2662 similitudo
558 2625 638 2662 eius
658 2632 714 2662 est
741 2624 780 2662 in
800 2631 1068 2673 cognoscente.
1099 2625 1178 2662 Sed
1204 2624 1280 2661 hoc
1304 2636 1394 2661 con-

321 2677 428 2726 tingit
457 2678 665 2727 dupliciter.
703 2678 804 2715 Cum
834 2677 937 2715 enirn
967 2689 1235 2727 quaecumque
1263 2677 1329 2715 uni
1359 2685 1395 2714 et

323 2731 448 2768 eidem
478 2739 565 2768 sunt
602 2731 755 2779 similia,
786 2731 856 2768 sibi
894 2731 1059 2768 invicem
1094 2730 1167 2768 sint
1195 2730 1330 2768 similia
1359 2730 1393 2777 ζ,

321 2784 440 2822 virtus
470 2784 729 2833 cognoscitiva
753 2784 951 2834 dupliciter
970 2783 1167 2822 assimilari
1185 2790 1311 2834 potest
1330 2783 1393 2821 ali-

376 2899 403 2931 α)
419 2905 520 2924 sensus.
532 2912 552 2917 -
565 2898 637 2923 visus
652 2898 806 2928 PACDFab,
826 2899 921 2924 omittit
939 2900 970 2925 Ε.
989 2913 1007 2919 -
1026 2900 1077 2924 Pro
1095 2900 1224 2930 sensibile,
1245 2900 1347 2925 visibile
1366 2900 1395 2924 Ρ.

377 2932 401 2967 β)
422 2938 549 2959 tenemus.
566 2947 586 2953 -
611 2934 757 2959 retinemus
781 2934 831 2959 BC.
854 2948 873 2954 -
897 2935 947 2959 Pro
973 2935 1065 2961 videns
1091 2936 1118 2960 in
1142 2939 1236 2968 raptu,
1262 2935 1288 2961 in
1314 2938 1394 2968 raptu

322 2969 414 3010 videns
432 2970 470 3000 Α,
489 2969 535 3002 qui
554 2969 580 2994 in
601 2972 680 3002 raptu
701 2969 770 2995 vidit
788 2970 817 3001 B,
838 2970 864 2995 in
884 2973 965 3003 raptu
986 2970 1037 2996 CE.
1051 2985 1069 2990 ·-
1087 2971 1230 2996 essentiam
1248 2970 1301 2996 Dei
1318 2971 1394 2996 omit-

322 3009 353 3029 ω
372 3005 401 3074 ξ)
421 3040 609 3066 remanserint.
625 3053 645 3060 -
663 3043 851 3066 remanserunt
869 3041 1016 3066 ABCDEG.

375 3075 400 3107 δ)
415 3083 467 3108 per
486 3076 638 3101 essentiam.
655 3089 674 3095 —
687 3083 740 3109 per
758 3083 835 3101 suam
854 3077 996 3101 essentiam
1018 3077 1046 3102 P.

1449 757 1508 795 cui
1524 757 1781 806 cognoscibili.
1803 758 1890 796 Uno
1911 759 2043 806 mod0‚
2059 758 2273 796 secundum
2292 770 2346 806 se,
2362 757 2520 806 quando

1448 811 1588 848 directe
1618 811 1699 848 eius
1726 810 1971 848 similitudine
1998 811 2243 848 informatur:
2274 819 2311 848 et
2338 818 2428 848 tunc
2457 823 2520 848 co-

1446 863 1640 912 gnoscitur
1667 864 1759 901 illud
1783 864 1997 902 secundum
2025 876 2078 902 se.
2107 864 2194 901 Alio
2223 864 2356 913 modo,
2387 876 2521 902 secun-

1448 917 1542 954 dum
1576 917 1682 965 quod
1719 916 1946 954 informatur
1980 917 2106 968 specie
2143 918 2301 955 alicuius
2330 917 2437 967 quod
2465 924 2522 954 est

1448 970 1482 1007 ei
1511 969 1655 1007 simile:
1695 977 1732 1007 et
1759 977 1848 1008 tunc
1885 983 1965 1008 non
2000 970 2136 1008 dicitur
2167 983 2228 1009 res
2266 970 2447 1020 cognosci
2482 970 2521 1008 in

1447 1022 1583 1073 seipsa,
1615 1023 1684 1061 sed
1711 1023 1751 1060 in
1779 1035 1850 1060 suo
1879 1023 2004 1061 simili.
2033 1023 2120 1061 Alia
2147 1023 2251 1061 enim
2280 1031 2335 1062 est
2354 1023 2519 1073 cognitio

1448 1089 1525 1126 qua
1553 1076 1795 1125 cognoscitur
1828 1076 1963 1136 aliquis
1990 1077 2112 1114 homo
2141 1077 2181 1114 in
2208 1076 2355 1126 seipso,
2385 1085 2421 1115 et
2447 1076 2521 1114 alia

1448 1142 1526 1179 qua
1560 1129 1805 1178 cognoscitur
1831 1129 1870 1167 in
1899 1142 1968 1167 sua
2005 1129 2183 1178 imagine.
2223 1130 2287 1167 Sic
2315 1142 2427 1179 ergo,
2458 1142 2521 1167 co-

1447 1196 1631 1232 gnoscere
1660 1196 1721 1221 res
1749 1195 1819 1233 per
1847 1195 1982 1220 earum
2020 1182 2284 1221 similitudines
2312 1183 2351 1220 in
2379 1195 2521 1243 cogno-

1447 1245 1575 1275 scente
1605 1237 1827 1284 existentes,
1858 1244 1914 1274 est
1947 1248 2179 1286 cognoscere
2215 1248 2280 1284 eas
2307 1236 2347 1274 in
2374 1236 2521 1286 seipsis,

1447 1303 1515 1328 seu
1533 1290 1573 1328 in
1591 1290 1754 1340 propriis
1769 1289 1911 1328 naturis
1925 1289 1962 1312 ³¹⁵·
1953 1290 2051 1327 ‚sed
2071 1301 2305 1349 cognoscere
2325 1301 2390 1327 eas
2407 1295 2523 1339 prout
2547 1299 2559 1310 ·
2571 1298 2601 1321 D·
2615 1304 2664 1326 1⁴³-

1448 1357 1582 1382 earum
1612 1343 1875 1382 similitudines
1903 1343 2162 1393 praeexistunt
2190 1343 2229 1380 in
2257 1343 2356 1390 Deo,
2383 1349 2440 1380 est
2465 1342 2522 1380 vi-

1448 1397 1537 1435 dere
1568 1410 1632 1435 eas
1660 1397 1699 1435 in
1727 1399 1825 1435 Deo.
1856 1398 1906 1434 Et
1933 1397 2006 1434 hae
2036 1397 2135 1434 duae
2156 1395 2392 1445 cognitiones
2412 1395 2521 1434 diffe-

1447 1459 1545 1489 runt.
1575 1451 1688 1489 Unde
1717 1450 1932 1488 secundum
1960 1450 2062 1488 illam
2084 1449 2342 1499 cognitionem
2366 1461 2442 1499 qua
2461 1460 2521 1487 res

1449 1511 1732 1554 cognoscuntur
1745 1510 1759 1528 '⁷
1778 1517 1800 1541 a
1819 1503 2038 1542 videntibus
2066 1505 2195 1542 Deum
2223 1515 2293 1553 per
2313 1502 2520 1541 essentiam

1446 1558 1485 1596 in
1514 1558 1598 1607 ipso
1627 1559 1732 1606 Deo,
1762 1570 1842 1595 non
1873 1556 2053 1595 videntur
2079 1569 2148 1607 per
2176 1557 2323 1606 aliquas
2350 1556 2521 1595 similitu-

1447 1611 1555 1649 dines
1593 1611 1705 1658 alias3
1744 1610 1813 1648 sed
1849 1622 1919 1660 per
1956 1611 2078 1648 solam
2112 1610 2315 1648 essentiam
2349 1609 2521 1648 divinam

1447 1664 1649 1702 intellectui
1682 1671 1948 1717 praesentem,
1985 1676 2057 1714 per
2093 1675 2211 1712 quam
2250 1670 2287 1700 et
2323 1664 2430 1701 Deus
2463 1663 2520 1700 vi-

1447 1718 1567 1756 detur.

1499 1773 1559 1809 AD
1580 1782 1718 1808 ramum
1738 1781 1836 1808 anco
1857 1756 2042 1807 mcaNnuM
2062 1770 2167 1819 quod
2193 1768 2438 1808 intellectus⁶
2450 1769 2521 1809 vi·
2649 1770 2663 1796 θ

1447 1824 1570 1862 dentis
1598 1825 1727 1861 Deum
1755 1823 1985 1860 assimilatur
2007 1823 2122 1860 rebus
2150 1835 2250 1872 quae
2274 1823 2454 1863 videntur
2481 1823 2521 1863 in

1447 1879 1545 1925 Deo,
1575 1877 1803 1926 inquantum
1824 1876 1953 1913 unitur
1979 1876 2165 1913 essentiae
2186 1876 2349 1926 divinae,
2375 1877 2415 1915 in
2443 1889 2521 1927 qua

1448 1942 1578 1968 rerum
1607 1929 1784 1967 omnium
1817 1929 2082 1967 similitudines
2113 1929 2384 1979 praeexistunt.

1500 1985 1560 2021 An
1589 1994 1781 2020 sacunnum
1809 1994 1994 2020 DICENDUM
2023 1982 2128 2033 quod
2156 1982 2306 2033 aliquae
2326 1983 2520 2034 potentiae

1447 2036 1729 2086 cognoscitivae
1749 2043 1848 2084 sunt,
1870 2048 1970 2086 quae
1991 2047 2036 2073 ex
2055 2036 2257 2086 speciebus
2282 2036 2410 2087 primo
2431 2049 2522 2076 con-

1447 2090 1564 2140 ceptis
1593 2089 1684 2128 alias
1713 2089 1881 2127 formare
1899 2097 2071 2138 possunt.
2102 2089 2208 2128 Sicut
2234 2090 2456 2139 imaginatio
2476 2102 2523 2129 ex

1446 2142 1736 2193 praeconceptis
1774 2142 1976 2192 speciebus
2013 2143 2156 2181 montis
2185 2151 2222 2181 et
2249 2144 2351 2191 auri,
2382 2144 2522 2183 format

1448 2197 1617 2246 speciem
1637 2195 1779 2233 montis
1799 2196 1924 2233 aurei:
1956 2203 1992 2233 et
2014 2196 2223 2234 intellectus
2243 2209 2289 2235 ex
2303 2204 2312 2219 ¹
2337 2209 2522 2247 praecon-
2650 2203 2661 2220 ²

1449 2249 1566 2299 ceptis
1601 2249 1801 2299 speciebus
1838 2249 1986 2297 generis
2025 2256 2061 2286 et
2095 2249 2352 2299 differentiae,
2381 2251 2523 2291 format

1448 2302 1637 2341 rationem
1661 2301 1812 2352 speciei.
1843 2303 1892 2340 Et
1911 2301 2082 2340 similiter
2101 2315 2147 2340 ex
2165 2302 2407 2342 similitudine
2426 2304 2523 2342 ima-

1448 2356 1543 2405 ginis
1581 2356 1746 2393 formare
1784 2368 1991 2405 possumus
2019 2355 2059 2393 in
2086 2356 2199 2394 nobis
2233 2357 2520 2395 similitudinem

1449 2410 1530 2447 eius
1550 2409 1656 2447 cuius
1686 2416 1742 2446 est
1769 2409 1909 2457 imago.
1940 2410 1990 2446 Et
2008 2409 2062 2446 sic
2081 2410 2235 2458 Paulus,
2255 2411 2318 2448 vel
2347 2410 2521 2460 quicum·

1449 2475 1524 2512 que
1551 2463 1647 2500 alius
1673 2462 1810 2500 videns
1830 2463 1970 2510 Deum,
1992 2474 2038 2499 ex
2066 2462 2149 2513 ipsa
2165 2463 2316 2501 visione
2337 2464 2521 2502 essentiae

1449 2516 1602 2554 divinae
1630 2523 1756 2566 potest
1783 2516 1949 2553 formare
1975 2515 2015 2554 in
2038 2527 2079 2554 se
2107 2516 2373 2556 similitudines
2392 2529 2521 2560 rerum

1449 2582 1547 2620 quae
1576 2570 1616 2607 in
1645 2569 1808 2607 essentia
1845 2569 1974 2607 divina
2001 2568 2201 2608 videntur:
2241 2583 2340 2620 quae
2373 2583 2522 2610 reman-

1449 2631 1579 2661 serunt
1606 2623 1644 2660 in
1682 2624 1801 2660 Paulo
1838 2622 1951 2660 etiam
1983 2630 2190 2684 postquam
2224 2624 2333 2662 desiit
2361 2624 2435 2662 Dei
2463 2637 2520 2663 es·

1450 2676 1610 2715 sentiam
1638 2676 1783 2714 videre.
1824 2677 1898 2713 Ista
1930 2684 2062 2714 tamen
2089 2677 2209 2725 visio,
2239 2689 2316 2727 qua
2342 2677 2522 2716 videntur

1450 2743 1509 2768 res
1528 2742 1606 2790 ..per
1632 2729 1853 2767 huiusmodi
1878 2729 2025 2779 species
2053 2730 2107 2767 sie
2136 2739 2352 2781 conceptas,
2374 2738 2430 2769 est
2447 2731 2521 2770 alia

1449 2797 1471 2821 a
1499 2783 1647 2821 visione
1677 2795 1752 2832 qua
1779 2782 1957 2821 videntur
1986 2795 2045 2821 res
2071 2783 2110 2822 in
2138 2784 2236 2822 Deo.

1502 2900 1524 2931 ε)
1545 2900 1697 2925 intellectui.
1715 2913 1735 2918 -
1753 2902 1783 2924 ut
1802 2899 1947 2924 intellectui
1965 2899 2087 2924 ABCDE.

1501 2935 1528 2968 ζ)
1546 2935 1602 2961 sint
1619 2935 1726 2961 similia.
1743 2948 1762 2953 —
1780 2937 1842 2960 sunt
1860 2934 1960 2959 similia
1979 2935 2016 2967 (et
2034 2935 2104 2961 addit
2122 2935 2169 2968 σε)
2188 2935 2347 2968 inquantum
2363 2935 2519 2962 huiusmodi

1449 2970 1551 2996 codices
1571 2975 1596 2996 et
1615 2970 1656 2996 ed.
1674 2977 1699 3000 a,
1719 2973 1782 2996 sunt
1800 2969 1900 2995 similia
1919 2970 1959 2995 ed.
1975 2970 1999 2996 b.

1502 3006 1528 3038 η)
1548 3009 1755 3039 cognoscuntur.
1772 3019 1791 3024 -
1809 3005 1980 3038 cognoscitur
1998 3005 2086 3031 BDab.

1502 3039 1527 3074 θ)
1547 3042 1703 3067 intellectus.
1719 3054 1740 3061 -·
1758 3041 1905 3066 intellectus
1923 3044 2031 3067 creatus
2049 3041 2117 3067 Pub.

1503 3077 1522 3109 ι)
1540 3083 1586 3102 ex.
1604 3091 1623 3097 -
1641 3077 1703 3103 Om.
1717 3077 1746 3102 Β.

1008 3164 1340 3198 Commentariis
1362 3164 1612 3198 Cardinalis
1634 3164 1835 3198 Caietam

324 3265 490 3327 Tirenus
519 3254 620 3285 clarus
649 3261 710 3285 est:
735 3254 869 3286 intendit
893 3255 978 3285 enirn
1004 3265 1067 3295 per
1097 3255 1224 3296 aliquas
1246 3255 1393 3286 similitu-

383 3299 473 3329 dines
504 3305 539 3330 ut
569 3298 688 3339 species
718 3299 945 3339 intelligibiles,
972 3306 1093 3339 praeter
1117 3299 1218 3340 ipsam
1254 3299 1393 3330 divinam

324 3349 500 3373 essentiam.

376 3386 411 3416 In
436 3396 568 3427 corpore
585 3397 649 3418 una
670 3387 844 3423 conclusio,
870 3387 1052 3427 responsiva
1071 3387 1215 3428 quaesito
1232 3386 1391 3427 negative:

322 3430 471 3461 Videntes
495 3431 601 3462 Deum
628 3441 693 3462 non
714 3431 822 3462 vident
845 3431 878 3462 in
903 3441 941 3462 eo
966 3431 1025 3461 alia
1047 3441 1103 3471 per
1126 3431 1244 3472 species
1269 3440 1391 3467 eorum,

323 3474 378 3504 sed
392 3484 447 3514 per
463 3474 565 3515 ipsam
589 3475 730 3506 divinam
747 3475 915 3506 essentiam
930 3475 1103 3506 intellectui
1128 3485 1240 3507 eorum
1258 3475 1390 3506 unitam.

323 3535 343 3540 -
356 3518 519 3550 Probatur.
540 3520 806 3560 Unumquodque
823 3520 867 3551 sic
881 3519 1093 3559 cognoscitur,
1110 3520 1287 3551 secundum
1303 3519 1392 3561 quod

323 3561 498 3593 similitudo
523 3563 590 3594 eius
614 3571 660 3594 est
679 3564 711 3594 in
731 3570 951 3604 cognoscente.
978 3564 1063 3604 Ergo
1079 3564 1246 3605 dupliciter
1270 3563 1392 3595 contin-

321 3605 367 3646 git
390 3606 508 3647 aliquid
533 3608 697 3648 cognosci:
721 3608 837 3639 scilicet
859 3618 916 3648 per
939 3607 1179 3639 similitudinem
1204 3608 1262 3645 sui,
1283 3615 1314 3640 et
1337 3617 1391 3649 per

322 3649 563 3682 similitudinem
587 3651 707 3683 similis.
733 3653 817 3693 Ergo
835 3652 867 3682 in
885 3662 927 3691 se,
952 3659 983 3684 et
1005 3652 1037 3683 in
1062 3652 1134 3683 alio.
1163 3653 1247 3693 Ergo
1271 3652 1332 3683 alia
1346 3651 1391 3682 vi-

1450 3254 1515 3285 deri
1539 3254 1571 3284 in
1595 3254 1675 3290 Deo,
1692 3261 1738 3285 est
1761 3254 1859 3285 videri
1884 3265 1949 3286 non
1966 3264 2022 3295 per
2045 3254 2188 3295 proprias
2212 3254 2443 3291 similitudines,
2463 3255 2519 3286 sed

1449 3299 1627 3329 secundum
1659 3298 1881 3330 similitudines
1905 3309 1977 3330 suas
2009 3298 2042 3329 in
2065 3298 2147 3330 Deo.
2171 3298 2256 3339 Ergo
2279 3299 2346 3330 visa
2373 3299 2406 3330 in
2430 3299 2517 3335 Deo,

1449 3352 1514 3373 non
1539 3353 1594 3383 per
1618 3343 1746 3383 species,
1764 3343 1819 3374 sed
1843 3353 1898 3384 per
1921 3343 2023 3374 solam
2046 3343 2214 3373 essentiam
2234 3343 2374 3374 divinam
2396 3342 2517 3374 intelle-

1449 3387 1511 3418 ctui
1536 3387 1658 3418 unitam
1682 3387 1837 3418 videntur.

1501 3431 1606 3461 Prima
1630 3431 1856 3472 consequentia
1883 3430 2036 3471 probatur
2059 3440 2095 3461 ex
2119 3440 2158 3462 eo
2182 3431 2271 3472 quod
2294 3440 2517 3473 quaecumque

1449 3475 1503 3505 uni
1528 3482 1558 3506 et
1582 3475 1685 3506 eidem
1701 3482 1775 3506 sunt
1794 3474 1917 3511 similia,
1934 3474 1992 3504 sibi
2009 3474 2103 3505 etiam
2128 3475 2264 3506 invicem
2286 3481 2361 3506 sunt
2383 3474 2515 3506 similia:

1447 3529 1483 3549 ex
1507 3519 1568 3549 hoc
1592 3519 1677 3550 enim
1700 3518 1865 3549 manifeste
1888 3518 2031 3559 sequitur
2053 3519 2187 3550 alterum
2210 3520 2402 3555 membrum,
2426 3518 2515 3560 quod

1447 3569 1570 3603 poterat
1586 3563 1663 3594 verti
1686 3563 1719 3593 in
1743 3563 1887 3593 dubium.
1902 3580 1922 3585 -
1937 3562 2081 3594 Secunda
2101 3573 2176 3594 vero
2193 3563 2418 3604 consequentia
2441 3572 2514 3604 pro-

1447 3607 1538 3638 batur
1562 3617 1617 3647 per
1640 3607 1750 3637 locum
1773 3616 1793 3636 a
1817 3607 2084 3638 convertibilibus.
2110 3607 2270 3648 Cognosci
2295 3617 2434 3648 namque
2458 3616 2513 3648 per

1447 3651 1494 3682 sui
1513 3651 1659 3691 speciem,
1674 3658 1720 3681 est
1735 3650 1767 3681 in
1785 3651 1889 3692 seipso
1907 3658 1940 3682 ut
1953 3651 2078 3683 obiecto
2095 3651 2253 3692 cognosci,
2267 3658 2297 3683 et
2313 3661 2329 3682 e
2344 3659 2512 3683 converso:
