2768 4178
33 755 42 764 ·
51 754 85 777 Cn
103 770 109 776 .
120 760 158 776 xv.
170 765 180 770 -
191 753 245 775 Did.

32 780 84 829 l¹i¹b¹
95 780 123 808 V,
140 786 191 808 cap.
201 786 244 808 xv,

985 226 1252 273 QUAESTIO
1284 226 1345 272 1V,
1375 226 1672 263 ARTICULUS
1702 229 1750 263 111
2420 229 2465 265 55

274 317 381 338 causa:
406 307 464 338 hae
489 307 574 337 enim
603 318 651 338 res
679 314 754 338 sunt
783 306 990 338 fundamenta
1021 304 1234 335 similitudinis
1265 304 1345 335 inter

274 358 437 383 causatum
463 358 494 382 et
517 362 655 388 causam,
672 358 708 382 ut
723 351 756 382 in
775 350 936 381 omnibus.
961 350 1100 380 Possunt
1123 349 1218 389 igitur
1234 348 1345 379 funda-

274 403 382 427 menta
404 396 619 427 similitudinis
642 396 723 427 inter
746 395 860 436 aliqua,
879 393 1045 434 dupliciter
1067 403 1100 423 se
1116 393 1240 429 habere,
1261 401 1297 424 ut
1312 393 1346 423 in

273 441 376 472 littera
399 440 522 471 dicitur.
557 441 631 471 Uno
654 439 769 475 modo,
793 439 884 479 quod
907 438 969 468 sint
992 437 1135 468 eiusdem
1155 437 1284 473 ordinis,
1310 444 1346 468 ut

274 485 351 516 haec
368 491 398 515 et
414 485 467 516 illa
482 485 606 520 albedo,
623 491 654 515 et
672 484 734 514 hoc
750 490 781 514 et
794 483 873 513 illud
889 482 1016 518 animal,
1033 489 1106 513 etc.:
1132 488 1162 512 et
1178 481 1221 512 sic
1237 482 1344 512 simili-

274 529 354 560 tudo
371 536 418 560 est
432 529 542 560 relatio
562 527 824 569 aequiparandae,
841 533 872 558 et
889 533 1013 557 mutua.
1038 526 1112 556 Alio
1128 526 1238 561 modo,
1255 526 1344 567 quod

275 574 410 604 alterum
434 583 547 604 eorum
570 571 744 603 formaliter
767 581 803 602 ex
827 571 956 612 propria
979 570 1100 601 ratione
1124 570 1163 601 sit
1180 577 1344 601 causatum

275 619 313 648 ab
333 618 441 653 altero,
462 624 498 648 ut
512 617 619 656 imago
643 616 780 647 Socratis
804 622 834 646 et
857 615 1000 646 Socrates
1025 613 1105 657 (non
1125 614 1211 646 enim
1234 615 1345 645 accidit

274 662 405 702 imagini
429 661 565 693 Socratis
589 660 799 700 dependentia
823 670 841 690 a
864 658 1022 702 Socrate):
1048 666 1078 690 et
1101 659 1144 690 sic
1168 659 1343 690 similitudo

274 716 341 737 non
365 712 411 737 est
434 705 544 736 relatio
569 704 823 745 aequiparantiae
846 713 951 744 neque
975 711 1097 739 mutua,
1115 704 1171 734 sed
1186 703 1346 734 reducitur

274 750 313 781 ad
337 749 466 780 tertium
489 758 590 790 genus
614 748 832 784 relativorum,
853 748 996 789 positum
1014 748 1043 779 V
1059 748 1243 789 Metaphys.
1258 748 1284 784 *,
1306 748 1344 778 de

274 794 404 825 scientia
427 801 457 825 et
480 793 589 829 scibili,
607 799 664 824 etc.
691 792 887 823 Huiusmodi
907 799 1014 823 autern
1039 803 1166 823 causam
1190 799 1221 823 et
1237 802 1344 822 causa—

272 845 344 870 tum
360 844 484 869 constat
499 847 567 868 esse
585 837 784 868 diversorum
803 837 974 868 ordinum.>
990 837 1190 877 Impossibile
1205 846 1344 877 namque

274 889 321 914 est
337 883 480 913 eiusdem
503 881 622 912 ordinis
645 891 693 912 res
717 881 760 912 sic
785 891 818 912 se
841 882 965 917 habere,
983 882 1073 922 quod
1089 882 1127 912 de
1142 881 1263 912 ratione
1283 881 1344 911 for-

274 927 350 958 mali
369 926 465 958 unius
483 926 524 957 sit
538 926 750 967 dependentia
765 927 804 956 ab
820 926 929 957 altera:
954 926 1110 967 quoniam
1125 925 1283 966 quidquid
1299 933 1345 956 est

275 971 314 1002 de
336 971 458 1002 ratione
481 970 586 1006 unius,
611 977 658 1001 est
681 970 720 1001 de
744 970 864 1001 ratione
889 970 1028 1006 alterius,
1054 977 1084 1001 et
1108 980 1124 1000 e
1148 976 1268 1001 contra.

329 1014 383 1047 VI.
409 1015 501 1046 Unde
525 1021 611 1056 patet
634 1015 800 1055 responsio
824 1015 864 1045 ad
888 1015 1070 1046 instantiam
1094 1015 1132 1045 de
1156 1014 1258 1045 causis
1275 1014 1345 1044 uni-

1399 304 1485 335 vocis
1501 304 1527 334 *.
1553 304 1615 335 Ubi
1635 305 1719 335 enirn
1744 312 1789 335 est
1809 306 1999 342 univocatio,
2018 307 2059 337 ibi
2080 317 2146 337 non
2169 313 2215 338 est
2239 317 2332 338 causa
2347 313 2377 337 et
2394 317 2467 337 cau-

1400 355 1503 379 satum
1517 348 1713 389 formaliter
1736 356 1767 379 et
1784 359 1847 389 per
1868 360 1913 387 se,
1939 351 1992 380 sed
2016 352 2228 382 materialiter
2251 359 2281 382 et
2298 361 2362 391 per
2384 353 2466 381 acci-

1398 393 1494 424 dens:
1519 393 1674 434 quoniam
1703 393 1806 424 forma
1830 393 1956 424 effectus
1980 395 2153 426 formaliter
2175 406 2240 426 non
2270 395 2426 435 dependet
2450 406 2467 425 a

1399 437 1502 468 forma
1527 447 1647 468 causae.
1680 438 1755 468 Non
1780 437 1865 468 enim
1889 438 2068 469 humanitas
2092 450 2172 480 quae
2197 447 2242 470 est
2265 439 2297 470 in
2322 439 2465 475 Socrate,

1399 481 1573 512 formaliter
1589 489 1725 522 sumpta,
1742 482 1898 522 dependet
1921 483 1954 512 in
1978 493 2044 513 esse
2068 490 2122 514 aut
2145 484 2177 513 in
2200 483 2267 514 fieri
2291 484 2329 514 ab
2354 483 2465 514 huma-

1400 526 1496 556 nitate
1510 525 1650 557 Platonis
1666 526 1776 566 patris:
1797 526 1852 556 sed
1867 526 2047 557 humanitas
2064 527 2209 564 Socratis,
2227 527 2301 568 quia
2316 534 2362 557 est
2376 528 2465 564 haec,

1399 570 1471 600 ideo
1489 571 1645 610 dependet
1661 581 1678 600 a
1694 577 1790 610 patre.
1812 570 1853 600 Et
1869 578 2099 611 consequenter
2114 571 2303 607 humanitas,
2321 581 2403 612 quae
2421 578 2468 601 est

1399 614 1644 646 fundamentum
1667 614 1882 645 similitudinis
1906 614 1986 645 inter
2009 621 2130 655 patrem
2153 623 2183 646 et
2206 615 2318 651 filium,
2336 625 2401 646 non
2421 622 2468 646 est

1399 659 1438 689 de
1461 669 1574 699 genere
1598 668 1709 690 causae
1733 665 1788 689 aut
1811 659 1938 694 causati,
1956 659 2015 689 nisi
2035 659 2233 690 materialiter
2257 666 2287 690 et
2310 670 2365 700 per
2388 659 2467 690 acci—

1399 704 1492 734 dens:
1518 704 1573 734 sed
1597 710 1643 734 est
1666 704 1705 734 de
1727 713 1841 743 genere
1868 702 2152 734 fundamentorum
2175 704 2317 734 eiusdem
2336 703 2465 734 ordinis.

1399 747 1631 789 Quaecumque
1654 747 1757 788 igitur,
1775 747 1949 778 formaliter
1970 754 2106 787 sumpta,
2128 755 2201 778 sunt
2224 758 2317 778 causa
2341 755 2371 778 et
2395 757 2466 778 cau-

1399 798 1513 828 satum,
1530 799 1604 823 sunt
1623 792 1821 822 diversorum
1844 791 1995 822 ordinum
2016 791 2222 822 fundamenta
2241 791 2465 827 similitudinis,

1399 843 1435 867 ut
1458 836 1611 867 subtiliter
1635 836 1666 866 in
1691 836 1791 867 littera
1815 836 1996 866 adducitur:
2022 843 2053 866 et
2076 842 2305 876 consequenter
2324 842 2370 866 est
2387 835 2468 866 inter

1399 891 1435 911 ea
1454 880 1629 911 similitudo
1645 879 1840 916 imitationis,
1856 881 1892 910 et'
1902 890 1967 910 non
1982 890 2079 920 purae
2095 880 2322 911 similitudinis:
2347 887 2377 910 et
2392 889 2467 919 pro-

1399 932 1506 965 pterea
1529 934 1595 955 non
1619 931 1665 955 est
1687 931 1810 955 mutua.

1455 969 1496 1000 Et
1518 969 1579 1000 hoc
1603 969 1682 1011 bene
1706 975 1792 1005 nota,
1817 975 1847 999 et
1870 968 2149 1009 proportionaliter
2172 968 2296 1008 applica
2314 967 2353 998 ad
2369 973 2468 998 mate-

1399 1014 1478 1043 riam
1503 1014 1541 1043 de
1565 1013 1701 1044 relativis
1725 1023 1791 1043 non
1816 1013 1946 1043 mutuis.

2494 316 2504 326 ⁸
2521 315 2556 337 Cf.
2570 321 2635 338 num.
2648 323 2679 338 w.
