2768 4178
70 2348 79 2356 ·
95 2347 131 2369 Cf.
147 2352 211 2368 num.
224 2353 255 2368 iv.

70 2392 81 2402 ⁵
95 2392 129 2414 cf.
146 2398 209 2414 num.
220 2399 241 2413 v.

78 3194 85 3202 ·
102 3192 288 3220 Cap‚x,n.3,4.

82 3637 175 3658 'Attia
188 3637 292 3665 praeced.

82 3663 213 3685 commem.
230 3671 251 3686 n.
264 3671 279 3686 ι.

309 285 358 331 76

309 376 353 400 ex
373 370 481 400 motu
505 368 618 410 patet.
652 360 752 407 Quia
773 372 889 396 omne
915 371 1055 408 corpus
1079 359 1251 396 naturale
1270 358 1387 395 habet

308 417 474 465 aliquem
505 423 654 451 motum
680 415 904 450 naturalem.
937 413 1090 461 Corpus
1110 419 1239 449 autem
1261 411 1387 448 infini-

307 478 388 507 tum
418 481 495 506 non
524 475 654 517 posset
682 468 826 504 habere
855 467 1023 516 aliquem
1054 473 1205 502 motum
1235 472 1386 502 natura-

307 525 399 560 lem:
430 535 500 559 nec
530 529 688 567 rectum,
719 521 810 570 quia
838 520 930 558 nihil
960 527 1140 557 movetur
1169 518 1386 555 naturaliter

308 585 417 614 motu
456 583 580 621 recto,
620 574 691 612 nisi
726 587 815 612 cum
852 582 909 611 est
943 581 1046 610 extra
1085 584 1198 609 suum
1232 573 1384 620 locum,

308 631 414 679 quod
439 629 591 678 corpori
620 628 770 665 infinito
796 628 968 665 accidere
990 639 1068 664 non
1088 633 1240 675 posset;
1271 638 1385 663 occu—

307 691 414 733 paret
443 683 545 720 enim
575 682 707 720 omm‘a
735 683 838 729 loca,
869 689 905 718 et
934 681 987 718 sic
1015 679 1275 717 indifferenter
1304 679 1386 728 qui-

307 737 397 773 libet
422 738 528 773 locus
549 744 647 773 esset
666 737 773 772 locus
794 735 887 772 eius.
918 735 967 772 Et
986 733 1155 770 similiter
1175 733 1291 770 etiam
1320 745 1384 770 ne—

307 803 382 839 que
403 790 618 827 secundum
644 796 796 826 motum
819 789 1056 826 circularem.
1089 786 1191 834 Quia
1220 786 1257 823 in
1277 793 1386 823 motu

308 844 479 881 circulari
508 850 659 893 oportet
694 843 799 903 quod
828 854 905 880 una
942 853 1030 892 pars
1065 839 1236 890 corporis
1266 847 1385 876 trans-

307 898 449 935 feratur
477 898 526 935 ad
559 898 717 934 locum
709 909 748 934 in
768 909 846 945 quo
876 896 944 933 fuit
972 894 1044 932 alia
1072 907 1182 944 pars;
1211 893 1318 943 quod
1346 893 1385 930 in

307 963 470 1000 corpore
499 950 682 998 circulari,
708 951 738 987 si
762 958 930 1000 ponatur
958 948 1163 996 infinitum,
1193 959 1277 984 esse
1306 959 1385 985 non

306 1013 458 1054 posset:
497 1005 586 1054 quia
624 1004 722 1041 duae
760 1004 885 1040 lineae
922 1009 1136 1052 protractae
1170 1014 1192 1037 a
1231 1007 1384 1048 centro,

307 1067 450 1108 quanto
481 1058 630 1106 longius
658 1058 932 1106 protrahuntur
952 1068 973 1092 a
994 1062 1138 1103 centro,
1169 1062 1274 1091 tanto
1304 1056 1385 1091 lon—

306 1112 389 1160 gius
419 1112 555 1150 distant
583 1111 631 1148 ab
652 1111 835 1157 invicem;
866 1110 896 1147 si
917 1121 1007 1158 ergo
1038 1120 1177 1158 corpus
1208 1116 1307 1146 esset
1330 1108 1385 1145 in-

306 1165 471 1214 finitum,
492 1165 530 1202 in
559 1164 752 1202 infinitum
781 1163 903 1202 lineae
925 1163 1106 1201 distarent
1125 1163 1174 1200 ab
1203 1162 1385 1210 invicem,

307 1228 343 1256 et
372 1220 423 1256 sic
452 1231 529 1257 una
558 1231 760 1267 nunquam
788 1226 919 1268 posset
944 1217 1148 1267 pervenire
1177 1217 1225 1255 ad
1254 1217 1384 1254 locum

307 1273 472 1311 alterius.

361 1328 420 1364 De
459 1338 620 1375 corpore
657 1326 772 1362 etiam
811 1324 1084 1362 mathematico
1120 1324 1256 1361 eadem
1290 1323 1386 1361 ratio

308 1389 375 1418 est.
411 1381 513 1428 Quia
543 1380 573 1417 si
602 1379 859 1427 imaginemur
891 1391 1032 1428 corpus
1067 1377 1386 1415 mathematicum

308 1434 472 1472 existens
506 1442 613 1482 actu,
644 1441 796 1482 oportet
828 1432 934 1481 quod
968 1432 1225 1480 imaginemur
1258 1432 1386 1481 ipsum

308 1489 379 1526 sub
418 1488 544 1537 aliqua
574 1488 719 1525 forma:
760 1486 850 1536 quia
887 1486 978 1523 nihil
1017 1493 1072 1523 est
1101 1493 1188 1523 actu
1217 1485 1289 1523 nisi
1318 1497 1388 1534 per

308 1554 418 1580 suam
448 1542 625 1579 formam.
657 1541 781 1587 Unde,
803 1553 892 1577 cum
913 1540 1038 1577 forma
1063 1539 1205 1589 quanti,
1227 1539 1385 1589 inquan-

307 1605 389 1634 tum
415 1594 651 1642 huiusmodi,
677 1594 723 1631 sit
741 1595 877 1643 figura,
899 1593 1093 1643 oportebit
1111 1593 1219 1642 quod
1247 1593 1389 1631 habeat

309 1651 478 1698 aliquam
513 1650 690 1697 figuram.
730 1649 779 1686 Et
808 1648 861 1685 sic
891 1648 960 1685 erit
993 1647 1166 1685 finitum:
1187 1655 1255 1695 ‚est
1283 1647 1387 1694 enim

309 1705 443 1752 figura,
461 1715 561 1752 quae
581 1702 746 1740 termino
762 1702 825 1740 vel
844 1701 1017 1739 terminis
1033 1701 1386 1750 comprehenditur.

362 1760 422 1794 AD
444 1769 581 1794 PmMUM
602 1768 701 1793 ano
727 1768 913 1793 mcaNDUM
935 1755 1040 1804 quod
1059 1763 1260 1804 geometer
1274 1753 1287 1775 ⁰
1309 1767 1386 1792 non

309 1812 451 1860 indiget
466 1823 619 1848 sumere
635 1810 803 1860 aliquam
818 1809 959 1847 lineam
977 1821 1060 1846 esse
1075 1809 1265 1847 infinitam
1282 1817 1387 1846 actu:

362 1947 386 1980 0)
405 1951 550 1980 geometer.
567 1961 587 1968 -
604 1949 744 1980 geometra
762 1942 909 1978 ADEffl‘t),
933 1945 1084 1978 geometria
1104 1943 1195 2004 ΕΡ(Βὲ
1202 1945 1221 1977 ).
1239 1957 1259 1964 -
1278 1945 1328 1969 Pro
1346 1951 1390 1969 su-

309 1991 394 2013 mere,
420 1990 556 2008 assumere
580 1982 745 2012 BCDEFsA;
770 1988 875 2007 sumere
900 1981 1018 2014 aliquam
1038 1981 1155 2005 lineam.

309 2019 529 2087 omigitagi'pere.
543 2068 562 2073 -
576 2054 637 2079 Om.
657 2053 689 2084 C,
709 2060 846 2078 assumere
865 2053 894 2077 Β.
907 2066 925 2071 -
936 2052 1048 2086 finitam
1068 2054 1130 2077 actu
1150 2059 1204 2076 om.
1219 2051 1325 2076 codd.—
1340 2051 1390 2076 Pro

1016 278 1289 326 ,QUAESTIO
1318 279 1404 326 vu,

1436 278 1735 315 ARTICULUS
1767 279 1815 314 III

1441 358 1510 407 sed
1529 358 1672 407 indiget
1687 358 1883 407 accipere*
1904 357 2071 406 aliquam
2093 358 2232 394 lineam
2253 358 2400 395 finitam
2421 366 2520 407 actu,

1441 424 1463 448 a
1492 424 1569 459 qua
1597 411 1718 461 possit
1747 411 1917 448 subtrahi
1952 419 2140 460 quantum
2180 424 2338 448 necesse
2374 420 2450 450 est:
2485 420 2523 449 et

1441 466 1540 502 hanc
1570 465 1746 502 nominat
1773 465 1914 502 lineam
1943 465 2143 502 infinitam.
2498 484 2500 486 v

1494 521 1554 555 Αι)
1575 530 1973 556 5ΕευΝῡυΜ·ι)ιεΕΝι)υΜ
1989 519 2108 568 quod,
2125 519 2211 555 licet
2229 518 2423 556 infinitum
2441 532 2522 557 non

1441 572 1486 609 sit
1515 580 1648 609 contra
1667 572 1857 610 rationem
1877 572 2151 621 magnitudinis
2171 572 2210 610 in
2231 571 2444 621 communi,
2467 581 2523 610 est

1440 634 1571 663 tamen
1610 633 1744 664 contra
1772 626 1962 664 rationem
1992 626 2192 664 cuiuslibet
2220 626 2361 676 speciei
2391 625 2521 664 eius‘:

1441 679 1583 716 scilicet
1619 687 1752 717 contra
1791 679 1980 718 rationem
2018 680 2291 728 magnitudinis
2329 680 2521 718 bicubitae

1439 734 1502 769 vel
1530 733 1748 781 tricubitae,
1779 733 1860 771 sive
1890 733 2081 771 circularis
2108 735 2173 771 vel
2200 734 2454 783 triangularis,
2486 742 2523 772 et

1440 786 1634 823 similium.
1666 788 1758 824 Non
1788 795 1917 824 autem
1943 796 2000 825 est
2018 787 2228 844 possibile
2219 800 2258 825 1n
2277 800 2417 837 genere
2439 800 2521 826 esse

1440 839 1575 888 quod
1566 853 1606 879 ιιι
1626 841 1729 877 nulla
1750 840 1878 890 specie
1908 849 1974 878 est.
2004 841 2117 879 Unde
2146 853 2226 880 non
2255 849 2311 879 est
2338 842 2521 891 possibile

1441 906 1524 930 esse
1545 893 1715 942 aliquam
1742 893 2047 943 magnitudinem
2065 890 2268 944 infinitam',
2299 908 2389 933 cum
2417 896 2522 933 nulla

1440 946 1588 996 species
1618 947 1889 995 magnitudinis
1918 948 1966 986 sit
1991 948 2150 987 infinita.

1494 1003 1553 1037 Αι)
1573 1012 1735 1037 Tannum
1756 1013 1942 1038 nit-,annum
1963 1003 2068 1050 quod
2088 1002 2282 1040 infinitum
2303 1003 2410 1051 quod
2430 1014 2521 1040 con-

1439 1054 1546 1091 venit
1574 1054 1786 1104 quantitati,
1806 1062 1849 1092 ut
1868 1054 2013 1092 dictum
2038 1063 2094 1093 est
2108 1056 2140 1104 ²¹⁸,
2162 1069 2202 1094 se
2222 1064 2326 1094 tenet
2345 1068 2390 1093 ex
2413 1063 2522 1106 parte

1440 1108 1636 1145 materiae.
1669 1109 1744 1145 Per
1771 1107 2003 1146 divisionem
2033 1116 2164 1147 autem
2193 1109 2309 1148 totius
2329 1110 2525 1148 acceditur

1439 1162 1489 1199 ad
1518 1162 1739 1210 materiam,
1774 1174 1865 1200 narn
1898 1169 2027 1212 partes
2061 1175 2102 1200 se
2131 1163 2276 1202 habent
2306 1163 2346 1201 in
2374 1163 2522 1202 ratione

1440 1216 1622 1254 materiae
1643 1215 1683 1253 *ε
1713 1227 1783 1265 per
1812 1216 2050 1254 additionem
2088 1224 2218 1254 autem
2251 1217 2445 1255 acceditur
2472 1217 2556 1255 ad·

1439 1277 1586 1317 totum,
1617 1270 1724 1319 quod
1746 1268 1759 1291 ³
1789 1283 1829 1307 se
1859 1271 1976 1307 habet
2013 1271 2052 1307 in
2089 1270 2237 1308 ratione
2275 1271 2434 1308 formae.
2475 1271 2525 1308 Et

1439 1324 1528 1361 ideo
1558 1299 1638 1360 tion
1663 1323 1858 1361 invenitur
1885 1324 2108 1363 infinitum
2099 1337 2138 1362 ιιι
2159 1324 2357 1362 additione
2377 1323 2524 1373 magni-

1438 1377 1594 1425 tudinis,
1625 1377 1693 1414 sed
1722 1377 1761 1414 in
1790 1377 1979 1415 divisione
2008 1386 2172 1416 tantum.

1494 1433 1553 1468 An
1584 1443 1760 1473 Quantum
1791 1443 1977 1469 mer-:noum
2012 1432 2120 1481 quod
2149 1439 2279 1469 motus
2309 1440 2346 1469 et
2369 1440 2526 1482 tempus

1440 1498 1520 1523 non
1549 1493 1638 1522 sunt
1666 1485 1883 1522 secundum
1913 1493 2037 1522 totum
2067 1486 2106 1523 in
2135 1493 2238 1533 actu,
2276 1485 2345 1523 sed
2374 1497 2526 1523 succes-

1440 1539 1543 1577 sive:
1578 1539 1682 1577 unde
1718 1539 1862 1576 habent
1895 1539 2110 1589 potentiam
2145 1539 2376 1590 permixtam
2412 1539 2524 1578 actui.

1441 1593 1519 1631 Sed
1548 1592 1777 1642 magnitudo
1806 1600 1864 1630 est
1892 1600 1972 1630 tota
2000 1592 2039 1630 in
2069 1599 2167 1630 actu.
2203 1593 2252 1631 Et
2280 1593 2369 1631 ideo
2397 1593 2526 1632 infini-

1440 1655 1521 1684 tum
1567 1646 1675 1696 quod
1712 1647 1894 1684 convenit
1932 1647 2153 1697 quantitati,
2191 1655 2228 1684 et
2261 1659 2302 1684 se
2339 1654 2445 1697 tenet
2479 1659 2526 1685 ex

1441 1709 1547 1750 parte
1577 1700 1760 1738 materiae
1773 1730 1782 1748 ,
1813 1708 2001 1750 repugnat
2029 1701 2200 1738 totalitati
2229 1700 2525 1750 magnitudinis,

1441 1767 1521 1794 non
1559 1762 1692 1792 autem
1725 1754 1899 1792 totalitati
1937 1754 2124 1804 temporis
2152 1755 2216 1792 vel
2251 1763 2403 1792 motus:
2442 1766 2527 1793 esse

1441 1809 1545 1846 enim
1575 1808 1614 1845 in
1643 1807 1815 1858 potentia
1846 1808 2030 1846 convenit
2057 1807 2254 1846 materiae.

1445 1944 1515 1968 hanc
1533 1944 1655 1969 nominat
1673 1944 1772 1969 lineam
1792 1943 1939 1978 infinitam,
1958 1943 2008 1969 hoc
2027 1943 2151 1969 nominat
2169 1943 2268 1970 Iineam
2292 1942 2426 1977 infinitam
2448 1939 2525 1973 cedd.

1185 1998 1191 2004 .
1214 1980 1262 2005 sed
1286 1979 1390 2013 indiget
1445 1984 1470 2004 et
1490 1978 1608 2004 editioa.

1498 2015 1524 2047 κ)
1543 2015 1610 2040 eius.
1628 2028 1647 2034 —
1666 2014 1728 2040 Om.
1744 2014 1868 2040 ABCDE.

1497 2049 1526 2084 λ)
1547 2054 1632 2076 totum
1652 2051 1732 2084 quod.
1750 2065 1769 2070 -
1786 2054 1873 2076 totum
1892 2050 2039 2076 secundum
2058 2051 2132 2084 quod
2150 2050 2213 2076 1³0⁶.

997 2149 1335 2184 commentaria.
1357 2147 1611 2182 cardinalis
1633 2147 1838 2181 Caietam

340 2261 360 2281 n
377 2250 480 2286 titulo,
492 2251 596 2291 possit
613 2248 806 2299 simpliciter,
819 2248 998 2279 secundum
1014 2246 1192 2287 potentiam
1208 2246 1356 2297 logicam.
1369 2263 1389 2268 -

313 2263 377 2326 Itu
395 2304 529 2335 corpore
543 2294 619 2325 tria:
645 2293 750 2334 primo
772 2292 910 2343 assignat
926 2301 1055 2323 causam
1072 2291 1279 2332 quaestionis,
1300 2290 1390 2331 quod

310 2350 376 2371 non
402 2346 448 2370 est
470 2349 560 2375 vana,
582 2338 637 2369 sed
657 2337 846 2373 necessaria;
871 2336 1014 2367 secundo
1039 2336 1204 2376 distinguit
1223 2334 1375 2376 corpus*

310 2385 403 2416 tertio
428 2384 599 2424 respondet
621 2382 768 2424 quaesito
784 2381 821 2412 *.

364 2430 403 2461 ll.
415 2428 534 2467 Quoad
546 2428 698 2469 primum,
715 2426 882 2458 necessitas
894 2425 1029 2466 quaesiti
1045 2425 1224 2456 ostenditur
1239 2436 1276 2456 ex
1292 2431 1389 2456 extra-

311 2475 425 2506 neitate
456 2472 619 2504 infinitatis
650 2471 828 2503 secundum
858 2469 1132 2511 magnitudinem,
1166 2471 1205 2501 ab
1236 2469 1390 2504 infinitate

311 2519 478 2552 essentiae:
504 2517 580 2559 quia
603 2516 722 2548 scilicet
749 2515 836 2546 aliud
861 2521 907 2546 est
930 2525 997 2545 esse
1026 2513 1188 2545 infinitum
1212 2516 1390 2548 secundum

311 2564 488 2599 essentiam,
510 2569 540 2593 et
560 2561 647 2592 aliud
670 2560 848 2593 secundum
872 2559 1092 2610 quantitatem.
1117 2559 1158 2590 Et
1181 2560 1334 2599 probatur
1358 2562 1390 2593 in

312 2608 516 2640 naturalibus.
537 2624 557 2629 —
576 2606 639 2638 Ubi
672 2605 798 2636 adverte
827 2604 918 2646 quod
942 2604 1023 2635 inter
1046 2604 1121 2634 istas
1152 2603 1322 2637 infinitates
1345 2614 1392 2638 est

312 2654 430 2694 duplex
445 2651 629 2682 differentia.
653 2651 725 2682 Una
743 2650 970 2690 separationis,
988 2658 1052 2690 qua
1075 2657 1141 2679 una
1156 2658 1223 2679 non
1247 2656 1295 2681 est
1318 2652 1389 2683 alia.

312 2699 353 2730 Et
375 2698 453 2728 haee
477 2703 523 2727 est
547 2695 723 2731 manifesta,
749 2695 828 2725 dum
852 2694 884 2724 in
909 2694 979 2724 Deo
1004 2693 1158 2745 reperitur
1180 2693 1319 2726 infinitas
1343 2707 1391 2727 es-

313 2742 431 2774 sentiae
455 2741 574 2782 absque
597 2739 788 2781 quantitate:
814 2746 845 2770 et
867 2739 900 2769 in
925 2735 991 2769 istis
1022 2738 1155 2769 inveniri
1179 2737 1262 2770 forte
1285 2747 1392 2781 potest

313 2786 451 2818 infinitas
475 2784 668 2827 quantitatis,
687 2785 806 2825 absque
830 2782 983 2814 infinitate
1010 2782 1172 2820 essentiae,
1190 2790 1226 2814 ut
1249 2791 1335 2825 patet
1358 2785 1390 2816 in

314 2829 522 2863 conditionali
545 2829 649 2870 posita
672 2829 705 2858 in
728 2828 839 2859 littera.
866 2846 884 2850 —
909 2828 1015 2858 Altera
1039 2829 1291 2868 consecutionis,
1315 2829 1391 2872 quia

313 2885 379 2907 una
394 2885 461 2906 non
484 2873 578 2905 infert
597 2873 708 2904 aliam:
734 2872 809 2914 quia
825 2872 942 2903 scilicet
958 2881 1015 2903 nec
1031 2872 1191 2904 infinitum
1211 2875 1390 2906 secundum

314 2920 483 2951 essentiam
499 2918 593 2949 infert
611 2917 773 2948 infinitum
790 2917 989 2958 quantitatis;
1015 2926 1082 2954 nec,
1098 2918 1188 2958 quod
1208 2918 1309 2959 magis
1333 2919 1390 2951 du—

314 2965 404 2996 bitari
419 2969 554 3005 poterat,
570 2962 694 2994 infinita
712 2962 901 3002 magnitudo
926 2961 1019 2992 infert
1038 2961 1195 2994 infinitam
1211 2963 1390 3002 essentiam,

315 3017 350 3041 ut
373 3009 405 3040 in
429 3009 531 3040 littera
554 3006 745 3043 ostenditur,
770 3006 795 3037 si
819 3013 900 3037 esset
923 3005 1003 3046 ignis
1028 3005 1181 3038 infinitus.
1205 3007 1247 3039 Et
1270 3008 1310 3039 de
1333 3009 1392 3040 hac

315 3053 487 3085 differentia
510 3051 743 3093 interpretanda
763 3058 810 3082 est
833 3050 948 3082 littera:
973 3051 1130 3091 quoniam
1150 3058 1198 3083 est
1213 3052 1391 3084 admodum

316 3099 355 3129 ad
379 3097 593 3139 propositum.

368 3142 418 3173 111.
437 3141 530 3173 Circa
553 3141 634 3172 hanc
657 3147 790 3181 partem,
808 3139 912 3170 statim
934 3140 1069 3171 occurrit
1093 3140 1238 3178 dubium,
1255 3141 1392 3173 novitio-

316 3196 388 3218 rum
412 3194 555 3217 mentem
577 3186 724 3216 turbans:
751 3193 790 3215 eo
813 3184 912 3225 quod,
938 3191 974 3215 ut
998 3185 1112 3215 dicitur
1126 3185 1199 3216 Vlll
1215 3186 1344 3228 thsic.
1357 3183 1390 3222 *,

317 3232 348 3262 in
381 3231 599 3282 magnitudine
632 3228 755 3260 infinita
787 3235 916 3269 oportet
945 3239 1012 3259 esse
1042 3229 1192 3261 virtutem
1223 3229 1390 3262 infinitam.

317 3277 402 3317 Ergo
427 3275 595 3307 essentiam
618 3273 792 3305 infinitam.
817 3273 917 3304 virtus
941 3273 1027 3304 enim
1050 3284 1116 3305 non
1146 3274 1266 3307 excedit
1289 3284 1391 3306 essen-

318 3320 404 3351 tiam.
430 3321 546 3357 Quare,
564 3319 589 3350 si
605 3326 686 3350 esset
708 3317 804 3359 ignis
813 3316 966 3354 infinitus,
984 3326 1064 3349 esset
1087 3319 1210 3351 virtutis
1234 3318 1391 3355 infinitae;

319 3371 349 3395 et
373 3371 603 3405 consequenter
626 3362 778 3394 essentiae
802 3361 952 3393 infinitae.
977 3362 1109 3393 Falsum
1133 3370 1179 3395 est
1203 3373 1278 3406 ergo
1302 3364 1392 3405 quod

319 3409 350 3438 in
375 3408 476 3439 littera
499 3408 622 3444 dicitur,
639 3408 730 3449 quod
746 3407 771 3438 si
795 3413 876 3438 esset
892 3406 1080 3447 magnitudo
1105 3407 1235 3445 infinita,
1257 3417 1321 3439 non
1338 3408 1393 3439 ha-

320 3454 405 3483 beret
429 3452 597 3483 essentiam
620 3451 788 3483 infinitam.

374 3497 424 3527 Ad
448 3497 509 3527 hoc
533 3496 666 3527 breviter
690 3497 812 3532 dicitur,
831 3496 919 3537 quod
937 3496 1074 3527 obiectio
1091 3496 1214 3528 laborat
1237 3497 1269 3528 in
1285 3497 1392 3539 aequi-

320 3551 411 3572 voco.
439 3542 486 3582 Ly
511 3541 596 3571 enim
621 3540 746 3581 infinita
770 3541 907 3572 essentia
932 3547 1037 3581 potest
1060 3540 1191 3582 intelligi
1216 3541 1391 3583 dupliciter.

320 3585 438 3621 Primo,
457 3585 495 3615 de
511 3584 663 3616 infinitate
681 3586 819 3626 propria
845 3586 1001 3616 essentiae
1022 3585 1211 3625 inquantum
1234 3587 1391 3618 essentia:

320 3639 413 3680 quae,
430 3636 466 3660 ut
481 3638 517 3660 ex
537 3629 655 3660 dictis*
674 3635 767 3669 patet,
786 3629 864 3660 nihil
881 3629 966 3660 aliud
987 3635 1033 3660 est
1056 3639 1154 3670 quam
1171 3630 1392 3662 indetermina-

321 3674 376 3710 tio,
395 3674 473 3704 idest
497 3673 630 3704 carentia
655 3674 864 3704 terminorum
890 3673 1114 3710 essentialium,
1130 3674 1247 3706 scilicet
1270 3674 1391 3715 generis

1442 2252 1473 2277 et
1497 2245 1700 2276 differentiae.
1726 2245 1888 2282 Secundo,
1913 2244 1952 2275 de
1977 2243 2132 2276 infinitate
2155 2245 2370 2276 communiter
2383 2238 2525 2286 sumpta,

1442 2291 1508 2321 sive
1525 2289 1745 2331 quantitativa,
1762 2296 1820 2321 etc.
1846 2289 1881 2320 In
1898 2286 2079 2330 proposito,
2097 2287 2236 2320 obiectio
2252 2288 2399 2330 procedit
2421 2288 2461 2320 de
2478 2286 2527 2319 in-

1442 2334 1563 2366 finitate
1587 2334 1730 2366 secundo
1748 2334 1865 2365 modo:
1891 2333 1994 2365 littera
2017 2340 2127 2365 autem
2149 2333 2295 2375 loquitur
2313 2333 2353 2364 de
2371 2332 2527 2365 infinitate

1443 2380 1550 2421 primo
1575 2379 1688 2410 modo.
1714 2379 1755 2410 Et
1777 2379 1850 2410 ideo
1874 2378 2035 2419 signanter
2053 2378 2087 2409 in
2104 2378 2209 2410 littera
2231 2377 2346 2410 dicitur
2364 2376 2526 2420 infinitum

1442 2424 1620 2456 secundum
1646 2424 1830 2462 essentiam,
1848 2430 1879 2454 et
1894 2433 1961 2454 non
1985 2422 2101 2454 dicitur
2123 2423 2251 2465 infinita
2275 2423 2432 2455 essentia:
2455 2432 2524 2461 ιιιος·

1443 2470 1506 2500 lius
1530 2469 1618 2500 enim
1642 2467 1816 2510 explicatur
1846 2467 1985 2499 infinitas
2013 2467 2188 2499 essentialis
2211 2477 2268 2508 per
2291 2467 2324 2509 ly
2347 2451 2525 2500 secundnm

1445 2515 1630 2552 essentiam,
1656 2519 1692 2544 ut
1715 2519 1811 2554 patet.

1500 2559 1552 2590 IV.
1570 2557 1689 2596 Quoad
1705 2557 1883 2588 secundum
1896 2554 1921 2593 ⁸⁸,
1940 2556 2101 2588 distinctio
2119 2563 2166 2588 est
2181 2557 2250 2588 ista.
2275 2555 2406 2598 Corpus
2420 2556 2528 2598 potest
2553 2566 2562 2575 ·

1445 2603 1529 2635 sumi
1554 2602 1738 2644 dupliciter:
1759 2602 1908 2643 physice,
1929 2611 1988 2653 pro
2009 2601 2152 2633 subiecto
2177 2601 2276 2633 trinae
2299 2600 2526 2638 dimensionis}

1444 2655 1476 2680 et
1490 2648 1725 2685 mathematice,
1746 2656 1806 2688 pro
1822 2646 1891 2687 ipsa
1908 2646 1990 2677 trina
2009 2645 2210 2678 dimensione
2225 2645 2382 2678 absolute.
2407 2645 2527 2699 Littera

1445 2701 1492 2724 est
1515 2692 1590 2724 satis
1613 2692 1706 2723 clara.

1499 2738 1636 2769 Adverte
1660 2736 1711 2768 hic
1735 2736 1825 2777 quod
1850 2735 1974 2766 famosa
1996 2735 2050 2766 illa
2069 2734 2229 2767 distinctio
2253 2734 2398 2776 corporis
2421 2728 2527 2778 posita

1445 2793 1463 2813 a
1486 2782 1605 2823 Magno
1629 2781 1762 2812 Alberto
1783 2779 1815 2810 in
1834 2780 1845 2811 1
1862 2780 1991 2822 Physic.
2002 2779 2028 2816 *‚
2047 2780 2086 2811 de
2110 2789 2244 2821 corpore
2262 2779 2388 2822 triplici,
2408 2773 2528 2811 scilieet

1446 2825 1682 2862 mathematico,
1698 2824 1832 2867 physico
1852 2832 1883 2856 et
1898 2803 2130 2866 metapliysico,
2149 2823 2299 2866 quamvis
2322 2832 2389 2855 non
2412 2821 2526 2855 θιθυι·
2570 2852 2572 2855 .

1445 2878 1497 2904 tur
1520 2870 1664 2913 explicite
1680 2879 1698 2901 a
1717 2880 1742 2901 s.
1751 2868 1892 2906 Thomu,
1909 2869 2072 2901 doctrinae
2095 2875 2203 2901 tamen
2226 2877 2302 2900 suae
2325 2877 2392 2900 non
2415 2867 2526 2899 solum

1445 2927 1512 2948 non
1536 2916 1728 2951 adversatur,
1748 2914 1804 2946 sed
1825 2914 1983 2955 congruit.
2006 2913 2174 2952 Quoniam
2189 2912 2299 2955 apud'
2290 2921 2400 2954 ipsum
2416 2911 2524 2950 etiam,

1446 2960 1666 3002 compositum
1688 2969 1726 2991 ex
1750 2958 1880 2990 materia
1903 2966 1934 2990 et
1950 2958 2054 2990 forma
2077 2956 2286 2994 substantiali,
2303 2963 2339 2988 ut
2362 2955 2527 2998 praevenit

1445 3005 1658 3047 aptitudinem
1686 3003 1736 3036 sui
1760 3003 1861 3045 ipsius
1885 3004 1924 3034 ad
1948 3002 2159 3045 quantitatem
2182 3008 2214 3034 et
2237 3007 2382 3039 motum,
2408 3011 2526 3053 corpus

1446 3057 1492 3082 est
1507 3051 1548 3081 ad
1564 3057 1648 3081 meta
1673 3048 1772 3100 nysici
1797 3048 2085 3079 considerationem
2101 3053 2256 3089 spectans.
2282 3045 2344 3078 Sed
2368 3045 2526 3088 quoniam

1446 3101 1590 3136 respectu
1606 3094 1639 3124 in
1665 3092 1770 3125 nitatis
1786 3092 1965 3124 secundum
1989 3090 2253 3134 magnitudinem,
2279 3098 2396 3132 corpus
2416 3089 2527 3143 phyu-

1447 3148 1522 3171 cum
1546 3146 1578 3170 et
1601 3137 1858 3189 metaphysicum
1883 3146 1949 3168 non
1970 3142 2098 3178 ponunt
2111 3135 2145 3167 in
2161 3143 2351 3172 numerum;
2375 3135 2459 3167 ideo
2472 3134 2526 3167 Hi:

1446 3185 1642 3215 substratum
1664 3182 1764 3214 trinae
1788 3181 1992 3219 dimensioni,
2013 3180 2232 3222 compositum
2254 3179 2373 3212 scilicet
2395 3189 2434 3212 ex
2455 3189 2527 3212 mi-

1447 3228 1523 3260 teria
1553 3235 1584 3259 et
1607 3227 1729 3264 forma,
1760 3226 1894 3258 unicum
1917 3233 2043 3259 tantum
2075 3225 2259 3256 membrum
2290 3223 2471 3262 constitum
2495 3230 2526 3256 et

1449 3282 1565 3314 corpus
1589 3271 1760 3314 physicum
1783 3271 1977 3313 appellatur,
2001 3269 2079 3313 quia
2101 3270 2280 3301 secundum
2304 3269 2443 3301 formam
2466 3278 2523 3300 na-

1448 3317 1584 3348 turalem
1609 3316 1748 3358 speciem
1771 3315 1911 3353 sortitur,
1936 3321 1973 3346 ut
1994 3320 2082 3356 patet
2103 3313 2275 3345 inductive.

1502 3361 1540 3392 V.
1567 3361 1685 3399 Quoad
1713 3360 1842 3392 tertium
1856 3359 1890 3397 ¹⁸¹,
1914 3359 2125 3400 respondetur
2153 3359 2316 3400 quaesito,
2340 3357 2427 3389 iuxta
2457 3357 2524 3388 duo

1448 3405 1660 3437 distinctionis
1679 3405 1802 3446 positae
1826 3404 1978 3439 membra,
1996 3403 2121 3434 duabus
2145 3402 2404 3435 conclusionibus
2417 3401 2445 3438 ¹⁸²,
2469 3410 2523 3432 ne-

1447 3451 1559 3490 gative.
1584 3450 1689 3480 Prima
1713 3456 1775 3480 est:
1800 3449 1936 3480 Nullum
1955 3456 2072 3488 corpus
2092 3447 2233 3479 naturale
2256 3453 2362 3488 potest
2385 3456 2453 3478 esse
2475 3445 2522 3477 in-

1448 3494 1576 3526 finitum
1600 3494 1778 3525 secundum
1801 3492 2064 3533 magnitudinem.

1502 3539 1658 3570 Probatur
1682 3537 1849 3578 dupliciter
1863 3537 1889 3568 *.
1914 3536 2023 3567 Primo
2040 3547 2059 3567 a
2070 3537 2188 3578 priori.
2206 3536 2360 3567 Formam
2377 3534 2522 3566 substan-

1448 3583 1555 3614 tialem
1584 3588 1762 3632 sequuntur
1789 3580 1978 3612 accidentia:
2009 3591 2083 3622 ergo
2113 3580 2355 3613 determinatam
2384 3577 2523 3610 formam

1448 3627 1655 3659 determinata
1684 3625 1871 3657 accidentia:
1902 3635 1977 3666 ergo
2007 3625 2214 3656 determinata
2240 3623 2399 3666 quantitas
2429 3629 2460 3655 et
2489 3622 2522 3654 in

1448 3672 1552 3702 maius
1577 3678 1606 3702 et
1629 3671 1661 3701 in
1678 3670 1794 3701 minus
1821 3670 1905 3710 Ergo
1931 3679 2027 3701 omne
2047 3679 2164 3710 corpus
2186 3668 2327 3700 naturale
2350 3667 2446 3698 habet
2470 3668 2521 3698 de—

2547 1071 2556 1080 ·
2572 1069 2625 1092 An.
2640 1075 2658 1096 1,
2672 1068 2702 1091 ad
2715 1074 2739 1091 a.

2547 1230 2603 1252 ¹1).
2618 1235 2666 1260 7³⁸2
2682 1228 2730 1257 85²·

2578 2563 2616 2587 Cf.
2629 2569 2696 2587 nun.
2710 2569 2728 2586 1.

2552 2785 2766 2824 'Mucapor-

2550 3412 2613 3436 ·ct.
2628 3418 2693 3436 ιιιιιι.
2708 3419 2726 3448 !·

2551 3456 2613 3480 ‘ct
2628 3461 2746 3480 amm

2551 3531 2612 3568 ‘Ch
2627 3549 2695 3568 ΙΙΙΙΙΕ.
2703 3549 2744 3567 RV-
