2768 4178
984 240 1251 287 QUAESTIO
1281 241 1388 289 XIII,
1418 241 1715 279 ARTICULUS
1745 243 1814 278 XII

2424 241 2494 278 165

303 319 558 369 apprehendit
571 332 636 358 eas
651 320 865 358 secundum
880 319 1043 357 modum
1055 320 1370 369 compositorum,
1397 317 1401 370 Ι
1427 332 1507 356 non
1537 319 1624 357 dicit
1653 332 1742 357 eum
1772 333 1853 357 esse
1884 322 2152 370 compositum,
2175 321 2243 359 sed
2267 320 2493 369 simplicem.

303 373 344 410 in
372 373 511 423 quibus
541 381 597 410 est
624 373 766 422 aliquid
785 374 891 422 quod
915 372 1122 420 subiicitur,
1153 381 1189 410 et
1209 381 1264 410 est
1282 380 1290 394 ‘
1310 373 1373 410 ali-

305 426 397 475 quid
412 426 519 476 quod
537 427 645 464 inest.
662 428 711 464 Et
725 426 812 464 ideo
829 426 1081 476 apprehendit
1100 426 1265 464 formam
1285 426 1373 464 sim-

304 479 445 528 plicem
465 479 504 517 in
523 480 670 518 ratione
690 479 861 527 subiecti,
884 486 920 516 et
939 479 1105 516 attribuit
1124 479 1159 517 ei
1178 479 1332 528 aliquid.

358 535 418 570 An
437 545 598 571 ’ri-:imum
617 545 803 571 moi-:unum
822 532 928 581 quod
951 533 1048 570 haec
1071 533 1295 583 propositio,
1320 533 1375 570 in-

305 586 468 623 tellectus
487 586 697 636 intelligens
716 598 796 623 rem
816 586 926 623 aliter
944 598 1060 635 quam
1074 587 1131 633 sit,
1148 592 1203 623 est
1208 586 1338 635 falsus
1347 592 1372 634 ³⁸,

306 640 533 688 est-duplex3
551 651 596 676 ex
611 651 657 675 eo
674 639 779 688 quod
793 639 869 676 hoc
884 639 1113 676 adverbium
1128 639 1237 677 aliter
1250 647 1376 689 potest

306 692 560 730 determinare
586 692 662 729 hoc
680 693 847 729 verbum
875 692 1047 743 intelligit
1074 705 1121 729 ex
1142 701 1250 742 parte
1269 693 1375 730 intel-

304 745 401 793 lecti,
417 745 481 782 vel
497 757 541 782 ex
555 752 663 794 parte
678 745 930 794 intelligentis.
949 746 988 783 Si
1004 758 1049 783 ex
1063 754 1171 795 parte
1185 746 1374 795 intellecti,

306 798 360 835 sic
386 798 597 847 propositio
617 811 711 836 vera
731 806 802 847 est,
834 806 870 836 et
889 807 945 837 est
973 811 1123 837 sensus:
1144 799 1375 850 quicumque

305 851 516 888 intellectus
534 851 704 901 intelligit
723 865 806 890 rem
827 865 910 890 esse
930 853 1036 890 aliter
1055 866 1172 902 quam
1188 853 1245 900 sit,
1261 853 1376 891 falsus

307 911 373 942 est.
396 904 475 942 Sed
493 905 569 942 hoc
584 903 597 926 ²
612 917 692 942 non
711 906 827 943 habet
846 906 975 943 locum
996 906 1034 943 in
1053 906 1268 956 proposito:
1289 906 1378 956 quia

306 958 518 996 intellectus
538 966 679 1008 noster,
700 960 871 997 formans
890 960 1195 1010 propositionem
1217 960 1265 998 de
1279 961 1378 1008 Deo,

362 1091 380 1125 ι)
399 1095 447 1117 ese.
465 1105 484 1111 —
502 1091 565 1117 Om.
584 1092 689 1117 codices
708 1096 734 1116 et
753 1092 793 1117 ed.
807 1099 834 1117 a.

361 1127 388 1159 κ)
406 1130 447 1152 est
458 1127 556 1161 salsus.
574 1141 594 1147 -
612 1127 674 1152 Om.
694 1127 827 1152 PACDEF
847 1132 873 1152 et
891 1127 950 1152 edd.
969 1134 986 1152 a
998 1127 1022 1153 b.

360 1161 389 1196 λ)
408 1162 464 1188 Sed
482 1163 540 1189 hoc.
557 1176 576 1183 -
596 1162 632 1187 Β
649 1163 699 1188 hoc
717 1163 796 1188 modo
814 1163 844 1193 B,
864 1162 920 1188 Sed
937 1163 987 1188 hoc
1005 1162 1084 1188 modo
1103 1162 1136 1187 D.

1429 373 1469 410 Si
1495 385 1590 410 vero
1611 385 1656 410 ex
1674 381 1781 422 parte
1801 373 2035 422 intelligentis
2049 381 2079 422 μ,
2101 375 2155 412 sic
2173 373 2383 424 propositio
2404 374 2495 410 falsa

1428 433 1494 464 est.
1525 426 1632 464 Alius
1660 434 1717 464 est
1744 426 1847 464 enim
1884 427 2024 464 modus
2061 428 2269 465 intellectus
2297 427 2335 464 in
2363 426 2496 464 intelli-

1428 479 1566 527 gendo,
1583 491 1700 528 quarn
1720 479 1774 517 rei
1793 479 1832 517 in
1852 481 2026 518 essendo.
2053 481 2297 518 Manifestum
2318 487 2374 517 est
2392 479 2494 517 enim

1429 533 1535 582 quod
1567 533 1776 570 intellectus
1814 541 1943 570 noster
1980 546 2039 570 res
2072 534 2284 571 materiales
2321 533 2417 570 infra
2454 545 2496 570 se

1430 586 1630 624 existentes
1659 586 1826 634 intelligit
1853 586 2163 633 immaterialiter;
2198 599 2278 624 non
2306 586 2412 635 quod
2440 586 2496 623 in-

1428 639 1566 687 telligat
1595 652 1658 677 eas
1687 652 1771 677 esse
1799 639 2080 688 immateriales,
2110 640 2178 677 sed
2201 641 2316 677 habet
2333 639 2496 676 modum

1430 692 1721 730 immaterialem
1756 692 1796 730 in
1822 692 2076 740 intelligendo.
2113 693 2161 729 Et
2190 693 2374 739 similiter,
2405 704 2495 729 curn

1430 746 1599 794 intelligit
1632 745 1818 795 simplicia
1850 758 1950 796 quae
1979 753 2066 783 sunt
2093 758 2208 795 supra
2237 759 2298 793 se,
2328 745 2497 793 intelligit

1432 812 1477 836 ea
1505 799 1721 837 secundum
1740 798 1903 837 modum
1922 811 2048 847 suum,
2069 798 2209 836 scilicet
2227 805 2239 819 '
2267 798 2494 847 composite:

1431 865 1510 890 non
1538 860 1668 890 tamen
1695 852 1746 890 ita
1774 851 1880 902 quod
1902 852 2083 901 intelligat
2102 865 2148 890 ea
2168 864 2250 889 esse
2271 851 2494 900 composita.

1432 906 1482 943 Et
1500 906 1553 943 sic
1571 905 1781 943 intellectus
1810 903 1968 943 noster*
1987 918 2066 943 non
2092 912 2148 943 est
2174 905 2300 953 falsus,
2326 905 2496 942 formans

1433 958 1754 1009 compositionem
1784 959 1831 996 de
1859 959 1957 996 Deo.

1487 1092 1515 1125 μ)
1536 1091 1717 1124 intelligentis.
1734 1105 1754 1110 —
1771 1091 1918 1116 intellectus
1937 1090 2038 1116 ACDE.

1486 1126 1511 1158 ν)
1530 1127 1637 1152 scilicet.
1655 1141 1675 1146 -
1694 1127 1755 1152 Om.
1775 1127 1876 1151 codices
1896 1131 1922 1151 et
1939 1126 1990 1151 ab.
2002 1140 2021 1146 -
2040 1126 2079 1151 ita
2097 1134 2150 1151 om.
2170 1126 2280 1151 codices.

1488 1160 1512 1194 ξ)
1532 1165 1631 1187 noster.
1649 1176 1668 1181 -
1685 1162 1748 1187 Om.
1767 1162 1869 1187 codices
1888 1166 1914 1186 et
1931 1162 1982 1187 ab.

987 1251 1323 1283 Commenta-fia
1345 1249 1598 1283 Cardinalis
1619 1250 1822 1283 Caietam

369 1351 478 1372 nunus
497 1340 610 1371 clarus.
626 1358 647 1362 -
662 1340 698 1370 ln
715 1349 849 1380 corpore
864 1338 959 1370 unica
979 1345 1026 1370 est
1047 1338 1222 1375 conclusio,
1245 1348 1378 1379 respon-

310 1353 436 1416 Tsiva
451 1384 596 1426 quaesito
613 1383 814 1415 affirmative:
830 1382 1069 1424 Propositiones
1088 1382 1292 1413 affirmativae
1307 1392 1380 1413 vere

308 1436 444 1471 possunt
475 1429 514 1459 de
545 1429 615 1459 Deo
646 1427 787 1459 formari.
813 1445 833 1450 —
860 1427 1026 1458 Probatur.
1055 1427 1172 1459 Omnis
1199 1426 1379 1468 propositio

308 1473 495 1505 affirmativa
523 1471 677 1514 significat
709 1471 906 1503 identitatem
935 1472 1076 1513 aliqum
1106 1472 1285 1503 secundum
1312 1481 1381 1502 rem

308 1517 479 1559 praedicati
502 1523 534 1548 et
555 1516 704 1553 subiecti,
737 1526 812 1547 cum
841 1516 1042 1548 distinctione
1066 1516 1244 1547 eorundem
1269 1525 1379 1547 secun-

308 1562 388 1593 dum
402 1561 575 1593 rationem:
597 1561 652 1592 sed
672 1561 706 1591 in
721 1561 791 1592 Deo
807 1560 1013 1592 inveniuntur
1031 1560 1108 1591 haec
1124 1561 1205 1591 duo:
1230 1570 1316 1601 ergo.

361 1605 465 1638 Maior
482 1606 636 1647 probatur
659 1605 837 1646 dupliciter.
861 1605 980 1642 Primo,
1004 1604 1166 1636 inductive
1181 1605 1214 1635 in
1234 1604 1379 1646 proposi-

306 1650 449 1682 tionibus
477 1649 723 1683 accidentalibus
748 1656 779 1681 et
801 1649 1019 1680 essentialibus
1043 1648 1237 1690 duplicibus,
1262 1649 1380 1680 scilicet

307 1701 340 1726 et
357 1694 391 1726 in
407 1694 524 1736 quibus
539 1694 757 1735 praedicatum
773 1700 804 1725 et
820 1693 999 1725 subiectum
1014 1693 1132 1725 habent
1153 1693 1331 1724 secundum
1347 1704 1380 1724 se

307 1739 446 1771 rationes
461 1739 608 1775 diversas,
622 1745 653 1770 et
662 1738 695 1769 in
705 1739 823 1780 quibus
839 1748 916 1769 non.
934 1738 1093 1775 Secundo,
1111 1738 1243 1769 ratione.
1257 1738 1379 1779 Propo-

307 1783 380 1815 sitio
405 1783 591 1815 affirmativa
608 1783 703 1814 habet
719 1783 879 1824 copulam,
902 1783 1119 1824 praedicatum
1139 1789 1170 1814 et
1185 1782 1378 1814 subiectum:

307 1838 384 1869 ergo
401 1828 555 1869 importat
576 1827 774 1859 identitatem
789 1827 911 1859 ratione
927 1827 1072 1868 copulae,
1098 1834 1128 1858 et
1144 1827 1381 1858 distinctionem

307 1872 430 1904 ratione
446 1872 634 1914 pluralitatis
650 1872 1018 1904 extremorum.—Minor
1029 1881 1104 1902 vero
1117 1872 1280 1912 probatur.
1293 1871 1380 1902 Deus

1434 1348 1500 1368 non
1526 1338 1728 1378 cognoscitur
1744 1348 1762 1368 a
1777 1338 1870 1369 nobis
1892 1344 1929 1369 ut
1953 1344 1998 1369 est
2021 1337 2054 1368 in
2078 1348 2135 1368 sua
2158 1338 2346 1369 omnimoda
2365 1338 2495 1376 unitate,

1434 1382 1490 1412 sed
1506 1383 1564 1413 sub
1583 1382 1712 1413 diversis
1728 1381 1902 1413 rationibus
1918 1392 2002 1413 unus
2019 1389 2050 1413 et
2065 1381 2213 1422 simplex:
2235 1392 2319 1422 ergo.

1479 1427 1516 1457 ΙΙ.
1534 1427 1680 1463 Adverte‚
1697 1426 1876 1463 Themista,
1894 1427 1983 1467 quod
1998 1426 2071 1457 hinc
2086 1426 2183 1457 habes
2198 1427 2287 1467 quod
2301 1427 2397 1463 Deus,
2413 1427 2500 1467 apud

1434 1481 1458 1502 s.
1474 1471 1648 1507 Thomam,
1671 1477 1718 1502 est
1738 1471 1834 1502 unius
1859 1478 1985 1502 tantum
2006 1470 2135 1501 rationis
2161 1470 2317 1507 formalis,
2344 1471 2497 1508 elevatae,

1435 1515 1731 1556 comprehendentis
1755 1515 1874 1551 omnia,
1895 1522 1953 1547 etc.
1978 1516 2050 1546 Hoc
2069 1515 2155 1546 enim
2169 1515 2312 1552 intendit,
2335 1525 2409 1546 cum
2425 1515 2500 1547 dicit

1434 1559 1485 1591 hic
1500 1560 1590 1600 quod
1604 1567 1651 1591 est
1666 1561 1795 1591 omnino
1819 1569 1903 1591 unus
1922 1565 1951 1590 et
1974 1560 2126 1600 simplex:
2149 1559 2291 1601 alioquin
2308 1560 2500 1591 adversativa

1434 1604 1603 1635 subiuncta
1633 1614 1708 1636 cum
1741 1604 1808 1635 eius
1839 1614 1934 1635 causa
1956 1614 2023 1634 non
2051 1611 2255 1641 consonaret,
2285 1604 2415 1640 scilicet,
2444 1604 2501 1635 sed

1435 1654 1542 1687 tament
1566 1648 1746 1680 intellectus
1772 1654 1880 1679 noster
1906 1648 2080 1679 secundum
2109 1648 2254 1679 diversas
2282 1649 2501 1689 conceptiones

1435 1694 1539 1734 ipsum
1564 1693 1741 1734 cognoscit,
1766 1694 1841 1733 quia
1865 1703 1927 1724 non
1945 1698 2052 1733 potest
2074 1693 2177 1733 ipsum
2202 1698 2237 1723 ut
2260 1693 2292 1723 in
2316 1702 2351 1723 se
2373 1698 2431 1730 est,
2455 1693 2500 1724 vi-

1435 1738 1520 1769 dere.
1546 1737 1579 1768 Si
1599 1747 1674 1778 ergo
1697 1743 1803 1778 posset
1826 1737 1935 1777 ipsum
1953 1744 1989 1768 ut
2008 1743 2062 1773 est,
2078 1737 2193 1773 videre,
2211 1747 2278 1767 non
2297 1736 2502 1777 distingueret

1435 1782 1583 1813 deitatem
1602 1792 1620 1812 a
1635 1781 1797 1822 sapientia,
1821 1791 1879 1813 nec
1903 1781 2090 1822 sapientiam
2111 1791 2130 1812 a
2148 1781 2298 1817 bonitate,
2323 1781 2501 1812 secundum

1434 1826 1600 1863 rationem,
1622 1833 1658 1857 ut
1679 1826 1780 1856 modo
1804 1826 1886 1862 facit,
1912 1826 2047 1856 dicendo
2070 1826 2161 1856 Deus
2184 1831 2231 1856 est
2252 1826 2381 1866 sapiens
2402 1832 2432 1856 et
2447 1826 2500 1856 bo-

1437 1880 1509 1909 nus,
1526 1867 1585 1902 etc.
1610 1870 1710 1901 Unica
1727 1880 1802 1911 ergo
1819 1877 1865 1901 est
1880 1870 1913 1900 in
1929 1871 1998 1901 Deo
2013 1869 2154 1900 formalis
2171 1869 2250 1901 ratio
2267 1876 2401 1901 tantum.
