2768 4178
54 391 65 403 “
80 390 118 413 cf.
131 396 196 412 num.
211 396 234 412 x.

56 912 66 923 ·
79 911 132 934 Art.
140 917 156 935 r.

63 3243 76 3254 ‘
90 3242 140 3271 Qu.
148 3249 187 3271 xn,
202 3247 248 3266 nrt.
256 3249 278 3265 2.

991 223 1258 269 QUAESTIO
1288 224 1388 271 XIV,
1418 225 1714 262 ARTICULUS
1743 227 1793 263 VI

347 298 494 329 Secundo
517 300 696 330 notandum
720 307 784 337 est,
809 300 898 341 quod
922 310 991 331 esse
1014 302 1177 342 cognitum
1203 312 1258 332 seu
1283 302 1363 332 obie-

294 343 411 373 ctivum
437 349 506 379 etc„
531 353 598 374 non
621 344 823 375 uniformiter
845 345 884 374 ab
902 345 1053 375 omnibus
1070 345 1254 376 doctoribus
1270 346 1364 376 inter-

294 392 443 426 pretatur.
469 387 583 418 Scotus
608 388 703 425 enim,
723 388 842 419 ibidem
856 387 875 406 ⁴*
899 388 976 419 etin
993 389 1137 429 sequenti
1154 390 1363 427 distinctione,

294 437 385 471 putat
408 431 498 471 quod
527 441 594 462 esse
624 432 809 473 cognitum,
841 440 1129 472 repraesentatum,
1154 441 1185 465 et
1208 434 1365 475 quidquid

295 474 382 505 aliud
405 475 590 516 aequivalet,
616 483 663 507 est
685 486 752 507 esse
775 476 941 517 quoddam
965 476 1148 508 distinctum
1170 485 1278 509 contra
1298 489 1364 509 esse

294 519 328 549 in
352 529 458 550 rerum
477 526 598 551 natura.
622 521 698 551 Non
713 527 818 551 tamen
837 526 892 556 est,
909 521 996 560 apud
1012 531 1097 558 eum,
1114 532 1181 553 esse
1197 523 1363 559 essentiae;

296 563 351 594 sed
373 563 482 603 potius
506 573 574 595 esse
596 564 771 595 secundum
802 564 879 605 quid
902 571 933 595 et
956 565 1108 596 essentiae
1132 573 1163 597 et
1185 567 1364 598 existentiae

295 617 412 638 rerum.
437 608 503 638 Nec
526 614 617 648 putat
639 608 700 638 tale
723 618 791 639 esse
814 618 881 639 esse
900 608 1076 645 relativum,
1094 611 1149 640 sed
1163 611 1363 642 absolutum:

296 651 473 682 secundum
502 651 579 692 quid
610 658 733 688 tamen,
763 658 794 683 et
821 652 957 683 fundans
988 653 1190 691 relationem,
1223 662 1258 686 ut
1280 662 1366 695 patet

295 695 424 726 ibidem.
449 695 490 726 Et
505 695 614 737 quoad
636 695 699 726 hoc
722 706 789 726 non
813 696 934 727 differre
954 697 1029 728 dicit
1044 705 1187 739 respectu
1204 699 1300 730 huius
1316 700 1364 730 in-

295 739 454 775 tellectus,
479 746 557 780 puta
579 740 730 776 humani,
755 747 810 771 aut
832 740 932 777 illius,
958 748 1035 782 puta
1059 742 1166 774 divini.
1191 743 1232 774 Et
1255 744 1287 774 in
1311 744 1365 775 tali

296 793 363 813 esse
386 782 478 823 ponit
501 783 610 814 omnia
633 784 694 814 alia
709 794 727 814 a
742 784 811 815 Deo
831 786 965 825 produci
980 796 1037 826 per
1059 794 1166 818 actum
1189 788 1365 819 intellectus

296 826 407 858 divini:
425 834 456 858 et
470 827 515 858 sic
530 827 662 868 intelligi
678 828 732 859 illa
746 829 779 859 in
795 829 915 870 seipsis,
933 837 963 861 et
978 840 1045 860 non
1062 832 1170 862 solum
1183 832 1216 862 in
1233 833 1366 864 essentia

297 870 402 902 divina
426 878 461 903 ut
482 871 516 902 in
540 882 643 903 causa.

351 915 420 947 XII.
445 915 476 947 S.
494 916 638 947 Thomas
662 924 784 954 autem,
810 918 842 949 in
866 919 930 956 Qu.
947 919 987 950 de
1015 920 1167 958 Veritate‚
1194 930 1248 961 qu.
1265 921 1364 958 xx1*,

297 959 406 990 d'ocuit
429 959 655 991 chimaericum
677 961 740 992 hoc
764 972 840 994 esse.
866 963 1031 1001 Quoniam
1055 974 1110 994 ens
1133 964 1278 1001 rationis,
1304 965 1365 995 dis-

295 1004 432 1035 tinctum
448 1011 558 1036 contra
574 1015 629 1036 ens
646 1006 737 1043 reale,
755 1006 945 1038 sufficienter
969 1008 1111 1038 evacuari
1135 1008 1212 1040 dixit
1235 1019 1290 1049 per
1313 1019 1365 1040 ne-

295 1048 458 1089 gationem
481 1056 512 1080 et
527 1049 724 1081 relationem.
750 1050 884 1082 Constat
907 1051 993 1082 enim
1016 1053 1106 1092 quod
1128 1053 1189 1083 tale
1213 1063 1279 1084 esse
1300 1064 1367 1084 non

297 1099 344 1124 est
361 1093 461 1124 reale:
486 1093 582 1134 igitur
604 1094 752 1125 rationis:
778 1095 874 1136 igitur
897 1096 1090 1136 negativum,
1110 1104 1165 1128 aut
1187 1097 1366 1128 relativum.

350 1137 392 1168 Et
414 1147 486 1168 vere
509 1138 629 1169 mirum
652 1145 698 1170 est
721 1140 889 1180 quomodo
913 1140 947 1171 in
969 1140 1113 1171 medium
1135 1141 1246 1172 lumen
1269 1141 1367 1172 offen-

298 1181 412 1212 derunt
434 1181 495 1213 isti.
528 1181 663 1214 Constat
690 1183 776 1214 enim
798 1185 922 1224 primo,
947 1195 984 1215 ex
1007 1184 1234 1224 significatione
1264 1185 1367 1216 nomi-

297 1235 387 1262 num,
413 1226 505 1277 quod
525 1227 676 1267 cognosci
700 1234 746 1259 est
770 1228 987 1259 denominatio
1012 1228 1199 1265 extrinseca;
1225 1236 1255 1260 et
1278 1230 1367 1270 quod

297 1269 484 1301 res‘dIcitur
506 1270 573 1301 visa
595 1278 651 1303 aut
674 1272 816 1312 cognita,
842 1272 1102 1303 denominatione
1126 1273 1297 1304 extrinseca
1305 1282 1312 1310 ;
1338 1280 1368 1305 et

298 1321 538 1356 consequenter,
554 1325 622 1346 non
644 1325 701 1356 per
715 1315 848 1356 aliquod
864 1326 931 1347 esse
954 1316 1119 1357 cognitum
1138 1317 1228 1357 quod
1251 1317 1368 1348 forma-

297 1359 368 1399 liter
390 1359 512 1390 habeat.
529 1376 550 1382 —
566 1359 700 1391 Constat
723 1360 875 1396 secundo,
900 1361 989 1402 quod
1012 1371 1079 1391 esse
1099 1368 1369 1401 repraesentatum

298 1413 365 1434 non
389 1410 436 1434 est
459 1402 579 1444 aliquid
606 1403 640 1434 in
662 1411 915 1444 repraesentato,
949 1405 1003 1436 sed
1027 1405 1096 1435 sola
1119 1405 1292 1437 extrinseca
1316 1407 1368 1437 de—

298 1446 495 1478 nominatio:
521 1447 664 1488 alioquin
687 1447 795 1489 imago
815 1448 948 1480 alicuius
965 1449 1141 1480 chimaerae
1161 1449 1288 1481 haberet
1302 1451 1369 1481 vim

297 1490 519 1532 productivam
535 1491 710 1523 chimaerae
726 1492 758 1523 in
775 1492 828 1523 tali
845 1503 921 1530 esse,
937 1494 1027 1535 quod
1043 1501 1089 1525 est
1105 1493 1240 1525 fatuum.
1250 1512 1270 1517 —
1283 1494 1369 1526 Con-

298 1540 359 1566 stat
380 1535 473 1566 tertio
497 1536 596 1576 quod,
612 1536 688 1577 quia
707 1546 774 1567 non
790 1543 837 1568 est
852 1538 1014 1578 pluralitas
1031 1538 1097 1569 sine
1113 1539 1296 1570 necessitate
1312 1549 1369 1580 po-

297 1579 418 1616 nenda;
444 1586 475 1611 et
490 1580 600 1611 omnia
615 1580 737 1621 optime
752 1581 912 1613 salvantur
935 1583 1087 1623 ponendo
1107 1592 1173 1614 esse
1194 1583 1368 1623 cognitum,

297 1630 566 1664 repraesentatum
589 1631 658 1662 etc„
681 1635 748 1656 esse
765 1628 992 1658 tantummodo
1016 1637 1082 1658 esse
1099 1627 1282 1664 relativum
1306 1627 1370 1659 fru-

298 1674 361 1699 stra
377 1667 591 1708 excogitatum
615 1676 661 1700 est
675 1670 736 1701 tale
751 1680 828 1702 esse.
854 1671 999 1702 Secunda
1014 1681 1086 1712 pars
1106 1672 1262 1712 assumpti
1285 1679 1372 1712 patet

297 1712 474 1749 inductive;
500 1719 531 1743 et
552 1713 625 1744 ideo
650 1714 728 1744 nolo
752 1715 879 1747 morari.
897 1733 918 1738 —
932 1716 1126 1747 Adversatur
1153 1726 1285 1757 quoque
1309 1716 1371 1747 hoc

297 1755 436 1797 propriis
460 1756 550 1788 dictis
575 1757 677 1789 Scoti:
703 1759 859 1799 quoniam
882 1760 1026 1801 sequitur
1049 1770 1085 1791 ex
1109 1760 1171 1791 hoc
1187 1761 1276 1801 quod
1291 1761 1371 1801 lapis

298 1800 387 1842 prius
410 1801 523 1832 habeat
546 1802 608 1832 tale
631 1812 708 1839 esse,
729 1813 828 1844 quam
853 1804 1046 1845 intelligatur
1061 1815 1079 1835 a
1094 1805 1174 1836 Deo.
1200 1805 1369 1836 Probatur:

299 1844 374 1886 quia
389 1845 477 1886 prius
493 1846 625 1887 ponitur
647 1847 679 1877 in
705 1857 771 1878 esse
794 1855 1027 1888 repraesentato
1051 1859 1108 1889 per
1131 1849 1300 1880 essentiam
1323 1849 1372 1879 di-

298 1889 407 1920 vinam
429 1896 466 1920 ut
489 1890 628 1930 speciem
650 1891 891 1931 intelligibilem,
907 1903 1007 1934 quam
1029 1892 1062 1923 in
1087 1903 1154 1924 esse
1171 1893 1299 1934 cognito
1316 1903 1372 1934 per

298 1940 407 1965 actum
435 1933 672 1972 intellectionis;
706 1936 780 1976 quia
810 1937 898 1977 prior
921 1944 967 1968 est
997 1937 1241 1978 repraesentatio
1273 1948 1371 1979 quam

300 1977 449 2018 cognitio,
468 1985 504 2010 ut
520 1989 613 2010 causa
637 1979 759 2011 effectu.
776 1998 796 2003 —
811 1981 886 2012 Non
910 1982 990 2012 bene
1014 1992 1146 2023 quoque
1170 1989 1263 2013 sonat
1285 1982 1372 2022 apud

299 2021 417 2059 fideles,
443 2023 546 2054 dicere
569 2024 658 2065 quod
682 2024 768 2055 Deus
793 2025 927 2056 naturali
951 2026 1150 2062 necessitate,
1176 2036 1242 2057 non
1265 2026 1371 2062 libere,

2416 229 2485 277 175

1418 302 1567 342 producit
1591 309 1675 334 extra
1698 314 1731 334 se
1755 305 1815 335 alia
1838 315 1856 335 a
1879 316 1911 336 se
1934 307 1967 336 in
1991 317 2057 337 esse
2081 308 2245 344 absoluto,
2271 307 2415 348 quamvis
2439 318 2487 338 se-

1419 347 1562 377 cundum
1592 347 1680 388 quid.
1705 365 1725 370 -
1749 348 1966 380 Contrariatur
1996 351 2127 382 demum
2154 352 2216 382 hoc
2246 351 2484 392 philosophiae,

1419 390 1562 431 explicite
1590 401 1626 422 ac
1654 392 1776 432 optime
1805 392 1966 424 confitenti
2000 396 2088 435 quod
2116 396 2202 426 Deus
2233 396 2311 426 nihil
2341 395 2487 435 intelligit

1419 442 1503 465 extra
1526 445 1568 472 se,
1594 445 1660 466 non
1684 436 1791 467 solum
1815 436 1995 474 formaliter,
2020 440 2075 469 sed
2099 439 2259 471 obiective.
2285 440 2370 477 Quia
2393 439 2486 480 quid-

1419 479 1496 519 quid
1519 479 1674 519 intelligit,
1692 480 1837 520 intelligit
1853 491 1909 521 per
1933 483 2099 513 essentiam
2118 484 2280 523 propriam
2296 490 2332 515 ut
2348 483 2486 515 formam

1418 523 1665 564 intelligibilem,
1690 531 1720 555 et
1742 524 1776 555 in
1799 525 1933 556 essentia
1960 527 2087 567 propria
2114 534 2150 558 ut
2173 528 2316 558 obiecto:
2341 537 2399 558 nec
2422 528 2485 558 alio

1419 574 1523 607 potest
1547 567 1697 599 divertere
1719 568 1872 600 intuitum
1896 579 2001 606 suum,
2027 578 2062 602 ut
2084 571 2135 602 isti
2158 571 2291 612 fingunt.

1477 612 1559 643 XIII.
1575 613 1626 642 Ad
1649 612 1843 644 obiectiones
1858 613 1876 632 *
1897 623 1971 653 ergo
1993 614 2026 644 in
2046 615 2242 655 oppositum,
2268 616 2382 646 dicitur
2397 616 2486 657 quod

1419 655 1489 686 illae
1513 655 1722 693 definitiones,
1747 657 1921 688 formaliter
1943 658 2133 695 intellectae,
2158 660 2280 690 nullam
2303 660 2420 690 habent
2438 660 2485 690 in-

1420 700 1584 737 stantiam;
1609 701 1664 731 sed
1695 707 1769 732 sunt
1798 701 1831 731 in
1861 702 2026 732 communi
2054 703 2251 740 verissimae,
2284 703 2378 734 etiam
2409 714 2485 745 qua-

1420 754 1558 785 cumque
1582 745 1751 786 hypothesi
1774 745 1865 776 facta.
1896 746 2001 776 Visum
2022 748 2105 777 enim
2123 748 2155 778 in
2171 757 2206 778 se
2221 755 2257 778 ut
2275 747 2328 784 sic,
2349 758 2414 778 non
2431 758 2487 788 per

1420 788 1546 819 alterius
1570 789 1717 829 speciem,
1737 789 1792 819 sed
1816 790 1988 830 propriam,
2006 798 2061 821 aut
2079 798 2116 822 ut
2130 791 2292 831 propriam
2316 790 2418 834 (quod
2441 798 2488 822 est

1420 832 1505 863 idem
1529 833 1617 874 quod
1641 843 1698 873 per
1718 832 1904 876 propriam),
1930 833 2102 866 formaliter
2124 835 2222 866 videri
2246 842 2380 876 oportet,
2401 836 2487 876 apud

1420 877 1539 917 species
1563 878 1787 914 concedentes,
1812 878 1893 909 inter
1916 888 1998 919 quos
2023 885 2069 910 est
2092 888 2212 910 sermo:
2238 886 2268 910 et
2287 890 2303 910 e
2323 889 2486 916 converso,

1421 922 1510 962 quod
1533 931 1588 961 per
1611 921 1783 962 propriam,
1808 929 1863 952 aut
1886 932 2093 954 communem
2117 930 2153 954 ut
2175 923 2339 964 propriam
2354 923 2486 959 videtur,

1421 965 1453 995 in
1477 965 1581 1005 seipso
1605 965 1737 997 videtur.
1754 984 1774 988 -
1790 966 1830 997 Et
1853 966 1996 997 similiter
2025 974 2072 998 est
2102 968 2140 998 de
2165 967 2347 998 definitione
2371 969 2431 999 visi
2455 969 2487 998 in

1421 1010 1496 1040 alio.
1521 1009 1635 1040 Visum
1659 1010 1745 1040 enim
1761 1010 1794 1040 in
1810 1010 1882 1046 alio,
1903 1017 1940 1042 ut
1955 1011 2008 1047 sic,
2034 1021 2090 1051 per
2105 1011 2189 1042 illius
2214 1011 2403 1042 continentis
2419 1022 2487 1053 spe-

1422 1053 1502 1084 ciem
1517 1054 1653 1084 videtur:
1679 1060 1710 1085 et
1733 1064 1749 1084 e
1769 1064 1931 1091 converso,
1957 1056 2047 1096 quod
2070 1066 2126 1096 per
2144 1055 2334 1086 continentis
2350 1056 2489 1096 speciem

1422 1104 1458 1128 ut
1480 1097 1524 1128 sic
1547 1097 1680 1134 videtur,
1695 1098 1729 1128 in
1753 1098 1814 1129 alio
1838 1099 1972 1130 videtur.
1997 1100 2099 1136 Unde,
2124 1100 2189 1130 sive
2212 1110 2324 1131 verum
2347 1100 2412 1130 sive
2435 1099 2489 1130 fal-

1422 1151 1495 1171 sum
1519 1141 1557 1172 sit
1580 1142 1669 1182 quod
1693 1142 1803 1173 eadem
1831 1143 1948 1183 species
1972 1143 2073 1183 possit
2096 1143 2231 1175 mediate
2255 1150 2286 1174 et
2308 1144 2489 1175 immediate

1422 1192 1653 1225 repraesentare
1677 1186 1899 1227 inadaequata‚
1924 1187 2003 1217 nihil
2027 1187 2119 1218 refert
2141 1188 2175 1218 in
2198 1187 2382 1228 proposito:
2407 1198 2488 1229 quo-

1422 1229 1508 1259 niam
1533 1229 1704 1260 formaliter
1726 1230 1900 1271 loquimur,
1918 1230 1971 1261 illa
1990 1238 2098 1262 autem
2114 1231 2273 1262 distinctio
2290 1231 2489 1263 materialiter

1423 1273 1561 1314 speciem
1585 1274 1783 1311 continentis,
1808 1284 1863 1305 seu
1888 1275 2104 1316 adaequatam,
2131 1275 2320 1312 considerat,
2346 1282 2382 1307 ut
2404 1283 2490 1316 patet

1423 1327 1460 1348 ex
1484 1317 1574 1348 dictis
1589 1317 1616 1348 *.

1476 1362 1560 1393 XIV.
1585 1362 1636 1392 Ad
1659 1362 1871 1392 obiectionem
1902 1369 2010 1394 autem
2034 1373 2071 1393 ex
2094 1363 2190 1394 Scoto
2209 1363 2240 1399 *,
2266 1363 2378 1394 dicitur
2401 1364 2490 1404 quod

1424 1405 1669 1436 fundamentum
1692 1406 1771 1436 illud
1795 1406 1958 1437 Scoticum
1981 1407 2135 1447 supponit
2150 1407 2212 1438 hoc
2227 1407 2351 1444 falsum,
2375 1407 2490 1438 scilicet

1424 1450 1513 1491 quod
1529 1460 1596 1480 esse
1612 1450 1774 1490 cognitum
1792 1450 1831 1481 sit
1847 1451 2012 1492 quoddam
2028 1461 2094 1482 esse
2115 1451 2298 1482 absolutum
2320 1458 2388 1487 etc.,
2407 1458 2491 1482 extra

1423 1494 1628 1525 intellectum.
1653 1494 1827 1532 Quoniam,
1853 1502 1889 1526 ut
1912 1505 1948 1526 ex
1971 1495 2060 1526 dictis
2075 1495 2093 1514 *
2115 1502 2209 1535 patet,
2234 1495 2312 1526 nihil
2335 1496 2421 1526 aliud
2446 1502 2492 1526 est

1424 1549 1523 1580 quam
1547 1549 1614 1569 esse
1637 1538 1813 1575 relativum,
1837 1539 2098 1570 denominatione
2121 1539 2301 1571 extrinseca.

1483 1583 1576 1614 Unde
1599 1583 1639 1613 ad
1662 1583 1818 1614 rationem
1847 1583 2040 1620 formaliter,
2065 1584 2256 1615 concedatur
2288 1584 2376 1625 quod
2404 1584 2491 1614 Deus

1425 1637 1481 1668 per
1505 1627 1673 1658 essentiam
1696 1638 1788 1658 suam
1811 1635 1848 1659 ut
1870 1628 2026 1668 speciem,
2058 1635 2104 1659 est
2126 1628 2160 1658 in
2182 1634 2254 1659 actu
2277 1628 2382 1668 primo
2407 1627 2490 1658 suffi-

1426 1671 1519 1702 cienti
1542 1671 1580 1702 ad
1605 1671 1850 1712 producendum
1879 1672 2108 1713 quodcumque
2133 1672 2166 1703 in
2195 1682 2261 1703 esse
2290 1671 2426 1712 cognito.
2452 1672 2493 1703 Et

1427 1726 1501 1747 cum
1517 1715 1662 1752 infertur,
1687 1726 1766 1757 ergo
1791 1716 1945 1756 lapidem:
1969 1717 2167 1748 concedatur.
2193 1716 2255 1747 Sed
2271 1726 2345 1747 cum
2362 1716 2491 1747 ulterius

1426 1760 1567 1797 infertur,
1599 1770 1679 1801 ergo
1703 1761 1782 1791 talia
1800 1761 1962 1801 producta
1994 1761 2110 1791 habent
2132 1770 2200 1791 esse
2223 1761 2255 1791 in
2279 1762 2410 1801 seipsis:
2438 1770 2492 1790 ne-

1426 1811 1535 1845 gatur;
1560 1805 1715 1845 quoniam
1739 1804 1818 1835 nihil
1842 1805 1929 1835 aliud
1952 1805 2005 1835 tali
2029 1805 2240 1845 productione
2259 1804 2294 1835 fit
2310 1805 2369 1835 nisi
2394 1805 2491 1834 deno-

1427 1848 1560 1880 minatio
1585 1849 1765 1880 extrinseca.
1798 1849 1846 1879 Ex
1873 1849 1935 1880 hoc
1963 1849 2049 1879 enim
2078 1849 2168 1890 quod
2200 1849 2306 1885 Deus,
2338 1849 2491 1879 intuendo

1427 1903 1519 1923 suam
1538 1893 1716 1929 essentiam,
1732 1892 1873 1924 intuetur
1891 1893 1924 1924 in
1948 1903 1984 1924 ea
2007 1893 2157 1934 lapidem,
2175 1893 2381 1934 consequitur
2404 1892 2493 1934 quod

1426 1937 1506 1977 lapis
1529 1937 1624 1968 habet
1646 1937 1739 1968 istam
1763 1937 2057 1968 denominationem
2081 1937 2302 1974 extrinsecam,
2333 1937 2422 1978 quod
2446 1936 2491 1967 di-

1428 1981 1507 2012 citur
1540 1981 1686 2022 cognitus
1718 1992 1736 2012 a
1763 1981 1853 2012 Deo:
1887 1991 1944 2012 nec
1969 1981 2090 2022 aliquid
2120 1981 2206 2012 aliud
2231 1987 2357 2022 oportet
2385 1980 2492 2022 acqui-

1427 2035 1512 2062 rere,
1538 2032 1574 2056 ut
1597 2032 1697 2066 patet,
1723 2035 1797 2056 cum
1821 2025 1883 2056 hoc
1906 2025 2050 2056 sufficiat.

1118 2180 1438 2222 ARTICULUS
1469 2180 1678 2221 SEXTUS

729 2271 886 2303 UTRUM
909 2271 1022 2303 naus
1046 2271 1314 2332 coGNoscAT
1337 2271 1440 2302 ALIA
1463 2274 1493 2302 A
1516 2271 1565 2302 SE
1588 2271 1774 2302 PROPRIA
1799 2270 2070 2302 COGNlTIONE

479 2351 488 2376 l
508 2350 591 2380 Sem„
612 2350 670 2375 dist.
690 2357 762 2382 xxxV,
776 2355 822 2375 art.
845 2350 858 2375 3
865 2358 872 2382 3
892 2350 901 2375 I
924 2351 1001 2376 Cont.
1023 2352 1111 2381 Gent„
1128 2358 1184 2384 cap.
1203 2358 1218 2375 L
1224 2358 1232 2382 3
1253 2350 1294 2375 De
1313 2351 1380 2381 Pet„
1402 2358 1446 2383 qu.
1465 2358 1498 2380 vr,
1513 2355 1558 2375 art.
1583 2357 1608 2380 κς
1628 2350 1670 2375 De
1695 2350 1783 2380 Verit„
1804 2357 1849 2382 qu.
1867 2357 1895 2380 11,
1915 2355 1961 2374 art.
1980 2357 2012 2381 4;
2033 2350 2075 2375 De
2096 2349 2196 2379 Causis,
2217 2349 2274 2374 lect.
2293 2357 2316 2374 x.

390 2459 396 2472 ι
517 2453 539 2477 D
568 2452 709 2477 SEXTUM
738 2452 791 2477 ste
817 2452 1056 2478 moeson-ua.
1077 2440 1237 2477 Videtur
1265 2440 1371 2489 quod

371 2492 379 2499 ⁴
517 2495 622 2530 Deus
651 2505 730 2530 non
759 2501 965 2541 cognoscat
993 2493 1064 2530 alia
1097 2506 1118 2530 a
1149 2506 1188 2530 se
1217 2493 1372 2542 propria

340 2582 369 2594 κη
458 2545 744 2595 cognitione.
777 2546 839 2583 Sic
877 2546 979 2583 enim
1018 2547 1214 2594 cognoscit
1251 2546 1322 2583 alia
1351 2558 1373 2582 a

362 2615 371 2626 s
473 2592 571 2646 Xse,
591 2607 633 2636 ut
652 2599 795 2636 dictum
816 2607 872 2636 est
889 2599 921 2647 *,
942 2600 1155 2637 secundum
1176 2600 1281 2649 quod
1302 2599 1373 2636 alia

305 2653 354 2690 ab
382 2652 466 2701 ipso
486 2657 503 2672 “
523 2652 562 2689 in
586 2665 633 2689 eo
654 2660 751 2689 sunt.
783 2652 860 2690 Sed
879 2652 951 2690 alia
970 2653 1019 2690 ab
1048 2666 1095 2690 eo
1116 2660 1203 2691 sunt
1231 2653 1269 2690 in
1289 2652 1371 2701 ipso

306 2705 400 2743 sicut
432 2705 470 2742 in
499 2705 624 2755 prima
662 2717 775 2742 causa
814 2706 1012 2743 communi
1038 2705 1056 2735 β
1084 2714 1121 2743 et
1154 2705 1372 2743 universali.

306 2760 409 2807 Ergo
439 2765 476 2795 et
504 2759 575 2796 alia
603 2766 887 2806 cognoscuntur
905 2771 927 2796 a
946 2760 1044 2808 Deo,
1067 2760 1163 2797 sicut
1190 2760 1229 2796 in
1259 2771 1373 2796 causa

304 2812 428 2861 prima
457 2819 494 2849 et
529 2811 745 2850 universali.
777 2812 863 2848 Hoc
891 2819 1018 2849 autern
1048 2821 1104 2850 est
1142 2824 1373 2861 cognoscere

305 2865 345 2902 in
371 2865 589 2914 universali,
611 2873 648 2902 et
676 2877 755 2902 non
779 2865 994 2903 secundum
1022 2866 1218 2915 propriam
1247 2865 1373 2913 cogni-

304 2919 463 2956 tionem.
486 2920 589 2968 Ergo
609 2920 715 2956 Deus
745 2918 938 2966 cognoscit
966 2919 1039 2956 alia
1058 2932 1080 2956 a
1100 2932 1140 2956 se
1165 2919 1203 2956 in
1222 2918 1373 2956 univer—

306 2972 387 3019 sali,
409 2979 445 3009 et
472 2985 552 3010 non
580 2971 794 3010 secundum
822 2972 1015 3021 propriam
1050 2972 1319 3020 cognitionem.

362 3037 396 3062 2.
427 3026 661 3074 PRAETEREA,
683 3032 868 3074 quantum
897 3025 1007 3063 distat
1040 3026 1202 3063 essentia
1231 3033 1374 3062 creatu-

307 3090 371 3114 rae
401 3079 449 3115 ab
479 3079 640 3116 essentia
669 3079 810 3126 divina,
832 3085 979 3115 tantum
1000 3079 1110 3116 distat
1139 3078 1302 3116 essentia
1322 3077 1375 3115 di-

306 3131 395 3169 vina
430 3132 478 3168 ab
517 3132 679 3170 essentia
715 3140 920 3169 creaturae.
952 3132 1030 3169 Sed
1066 3145 1136 3181 per
1170 3131 1374 3169 essentiam

308 3192 503 3222 creaturae
523 3198 602 3223 non
629 3193 755 3234 potest
775 3184 954 3233 cognosci
983 3185 1147 3222 essentia
1172 3185 1312 3232 divina,
1333 3192 1375 3221 ut

307 3250 422 3287 supra
449 3237 470 3260 *
498 3238 640 3276 dictum
671 3247 737 3276 est.
759 3239 861 3286 Ergo
890 3250 962 3275 nec
989 3250 1059 3287 per
1087 3238 1291 3275 essentiam
1320 3237 1374 3274 di-

307 3291 439 3328 vinam
468 3299 593 3340 potest
621 3292 801 3341 cognosci
830 3291 992 3328 essentia
1013 3299 1217 3328 creaturae.
1240 3292 1289 3328 Et
1308 3291 1372 3337 sic,

309 3357 395 3381 cum
435 3345 543 3381 Deus
581 3345 670 3382 nihil
709 3352 915 3393 cognoscat
956 3344 1026 3381 nisi
1064 3357 1134 3393 per
1171 3343 1374 3381 essentiam

1427 2451 1558 2486 suam,
1586 2439 1755 2488 sequitur
1782 2438 1888 2488 quod
1925 2450 2004 2476 non
2039 2445 2244 2486 cognoscat
2281 2445 2492 2475 creaturam

1428 2492 1641 2530 secundum
1676 2492 1755 2529 eius
1795 2491 2017 2539 essentiam,
2053 2499 2095 2528 ut
2129 2499 2333 2539 cognoscat
2366 2491 2414 2528 de
2449 2503 2494 2528 ea

1428 2546 1518 2594 quid
1544 2551 1616 2591 est,
1646 2545 1753 2593 quod
1782 2553 1836 2581 est
1864 2544 2061 2594 propriam
2091 2544 2347 2592 cognitionem
2379 2544 2426 2582 de
2453 2557 2492 2581 re

1428 2599 1581 2636 habere.

1484 2653 1518 2689 3.
1548 2652 1781 2698 PRAETEREA,
1802 2650 1957 2699 propria
1977 2649 2141 2698 cognitio
2166 2663 2244 2687 non
2263 2650 2425 2687 habetur
2445 2650 2491 2687 de

1428 2717 1479 2752 re,
1496 2704 1567 2741 nisi
1586 2717 1655 2753 per
1669 2703 1864 2753 propriam
1882 2703 1961 2740 eius
1976 2703 2172 2740 rationem.
2192 2703 2269 2740 Sed
2285 2715 2372 2740 cum
2387 2705 2493 2740 Deus

1429 2765 1633 2805 cognoscat
1661 2757 1792 2793 omnia
1818 2768 1888 2805 per
1907 2756 2109 2793 essentiam
2139 2769 2260 2803 suam,
2282 2769 2360 2793 non
2387 2756 2493 2793 vide-

1427 2818 1488 2847 tur
1513 2816 1528 2837 ⁷
1557 2811 1661 2859 quod
1698 2810 2007 2858 unumquodque
2043 2822 2113 2858 per
2146 2809 2341 2858 propriam
2380 2810 2492 2846 ratio-

1429 2876 1518 2900 nem
1549 2870 1770 2911 cognoscat:
1799 2862 1902 2900 idem
1924 2863 2026 2899 enim
2046 2875 2124 2899 non
2142 2870 2267 2911 potest
2295 2875 2378 2899 esse
2405 2874 2493 2911 pro-

1428 2917 1509 2965 pria
1546 2916 1640 2953 ratio
1677 2916 1886 2952 multorum
1915 2923 1952 2953 et
1990 2916 2241 2953 diversorum.
2272 2916 2364 2952 Non
2402 2927 2491 2963 ergo

1428 2971 1543 3006 habet
1570 2969 1766 3018 propriam
1796 2969 2049 3017 cognitionem
2069 2970 2174 3005 Deus
2204 2969 2252 3005 de
2281 2969 2404 3015 rebus,
2426 2968 2493 3005 sed

1430 3035 1696 3060 communem:
1725 3034 1816 3059 nam
1838 3034 2067 3070 cognoscere
2088 3034 2147 3058 res
2177 3034 2255 3058 non
2280 3021 2493 3058 secundum

1429 3076 1624 3125 propriam
1654 3075 1854 3123 rationem,
1877 3082 1932 3112 est
1953 3087 2184 3123 cognoscere
2213 3087 2272 3111 res
2301 3074 2425 3111 solum
2454 3074 2492 3110 in

1431 3129 1628 3166 communi
1657 3126 1680 3165 δ.

1485 3183 1558 3219 SED
1579 3193 1740 3228 CONTRA,
1761 3182 1903 3218 habere
1926 3181 2122 3230 propriam
2141 3187 2151 3201 ε
2172 3179 2426 3228 cognitionem
2445 3179 2492 3216 de

1431 3236 1556 3283 rebus,
1574 3243 1630 3271 est
1649 3247 1879 3282 cognoscere
1901 3247 1960 3271 res
1980 3247 2058 3271 non
2078 3234 2202 3271 solum
2222 3233 2261 3269 in
2281 3232 2491 3279 communi,

1431 3289 1499 3326 sed
1528 3288 1739 3325 secundum
1768 3287 1874 3337 quod
1903 3295 1990 3324 sunt
2018 3288 2065 3324 ab
2095 3286 2259 3323 invicem
2285 3285 2489 3322 distinctae.

1433 3343 1495 3379 Sic
1515 3349 1642 3378 autern
1663 3342 1768 3377 Deus
1789 3340 1983 3389 cognoscit
2002 3353 2073 3377 res.
2095 3340 2205 3377 Unde
2232 3338 2366 3376 dicitur
2392 3339 2491 3375 Heb.

363 3478 390 3510 α)
409 3477 442 3502 ab
462 3476 528 3508 ipso.
545 3489 564 3494 ·-
581 3482 598 3500 a
617 3482 644 3500 se
663 3475 784 3500 ABCDE.

363 3512 388 3545 β)
407 3511 549 3538 communi.
561 3525 580 3529 -
594 3511 655 3535 Om.
668 3511 766 3551 aBCE.
778 3525 798 3530 —
811 3514 837 3536 et
855 3517 915 3545 post
930 3512 1005 3545 Ergo
1018 3519 1071 3536 om.
1086 3511 1175 3536 FGab.
1187 3525 1206 3530 -
1219 3510 1282 3536 Post
1294 3517 1376 3535 causa

304 3549 397 3581 prima
416 3548 439 3572 G
458 3548 527 3572 addit
545 3554 686 3571 commum.

362 3584 389 3617 γ)
410 3583 464 3609 Sed
481 3591 568 3608 cum...
588 3589 639 3606 non
660 3581 774 3606 videtur.
792 3594 811 3601 -
829 3582 883 3607 Sed
908 3582 980 3608 Deus
1003 3582 1140 3615 cognoscit
1157 3582 1249 3607 omnia
1268 3588 1320 3614 per
1338 3588 1377 3606 es-

1432 3473 1544 3499 sentiam
1564 3479 1652 3500 suam,
1673 3471 1731 3496 ideo
1752 3471 1827 3504 (ergo
1845 3470 1969 3502 ABCDE)
1990 3477 2040 3494 non
2061 3468 2166 3494 videtur
2186 3469 2287 3493 codices
2306 3474 2332 3494 et
2350 3469 2391 3494 ed.
2403 3476 2435 3498 a;
2453 3476 2495 3495 co-

1432 3509 1537 3542 gnoscit
1555 3508 1630 3532 etiam
1651 3507 1691 3531 ed.
1704 3507 1727 3531 b.
2183 3539 2188 3544 ι

1485 3543 1509 3576 δ)
1529 3543 1575 3568 sed
1593 3549 1791 3567 communem...
1811 3541 1836 3566 in
1857 3540 1998 3566 communi.
2014 3554 2034 3560 -
2052 3540 2112 3564 Om.
2133 3539 2233 3564 codices
2253 3544 2278 3564 et
2297 3539 2344 3564 ab.

1486 3580 1507 3611 ε)
1524 3578 1673 3611 propriam.
1690 3587 1710 3597 ·-
1729 3577 1789 3602 Om.
1808 3577 1862 3601 FG.

2511 618 2523 629 ⁶
2537 617 2574 640 ef.
2583 623 2689 639 num.1x.

2515 1322 2524 1331 ·
2539 1321 2610 1343 Num.
2625 1327 2666 1344 vu.

2517 1371 2525 1379 ·
2541 1369 2576 1392 Cf.
2592 1375 2657 1392 num.
2671 1376 2694 1391 x.

2518 1503 2526 1512 ·
2541 1501 2612 1523 Num.
2627 1507 2667 1523 χιι.
