2768 4178
86 423 95 433 ”
112 422 168 450 Cap.
184 428 245 444 xxxx.

79 1274 147 1301 ·'.Qu
159 1279 205 1294 va
207 1276 263 1299 ,arn
270 1278 291 1299 2,

79 1300 144 1329 ad3.

80 1645 177 1693 'vTract.
187 1644 227 1671 tx,
239 1650 290 1672 cap.

80 1968 90 1978 ·
100 1967 147 1995 Qu.
155 1974 203 1995 xiv,
219 1971 261 1989 art.
269 1974 291 1995 7.

81 2337 178 2391 1111
182 2342 243 2385 311
249 2341 296 2384 a.

80 2391 133 2412 lect.
149 2396 205 2412 xvn.

86 2603 95 2611 ·
115 2601 166 2623 Lib.
180 2601 211 2628 V,
227 2607 297 2629 prosa

88 3413 98 3423 '
113 3412 149 3434 Cf.
164 3418 228 3434 num.
243 3418 265 3434 v.

88 3458 97 3467 ·
114 3457 149 3479 Cf.
165 3463 228 3479 num.
243 3463 273 3479 vi.

325 231 401 277 482

326 310 433 346 tionis
470 309 635 353 initium,
667 313 706 343 ut
733 307 897 355 quodam
935 306 1047 343 modo
1075 306 1143 343 vix
1171 305 1395 355 intelligibili

324 374 470 410 semper
495 367 508 381 κ
535 362 581 398 sit
596 362 740 409 factus.
761 381 784 387 —
805 360 854 396 Id
879 365 1005 396 autem
1039 359 1226 407 quomodo
1262 358 1391 395 intelli-

324 421 429 465 gant,
451 415 682 459 invenerunt,
702 420 744 450 ut
763 413 865 450 idem
888 412 975 449 dicit
994 412 1033 451 in
1052 413 1087 448 X
1107 411 1152 448 de
1177 411 1255 448 Civ.
1272 412 1348 448 Dei
1359 411 1390 448 ⁹³².

325 469 429 505 Sicut
454 468 565 512 enim,
595 466 776 514 inquiunt,
805 466 839 502 si
855 477 923 513 pes
942 478 992 501 ex
1010 465 1228 501 aeternitate
1245 476 1393 513 semper

311 522 454 570 fuisset
488 521 524 557 in
554 520 732 568 pulvere,
762 531 910 566 semper
944 519 1107 555 subesset
1131 516 1141 537 ‘⁴
1169 518 1390 567 vestigium,

324 574 425 622 quod
450 586 473 610 a
502 573 670 610 calcante
701 573 848 619 factum
887 583 996 608 nemo
1035 571 1241 614 dubitaret,·
1278 571 1332 607 sic
1359 577 1396 607 et

324 627 485 663 mundus
502 637 649 673 semper
664 625 756 673 fuit,
785 636 933 672 semper
961 624 1138 660 existente
1157 624 1222 672 qui
1237 625 1346 672 fecit.
1367 646 1390 652 -

324 681 372 716 Et
391 680 439 716 ad
458 680 533 715 hoc
552 678 850 726 intelligendum,
868 677 1190 714 considerandum
1211 684 1267 713 est
1285 677 1391 725 quod

324 745 438 769 causa
467 731 635 769 efficiens
665 744 763 779 quae
793 731 867 779 agit
893 743 964 779 per
990 738 1153 778 motum,
1184 730 1231 767 de
1260 743 1390 767 neces-

323 785 428 822 sitate
465 784 658 834 praecedit
695 792 869 833 tempore
908 796 1020 820 suum
1060 783 1262 820 effectum:
1302 783 1391 832 quia

324 838 479 875 effeetus
508 850 587 875 non
617 845 671 874 est
699 837 770 875 nisi
803 837 841 874 in
870 836 1031 873 termino
1061 836 1240 883 actionis,
1275 849 1391 884 agens

322 900 450 929 autem
479 903 596 928 omne
624 897 643 918 μ
672 897 822 939 oportet
850 902 932 927 esse
961 889 1190 939 principium
1220 890 1390 927 actionis.

323 945 401 982 Sed
429 945 458 982 si
488 944 584 981 actio
614 944 660 980 sit
688 944 946 990 instantanea,
982 951 1018 979 et
1046 955 1124 979 non
1153 943 1390 990 successiva,

321 1011 400 1035 non
421 1005 475 1034 est
494 997 750 1034 necessarium
771 997 912 1033 faciens
933 1008 1016 1033 esse
1035 996 1140 1045 prius
1160 996 1258 1033 facto
1281 997 1391 1034 dura—

321 1051 444 1099 tione3
475 1051 569 1088 sicut
596 1058 700 1099 patet
726 1050 765 1087 in
793 1049 1080 1086 illuminatione.
1120 1050 1233 1087 Unde
1263 1049 1392 1087 dicunt

321 1105 427 1153 quod
464 1116 543 1141 non
572 1104 741 1152 sequitur
776 1116 822 1140 ex
855 1103 1098 1150 necessitate,
1135 1102 1165 1139 si
1195 1103 1302 1140 Deus
1336 1111 1392 1140 est

322 1170 435 1195 causa
455 1157 578 1194 activa
598 1156 744 1204 mundi,
767 1156 871 1206 quod
900 1155 946 1192 sit
973 1155 1077 1205 prior
1104 1156 1252 1193 mundo
1280 1156 1391 1194 dura-

319 1211 443 1247 tione:
473 1210 563 1260 quia
587 1210 740 1258 creatio,
771 1222 847 1259 qua
875 1210 1065 1246 mundum
1093 1209 1282 1258 produxit,
1312 1223 1392 1247 non

321 1272 376 1301 est
404 1263 563 1301 mutatio
594 1263 822 1310 successiva,
852 1270 894 1299 ut
922 1275 1037 1312 supra
1055 1262 1076 1284 ’Β
1105 1262 1248 1300 dictum
1269 1271 1335 1300 est.

374 1320 431 1354 AD
461 1329 651 1354 SECUNDUM
680 1328 864 1354 111οΕΝοοΜ
894 1316 999 1365 quod
1033 1315 1083 1352 illi
1112 1316 1177 1364 qui
1205 1325 1392 1365 ponerent

320 1371 510 1408 mundum
540 1378 750 1418 aeternum,
781 1369 950 1407 dicerent
978 1369 1169 1406 mundum
1199 1370 1340 1407 factum
1369 1383 1391 1407 a

320 1426 405 1461 Deo
426 1437 471 1461 ex
495 1423 624 1470 nihilo,
655 1435 734 1460 non
764 1422 870 1471 quod
899 1423 1018 1460 factus
1038 1422 1084 1459 sit
1101 1430 1190 1471 post
1217 1423 1389 1470 nihilum,

321 1477 534 1514 secundum
563 1484 574 1497 ⁸
608 1477 714 1525 quod
752 1489 823 1513 nos
861 1475 1102 1524 intelligimus
1139 1488 1209 1524 per
1246 1489 1391 1514 nornen

320 1531 540 1577 creationis;
571 1531 638 1568 sed
667 1529 756 1578 quia
785 1542 863 1566 non
893 1537 948 1566 est
967 1529 1086 1566 factus
1106 1529 1153 1566 de
1174 1529 1312 1578 aliqu0.
1343 1531 1392 1567 Et

320 1585 372 1621 sic
402 1584 515 1621 etiarn
553 1596 633 1620 non
671 1590 847 1620 recusant
874 1582 989 1632 aliqui
1019 1595 1155 1619 eorum
1192 1583 1391 1620 creationis

320 1650 476 1684 nomen,
492 1645 534 1674 ut
547 1644 650 1686 patet
666 1649 712 1673 ex
727 1636 927 1673 Avicenna
943 1636 982 1672 in
997 1648 1066 1672 sua
1080 1636 1347 1684 Metaphysica
1357 1636 1389 1674 *.

373 1693 432 1728 An
460 1702 620 1727 TERTmM
648 1701 832 1727 DICENDUM
862 1689 969 1738 quod
997 1689 1058 1726 illa
1087 1696 1142 1726 est
1175 1689 1268 1726 ratio
1288 1691 1390 1727 Ana-

79 1755 292 1804 scrafi'ievdtnff‘*
318 1757 497 1793 xagorae,
528 1756 628 1792 quae
656 1742 811 1792 ponitur
839 1742 877 1780 in
908 1743 958 1779 111
986 1743 1135 1790 Physic.
1157 1742 1177 1764 ’¹‘
1206 1743 1283 1780 Sed
1311 1755 1390 1780 non

320 1798 366 1835 de
396 1797 618 1835 necessitate
648 1796 851 1843 concludit,
873 1795 943 1833 nisi
963 1795 1011 1832 de
1031 1795 1220 1832 intellectu
1241 1795 1305 1845 qui
1326 1796 1389 1833 de-

318 1850 515 1888 liberando
545 1849 743 1898 investigat
772 1849 864 1898 quid
893 1848 1085 1897 agendum
1115 1849 1171 1896 sit,
1201 1849 1306 1898 quod
1336 1858 1393 1887 est

319 1905 440 1942 simile
456 1903 589 1941 motui.
611 1903 716 1940 Talis
732 1910 861 1940 autem
883 1909 939 1939 est
958 1902 1166 1939 intellectus
1185 1903 1389 1951 humanus,

320 1959 387 1996 sed
416 1970 495 1994 non
523 1956 686 2004 divinus,
716 1963 758 1993 ut
786 1968 899 2005 supra
918 1955 939 1977 ’¹‘
967 1962 1080 2005 patet.

372 2013 431 2048 AD
461 2022 634 2053 QUARTUM
662 2021 847 2047 monimum
876 2009 982 2058 quod
1015 2016 1203 2058 ponentes
1231 2009 1391 2046 aeterni-

318 2072 434 2102 tatem
456 2063 602 2111 mundi,
623 2071 773 2112 ponunt
801 2062 968 2112 aliquam
989 2061 1186 2110 regionem
1214 2062 1392 2100 infinities

321 2130 403 2155 esse
431 2124 617 2154 mutatam
646 2118 693 2154 de
723 2115 958 2153 inhabitabili
990 2115 1028 2152 in
1056 2115 1324 2163 habitabilem,
1357 2124 1393 2154 et

322 2183 342 2208 e
363 2183 564 2208 converSO.
595 2170 644 2206 Et
672 2169 842 2206 similiter
869 2176 1017 2218 ponunt
1046 2169 1153 2217 quod
1173 2177 1283 2215 artes,
1304 2182 1393 2218 pro-

323 2231 406 2273 pter
435 2223 603 2261 diversas
633 2222 895 2271 corruptiones
916 2229 952 2259 et
971 2221 1193 2268 accidentia,
1214 2222 1391 2260 infinities

323 2277 474 2314 fuerunt
501 2276 690 2322 inventae,
722 2282 758 2312 et
776 2276 912 2312 iterum
934 2282 1146 2324 corruptae.
1176 2275 1290 2312 Unde
1310 2276 1393 2312 Ari-

324 2331 475 2367 stoteles
505 2329 604 2375 dicit,
634 2329 671 2365 in
700 2328 795 2366 libro
815 2329 978 2365 Meteor.
999 2327 1031 2375 ³¹²,
1061 2327 1167 2377 quod
1191 2328 1392 2366 ridiculum

325 2391 380 2421 est
399 2395 444 2420 ex
462 2381 685 2419 huiusmodi
703 2381 992 2431 particularibus
1018 2380 1293 2418 mutationibus
1314 2382 1394 2431 opi-

324 2437 480 2474 nionem
510 2435 682 2484 accipere
713 2435 760 2472 de
789 2434 957 2472 novitate
986 2434 1121 2471 mundi
1142 2431 1155 2457 ε
1183 2435 1311 2472 totius.

378 2492 436 2526 AD
457 2501 619 2531 QUINTUM
640 2500 824 2525 111οΕΝοοΜ
844 2487 961 2536 quod,
983 2487 1051 2524 etsi
1069 2492 1082 2508 ⁰
1101 2488 1270 2524 mundus
1294 2500 1394 2525 sem-

324 2555 392 2593 per
411 2542 551 2588 fuisset,
573 2554 651 2578 non
675 2549 804 2578 tamen
832 2540 1094 2590 parificaretur
1112 2541 1197 2577 Deo
1218 2541 1255 2578 in
1275 2549 1395 2578 aeter-

325 2597 450 2643 nitate,
466 2603 508 2632 111
527 2595 615 2632 dicit
630 2595 798 2642 Boetius,
819 2594 858 2631 in
878 2594 955 2631 fine
975 2594 1021 2631 de
1044 2594 1231 2631 Consolat.
1247 2594 1284 2631 *ε
1306 2595 1395 2643 quia

326 2662 408 2696 esse
437 2648 609 2686 divinum
640 2656 694 2685 est
723 2660 805 2685 esse
834 2655 957 2684 totum
986 2647 1111 2694 simul,
1137 2648 1282 2697 absque
1311 2660 1388 2685 suc-

326 2703 517 2747 cessione3
547 2714 626 2739 non
654 2709 781 2738 autem
811 2701 864 2738 sic
893 2708 948 2738 est
977 2701 1024 2738 de
1052 2702 1212 2738 mundo.

378 2759 437 2793 An
466 2767 607 2792 SEXTUM
626 2766 811 2792 mcENDuM
840 2754 945 2803 quod
965 2754 1142 2791 transitus
1166 2766 1320 2803 semper
1338 2754 1392 2792 in-

364 2862 402 2904 ·a)
419 2865 448 2887 ut
497 2867 608 2893 semper.
626 2873 646 2880 -
664 2863 690 2885 et
704 2861 742 2885 ita
757 2860 897 2885 voluerunt
916 2863 946 2885 ut
995 2860 1111 2885 mundus
1123 2867 1227 2892 semper
1241 2861 1274 2892 Β;
1294 2867 1342 2893 pro
1357 2864 1396 2891 ut,

325 2898 548 2966 ublssdsszesset.
566 2945 584 2951 -
603 2931 698 2956 ibidem
718 2933 785 2956 esset
803 2931 832 2955 B.

378 2969 406 3002 μ)
426 2975 511 2993 omne.
529 2982 549 2987 -
568 2967 630 2992 Om.
649 2966 760 2991 codices.

378 3004 401 3035 ν)
421 3003 574 3028 secundum.
592 3016 611 3021 -
630 3002 691 3027 Om.
711 3001 765 3027 FG.

379 3037 402 3072 ξ)
423 3039 524 3064 mundi.
541 3052 560 3058 -·
578 3038 640 3063 Om.
659 3037 762 3063 codices
782 3041 807 3062 et
824 3037 875 3062 ab.

1006 226 1274 273 QUAESTIO
1304 226 1444 273 XLVI,
1474 225 1773 262 ARTICULUS
1804 226 1835 261 II

1448 305 1623 353 telligitur
1642 317 1664 341 a
1683 304 1846 341 termino
1876 305 1916 340 in
1941 309 1958 325 ⁷²
1987 303 2205 340 terminum.
2237 304 2518 353 Quaecumque

1449 366 1576 395 autern
1605 357 1807 406 praeterita
1837 357 1917 394 dies
1946 357 2125 404 signetur,
2152 357 2200 392 ab
2229 357 2291 393 illa
2318 368 2440 405 usque
2470 356 2520 392 ad

1447 411 1558 448 istam
1588 419 1674 448 sunt
1715 410 1810 447 finiti
1839 410 1945 457 dies,
1980 410 2045 458 qui
2074 409 2292 458 pertransiri
2329 416 2518 459 poterunt.

1449 464 1624 501 Obiectio
1655 471 1783 501 autem
1812 463 1986 512 procedit
2014 476 2058 500 ac
2087 463 2137 510 si,
2167 462 2298 512 positis
2329 461 2518 509 extremis,

1447 518 1520 555 sint
1548 517 1675 554 media
1703 517 1860 554 infinita.

1501 573 1559 608 AD
1589 583 1770 608 SEPTIMUM
1790 582 1978 607 DICENDUM
1999 570 2106 618 quod
2134 569 2172 606 in
2202 569 2324 605 causis
2354 568 2521 606 efficien-

1448 624 1548 661 tibus
1581 624 1814 673 impossibile
1846 631 1900 660 est
1927 624 2138 672 procedere
2168 622 2207 659 in
2235 622 2425 659 infinitum
2449 633 2521 670 per

1446 689 1505 721 se,·
1533 685 1574 714 ut
1592 684 1684 725 puta
1704 677 1734 713 si
1763 689 1900 713 causae
1920 689 2019 724 quae
2047 689 2117 726 per
2141 689 2181 712 se
2202 675 2443 723 requiruntur
2472 674 2520 711 ad

1448 730 1615 778 aliquem
1645 730 1836 777 effectum,
1871 730 2210 778 multiplicarentur
2238 729 2276 765 in
2305 728 2518 774 infinitum;

1448 783 1543 820 sicut
1571 783 1601 819 si
1629 783 1725 831 lapis
1754 790 1977 819 moveretur
1996 795 2018 819 a
2038 784 2188 830 baculo,
2217 790 2254 819 et
2272 788 2287 813 Ρ
2316 782 2474 818 baculus
2499 793 2521 818 a

1449 848 1579 883 manu,
1606 843 1643 872 et
1669 836 1745 872 hoc
1772 835 1811 872 in
1839 835 2042 872 infinitum.
2074 836 2152 873 Sed
2180 848 2249 885 per
2277 835 2453 872 accidens
2482 834 2520 871 in

1448 889 1638 926 infinitum
1668 888 1878 937 procedere
1907 889 1946 925 in
1975 888 2098 925 causis
2127 889 2326 937 agentibus
2355 901 2434 926 non
2464 901 2520 925 re-

1447 950 1602 991 putatur
1619 948 1633 962 ⁰
1662 941 1914 991 impossibile3
1943 949 1986 978 ut
2013 949 2105 990 puta
2138 942 2168 978 si
2207 954 2344 979 omnes
2382 954 2520 986 causae

1448 1008 1546 1045 quae
1575 995 1614 1032 in
1643 995 1833 1032 infinitum
1853 995 2159 1044 multiplicantur,
2181 1007 2260 1031 non
2288 1002 2442 1032 teneant
2460 1007 2521 1032 or—

1449 1049 1579 1086 dinem
1607 1048 1678 1086 nisi
1696 1048 1811 1085 unius
1841 1060 1990 1095 causae,
2013 1048 2080 1085 sed
2101 1060 2234 1085 earum
2258 1047 2519 1097 multiplicatio

1448 1102 1494 1140 sit
1521 1115 1590 1151 per
1609 1101 1803 1148 accidens;
1834 1101 1930 1138 sicut
1949 1101 2080 1138 artifex
2099 1101 2175 1150 agit
2196 1101 2323 1138 multis
2342 1101 2521 1138 martellis

1448 1169 1516 1205 per
1535 1155 1722 1203 accidens,
1744 1155 1834 1205 quia
1852 1167 1952 1192 unus
1977 1162 2063 1204 post
2082 1167 2204 1192 unum
2225 1154 2417 1203 frangitur.
2446 1156 2521 1191 Ac-

1449 1209 1537 1247 cidit
1557 1221 1647 1257 ergo
1667 1209 1755 1246 huic
1775 1208 1961 1255 martello,
1983 1208 2090 1257 quod
2116 1216 2201 1256 agat
2221 1216 2309 1257 post
2328 1207 2520 1245 actionem

1448 1263 1598 1300 alterius
1617 1263 1788 1299 martelli.
1820 1262 1870 1298 Et
1888 1261 2057 1298 similiter
2086 1261 2221 1299 accidit
2248 1261 2337 1298 huic
2360 1260 2519 1309 homini,

1448 1317 1675 1365 inquantum
1703 1323 1875 1364 generat,
1907 1315 2012 1364 quod
2041 1314 2087 1352 sit
2114 1322 2316 1363 generatus
2345 1315 2393 1351 ab
2422 1314 2518 1351 alio:

1447 1377 1603 1424 generat
1623 1369 1726 1406 enim
1751 1369 1978 1418 inquantum
2007 1369 2128 1405 homo
2147 1375 2173 1415 ³,
2205 1375 2241 1405 et
2260 1381 2339 1405 non
2359 1367 2519 1416 inquan-

1447 1431 1529 1460 tum
1558 1430 1614 1460 est
1641 1422 1740 1459 filius
1760 1422 1911 1459 alterius
1939 1422 2125 1468 hominis;
2156 1434 2291 1459 omnes
2321 1421 2424 1459 enim
2452 1421 2521 1458 ho-

1448 1476 1572 1514 mines
1591 1483 1815 1524 generantes
1834 1476 1977 1512 habent
2005 1475 2167 1524 gradum
2194 1487 2318 1512 unum
2338 1474 2377 1512 in
2397 1474 2520 1512 causis

1447 1529 1711 1577 efficientibus,
1732 1529 1872 1566 scilicet
1891 1529 2053 1577 gradum
2073 1529 2307 1578 particularis
2336 1540 2520 1577 generan-

1447 1583 1504 1621 tis.
1517 1583 1630 1620 Unde
1646 1595 1725 1620 non
1741 1590 1796 1620 est
1810 1582 2045 1631 impossibile
2062 1582 2168 1632 quod
2183 1583 2303 1619 homo
2319 1588 2521 1630 generetur

1446 1637 1495 1674 ab
1515 1636 1674 1674 homine
1694 1637 1733 1673 in
1753 1636 1957 1673 infinitum.
1989 1637 2101 1673 Esset
2119 1643 2248 1673 autem
2267 1634 2517 1684 impossibile,

1446 1690 1477 1727 si
1497 1689 1691 1738 generatio
1711 1690 1824 1726 huius
1843 1689 2011 1726 hominis
2035 1689 2270 1738 dependeret
2288 1689 2337 1726 ab
2357 1689 2433 1726 hoc
2451 1689 2520 1726 ho-

1447 1743 1562 1791 mine,
1593 1750 1630 1780 et
1658 1755 1680 1779 a
1709 1755 1870 1792 corpore
1900 1742 2133 1790 elementari,
2164 1749 2200 1779 et
2228 1755 2251 1780 a
2279 1742 2372 1790 sole,
2402 1749 2439 1779 et
2466 1741 2520 1779 sic

1446 1797 1484 1834 in
1513 1795 1717 1833 infinitum.

1499 1851 1559 1886 An
1579 1861 1753 1886 ocuvum
1782 1860 1968 1886 mcENDUM
1987 1849 2092 1896 quod
2113 1849 2212 1885 hanc
2241 1848 2428 1885 rationem
2447 1860 2518 1897 po-

1446 1910 1579 1940 nentes
1605 1902 1866 1940 aeternitatem
1887 1902 2022 1939 mundi
2049 1901 2303 1951 multipliciter
2323 1901 2519 1950 effugiunt.

1447 1956 1617 2004 Quidam
1647 1955 1749 1993 enim
1779 1967 1858 1992 non
1888 1962 2063 2004 reputant
2090 1954 2325 2005 impossibile
2354 1967 2437 1992 esse
2465 1955 2520 1992 in-

1446 2010 1571 2047 finitas
1601 2010 1750 2046 animas
1779 2017 1886 2056 actu3
1915 2016 1958 2046 ut
1985 2016 2088 2058 patet
2112 2008 2150 2046 in
2168 2008 2436 2058 Metaphysica
2456 2009 2521 2046 Al-

1446 2063 1583 2112 gazelis
1601 2062 1632 2110 ²⁸,
1655 2062 1813 2100 dicentis
1833 2063 1907 2099 hoc
1928 2075 2010 2099 esse
2031 2062 2222 2100 infinitum
2241 2074 2312 2111 per
2331 2061 2518 2100 accidens.

1448 2117 1524 2154 Sed
1539 2117 1615 2153 hoc
1634 2116 1895 2166 improbatum
1915 2123 1970 2153 est
1989 2116 2164 2165 superius
2177 2115 2209 2152 ²¹¹.
2236 2115 2406 2162 Quidam
2424 2127 2520 2153 vero

1447 2170 1578 2208 dicunt
1605 2170 1776 2207 animam
1805 2170 1999 2218 corrumpi
2030 2182 2119 2206 cum
2144 2181 2318 2218 corpore.
2349 2168 2520 2216 Quidam

1447 2236 1542 2261 vero
1571 2224 1676 2273 quod
1707 2235 1752 2259 ex
1780 2223 1961 2260 omnibus
1998 2222 2199 2260 animabus
2237 2229 2410 2260 remanet
2442 2234 2521 2259 una

1447 2284 1607 2314 tantum.
1629 2276 1703 2313 Alii
1717 2288 1825 2323 vero,
1845 2283 1887 2312 ut
1901 2276 2136 2324 Augustinus
2156 2275 2245 2312 dicit
2258 2275 2289 2322 ’¹‘,
2310 2282 2522 2324 posuerunt

1447 2336 1604 2379 propter
1626 2330 1702 2366 hoc
1731 2328 1930 2366 circuitum
1960 2330 2194 2374 animarum3
2223 2335 2265 2365 ut
2284 2328 2423 2366 scilicet
2442 2329 2521 2366 ani-

1449 2395 1536 2419 mae
1552 2390 1747 2432 separatae
1764 2395 1786 2419 a
1801 2381 2038 2431 corporibus,
2054 2389 2142 2431 post
2161 2381 2410 2419 determinata
2424 2389 2520 2419 tem-

1448 2448 1588 2485 porum
1608 2436 1792 2473 curricula
1807 2442 1831 2481 ⁰,
1853 2436 1991 2472 iterum
2012 2435 2179 2473 redirent
2197 2435 2245 2472 ad
2265 2447 2440 2484 corpora.
2461 2435 2521 2472 De

1449 2489 1589 2538 quibus
1613 2489 1794 2526 omnibus
1813 2488 1852 2526 in
1873 2488 2120 2537 sequentibus
2138 2487 2159 2510 *
2188 2495 2243 2525 est
2271 2487 2475 2536 agendum.
2495 2509 2520 2517 -

1450 2542 1784 2580 Considerandum
1799 2549 1930 2579 tamen
1946 2542 2051 2591 quod
2066 2542 2162 2579 haec
2178 2541 2272 2579 ratio
2287 2540 2522 2591 particularis

1451 2603 1517 2634 est.
1547 2596 1660 2634 Unde
1689 2603 1819 2646 posset
1841 2595 1966 2633 dicere
1987 2595 2121 2645 aliquis
2141 2594 2246 2644 quod
2267 2594 2436 2632 mundus
2455 2594 2524 2632 fuit

1450 2656 1640 2697 aeternus,
1660 2650 1723 2687 vel
1753 2649 1887 2686 saltem
1916 2649 2043 2698 aliqua
2072 2655 2254 2695 creatura,
2281 2655 2323 2685 ut
2342 2648 2520 2696 angelus3

1450 2712 1530 2740 non
1549 2710 1677 2740 autem
1702 2703 1834 2740 homo.
1865 2703 1950 2739 Nos
1970 2710 2098 2739 autem
2118 2701 2351 2739 intendimus
2371 2701 2523 2739 univer-

1450 2756 1585 2801 saliter,
1615 2768 1664 2793 an
1693 2755 1820 2804 aliqua
1848 2763 2020 2793 creatura
2048 2755 2158 2793 fuerit
2185 2756 2233 2792 ab
2262 2762 2430 2792 aeterno.

1503 2862 1530 2895 ο)
1549 2862 1607 2887 etsi.
1625 2876 1644 2882 -
1661 2862 1686 2887 si
1703 2862 1861 2891 ABCEGab,
1881 2861 1962 2887 etiam
1981 2861 2005 2886 si
2022 2861 2052 2887 F.

1503 2898 1532 2930 π)
1553 2898 1589 2924 in.
1606 2911 1625 2918 ·-
1643 2897 1680 2923 ad
1697 2898 1845 2923 ACDEFG.

1503 2933 1528 2967 ρ)
1548 2936 1583 2959 et.
1601 2947 1621 2954 -
1638 2934 1701 2959 Om.
1720 2933 1899 2966 ACDEFGpB
1918 2939 1943 2959 et
1961 2941 1978 2958 a
1989 2933 2013 2959 b.

1503 2969 1529 3001 α)
1549 2972 1699 3001 reputatur.
1717 2983 1737 2990 -·
1754 2972 1881 3002 reputant
1899 2969 2002 2994 codices
2021 2973 2048 2995 et
2065 2969 2117 2995 a'b.

1503 3005 1528 3037 τ)
1547 3004 1634 3030 homo.
1652 3018 1671 3024 —
1685 3008 1767 3037 pater
1785 3005 1818 3030 G.

1502 3040 1528 3072 υ)
1548 3040 1692 3066 curricula.
1709 3055 1729 3060 —
1746 3040 1847 3066 circula
1865 3040 1981 3066 EFGsA.

1007 3107 1340 3141 Commentario
1362 3107 1614 3143 cardinalis
1637 3110 1838 3144 Caietam

357 3194 377 3214 N
393 3184 496 3220 titulo,
509 3183 668 3215 articulus
673 3183 758 3225 fidei
769 3189 861 3214 sonat
875 3183 964 3224 quod
979 3182 1047 3213 sola
1061 3182 1122 3214 fide
1134 3189 1239 3214 tenere
1259 3190 1396 3224 oportet.

358 3246 378 3252 -
396 3229 430 3259 In
447 3237 580 3268 corpore
604 3227 697 3258 unica
719 3233 766 3258 est
782 3226 945 3258 conclusio
965 3227 1149 3268 responsiva
1167 3227 1323 3268 quaesito,
1340 3227 1397 3259 sci-

326 3272 415 3303 licet:
440 3273 600 3303 Mundum
623 3271 799 3312 incoepisse
822 3271 891 3302 sola
914 3271 976 3302 fide
999 3278 1139 3308 tenetur,
1163 3271 1207 3302 ita
1230 3272 1320 3313 quod
1343 3272 1396 3303 de-

328 3316 530 3347 monstrative
541 3316 667 3357 probari
680 3326 746 3346 non
762 3322 910 3356 potest.-
890 3316 1029 3353 -Quam
1042 3315 1281 3347 conclusionem
1291 3315 1396 3357 primo

327 3361 440 3400 probat
456 3361 564 3402 quoad
580 3360 752 3391 secundam
767 3367 905 3401 partem;
926 3360 1077 3396 secundo,
1093 3359 1274 3391 manifestat
1289 3361 1397 3402 quoad

328 3404 464 3455 primam
479 3405 512 3441 *;
532 3411 562 3436 et
578 3404 679 3441 tertio,
701 3404 839 3435 ostendit
854 3411 991 3446 quantae
1006 3404 1147 3435 utilitatis
1163 3404 1203 3436 sit
1216 3414 1310 3435 nosse
1326 3414 1397 3446 pro-

328 3449 466 3488 positam
489 3448 730 3480 conclusionem
743 3448 770 3480 *.

386 3493 422 3523 11.
447 3493 564 3530 Quoad
587 3493 729 3533 primum
747 3492 851 3533 igitur,
872 3492 1006 3524 intendit
1023 3493 1119 3524 talem
1138 3493 1304 3524 rationem.
1329 3493 1396 3523 No-

296 3548 298 3550 *
327 3535 405 3567 vitas
429 3537 541 3567 mundi
565 3547 629 3567 non
655 3543 759 3578 potest
784 3537 991 3568 demonstrari
1016 3547 1052 3568 ex
1076 3543 1163 3579 parte
1186 3537 1314 3574 mundi,
1338 3546 1397 3568 nec

329 3589 365 3610 ex
388 3587 475 3621 parte
499 3591 573 3612 suae
597 3589 726 3612 causae:
752 3591 826 3622 ergo
851 3579 1220 3613 est'indemonstrabilis.

1505 3182 1713 3219 Antecedens,
1727 3182 1836 3223 quoad
1848 3182 1985 3223 primam
1997 3187 2129 3222 partem,
2140 3181 2303 3223 probatur.
2320 3182 2524 3213 Demonstra-

1451 3225 1546 3256 tionis
1562 3226 1755 3277 principium
1779 3233 1825 3257 est
1847 3227 1932 3268 quod
1954 3226 2032 3268 quid
2054 3231 2111 3264 est,
2137 3232 2168 3257 et
2191 3226 2459 3267 unumquodque,
2476 3235 2523 3258 se·

1452 3270 1595 3301 cundum
1619 3270 1774 3301 rationem
1798 3281 1873 3302 suae
1897 3270 2029 3311 speciei,
2054 3270 2205 3302 abstrahit
2228 3271 2266 3301 ab
2289 3270 2342 3301 hic
2365 3277 2396 3302 et
2418 3279 2521 3302 nunc:

1451 3324 1526 3354 ergo
1551 3324 1616 3345 non
1640 3321 1745 3355 potest
1763 3314 1973 3346 demonstrari
1996 3315 2086 3355 quod
2108 3314 2220 3351 homo,
2241 3321 2295 3346 aut
2315 3314 2448 3351 caelum,
2468 3321 2524 3346 aut

1450 3358 1530 3399 lapis
1554 3369 1620 3389 non
1645 3369 1770 3399 semper
1793 3359 1863 3390 fuit.
1880 3377 1901 3382 —
1917 3358 2062 3390 Secunda
2086 3369 2157 3399 pars
2187 3358 2398 3394 antecedentis
2422 3358 2522 3389 mani·

1451 3402 1581 3434 festatur
1605 3413 1622 3433 a
1646 3402 1812 3434 communi
1836 3403 1938 3440 dicto,
1963 3403 2053 3444 quod
2081 3403 2279 3435 universalia
2309 3407 2384 3434 sunt
2408 3402 2523 3444 ubique

1451 3453 1481 3478 et
1505 3457 1639 3487 semper.

1509 3491 1626 3529 Quoad
1649 3492 1824 3523 secundam
1846 3500 1922 3522 vero
1946 3498 2078 3531 partem,
2096 3491 2259 3532 probatur.
2283 3490 2440 3522 Voluntas
2462 3489 2522 3521 Dei

1451 3535 1572 3567 ratione
1596 3535 1774 3576 investigari
1799 3545 1866 3566 non
1889 3541 2004 3576 potest,
2029 3535 2089 3566 nisi
2113 3535 2193 3566 circa
2217 3535 2392 3566 necessario
2409 3533 2520 3566 volita:

1451 3589 1526 3620 ergo
1555 3590 1621 3610 non
1650 3586 1755 3621 potest
1782 3579 2027 3610 demonstrative
2056 3579 2126 3610 sciri
2156 3579 2235 3621 quid
2259 3579 2339 3611 circa
2367 3585 2522 3610 creaturas

2546 2070 2557 2082 '¹
2571 2068 2654 2096 Liba,
2668 2072 2735 2092 tract.
2743 2075 2761 2097 1,

2549 2101 2601 2124 cup.
2616 2101 2651 2118 xi.

2548 2127 2557 2137 ·
2572 2126 2622 2155 Qu.
2631 2132 2674 2154 vn,
2689 2130 2760 2155 nrt.4.

2593 2287 2650 2304 em.

2545 2282 2762 2358 2314...stOE

2643 2282 2710 2332 002.

2549 2335 2762 2389 nurgum

2627 2378 2703 2417 mxu,

2549 2496 2733 2525 ‘Qu.1.xxv,m.

2549 2530 2590 2552 qu.
2597 2529 2675 2551 fluvi,

2549 2556 2589 2579 qu.
2597 2552 2676 2579 cxvm,
