2768 4178
73 1394 81 1402 ·
98 1392 155 1419 Cap.
170 1398 205 1415 vi.
222 1397 244 1413 n.
259 1397 283 1418 53
329 1396 333 1402 ·
360 1393 372 1406 *-

70 1419 184 1440 cf.Aver=-.
196 1424 282 1440 comm.

72 1452 126 1467 xxv.
151 1457 161 1462 -
186 1445 210 1467 S.

69 1473 121 1494 lect.
137 1478 169 1494 xl.

69 1560 81 1571 ⁴
101 1559 222 1588 Confess„
242 1559 283 1581 lib.

72 1586 112 1610 111.
121 1593 147 1608 ca
166 1603 171 1608 .
180 1593 225 1611 vn;
236 1586 284 1607 En—

71 1593 170 1640 chiriaf,
186 1619 237 1640 cap.
252 1619 283 1635 111.

70 1666 81 1677 ⁸
95 1667 147 1688 Art.
162 1672 182 1688 2.

67 2147 76 2156 ·
91 2146 142 2167 Art.
158 2152 178 2173 2,
193 2152 212 2174 5.

68 2360 76 2369 ¹
93 2359 150 2387 Cap.
166 2365 192 2381 11.

167 2727 181 2761 β

69 2896 77 2905 ’
94 2895 159 2917 Vers.
172 2902 197 2918 11.

237 1444 282 1466 Th.
329 1428 353 1453 Ὗ

314 267 384 303 182

309 346 468 387 quaedam
483 355 549 376 non
564 345 648 377 entia
664 345 777 376 dicitur
789 346 876 376 Deus
892 345 969 376 seire
983 347 1117 377 scientia
1131 346 1272 383 visionis,
1286 355 1382 386 quae-

310 391 386 420 dam
409 400 484 421 vero
512 391 665 431 simplicis
684 390 926 431 intelligentiae.
957 390 999 421 Et
1022 390 1102 421 ratio
1127 390 1299 420 nominum
1325 397 1382 426 est,

310 434 385 476 quia
411 434 479 465 visa
501 435 588 475 apud
612 444 670 465 nos
694 434 811 465 habent
842 435 920 465 duas
945 434 1164 465 conditiones:
1197 434 1293 464 altera
1316 441 1381 470 est,

311 479 401 519 quod
424 486 498 510 sunt
514 478 761 519 praesentialiter
784 479 908 510 obiecta
931 479 1067 515 videnti;
1093 478 1197 514 altera,
1222 478 1313 518 quod
1328 478 1383 508 ha—

311 524 386 554 bent
402 533 469 554 esse
485 523 670 554 distinctum
693 530 778 554 extra
795 523 967 554 videntem.
992 523 1034 554 Et
1049 529 1216 563 propterea
1231 522 1285 553 illa
1301 532 1383 563 quae

311 568 506 608 quandoque
530 575 618 604 sunt,
642 567 775 598 visionis
799 568 929 599 scientia
953 567 1085 607 intelligi
1109 567 1274 597 dicuntur:
1300 577 1383 608 quae

310 622 386 642 vero
410 622 591 653 nunquam,
617 622 684 643 non
707 612 820 649 videri,
846 613 901 643 sed
925 611 1061 652 simplici
1084 611 1290 652 intelligentia
1313 611 1383 642 sciri

312 656 470 687 dicuntur.
500 656 555 687 Illa
579 657 665 687 enim
687 657 805 688 habent
828 657 884 687 has
908 657 987 687 duas
1011 655 1228 692 conditiones,
1253 663 1384 697 propter

311 701 527 731 aeternitatem
551 701 698 732 scientiae
717 701 851 738 divinae,
873 708 947 732 etc.:
969 701 1027 731 ista
1046 707 1202 731 neutram.

370 745 421 775 IV.
447 745 539 776 Circa
555 745 637 776 hanc
653 753 775 786 partem
792 754 838 777 est
857 744 1119 776 dubitatiuncula.
1144 744 1310 782 Quoniam
1325 744 1383 775 ista

311 788 484 820 differentia
507 800 574 820 non
598 797 718 831 spectat
741 791 780 821 ad
804 800 870 820 non
894 790 977 821 entia
1001 796 1037 820 ut
1060 789 1112 825 sic,
1139 789 1194 819 sed
1218 788 1319 829 magis
1342 789 1383 819 ad

311 843 376 864 non
405 834 488 865 entia
511 834 703 876 inquantum
728 842 802 866 sunt
826 834 925 865 entia:
951 841 982 865 et
1005 840 1236 874 consequenter
1257 843 1313 873 per
1332 843 1382 863 ac-

311 878 417 909 cidens
436 879 571 919 pertinet
590 880 629 910 ad
649 880 734 910 hunc
759 879 938 915 articulum,
956 879 988 909 in
1012 888 1078 919 quo
1104 878 1142 908 de
1167 877 1297 908 scientia
1315 887 1383 908 non

311 923 434 954 entium
451 923 563 963 agitur.
588 927 803 964 Assumptum
819 931 920 964 patet:
944 923 1019 964 quia
1036 933 1071 953 ea
1088 932 1169 963 quae
1187 922 1382 963 quandoque

1011 266 1280 312 QUAESTIO
1310 267 1411 313 XlV,
1441 266 1740 303 ARTICULUS
1771 267 1805 302 X

1438 352 1521 382 sunt,
1542 345 1700 386 pertinent
1723 346 1763 375 ad
1787 345 1950 376 scientiam
1973 345 2105 375 visionis
2130 355 2166 375 ea
2189 346 2320 382 ratione,
2341 347 2416 388 quia
2435 354 2511 379 sunt

1438 389 1520 421 entia
1535 390 1731 431 quandoque
1746 389 1779 420 in
1796 397 1878 427 actu,
1892 397 1923 421 et
1934 400 2000 420 non
2016 389 2210 431 inquantum
2225 400 2292 421 non
2306 391 2404 428 entia;
2422 401 2507 432 ergo.

1495 434 1547 464 Ad
1570 434 1632 465 hoc
1648 434 1783 465 breviter
1798 434 1921 471 dicitur,
1938 434 2027 475 quod
2050 434 2109 465 ista
2134 433 2307 466 differentia
2325 436 2425 476 tangit
2441 446 2508 467 non

1438 478 1521 509 entia
1537 485 1675 520 utroque
1692 479 1803 516 modo,
1820 479 1938 510 scilicet
1959 479 2152 520 inquantum
2168 485 2252 515 sunt,
2269 486 2301 510 et
2315 479 2509 521 inquantum

1437 533 1504 553 non
1528 530 1611 554 sunt.
1637 523 1761 554 Eorum
1784 523 1871 554 enim
1894 533 1976 565 quae
2000 533 2168 564 nunquam
2192 530 2280 560 sunt,
2305 525 2360 554 sed
2384 534 2510 565 semper

1438 574 1512 598 sunt
1535 567 1568 598 in
1592 567 1755 608 potentia,
1784 568 1983 599 non-solum
2006 568 2092 608 ipsae
2116 567 2260 599 entitates
2289 568 2323 598 in
2346 569 2508 609 potentia,

1438 612 1493 642 sed
1517 612 1702 652 negationes
1725 612 1913 644 actualitatis
1937 612 2073 653 simplici
2096 612 2303 652 intelligentia
2321 620 2508 644 noscuntur.

1437 657 1479 687 Et
1494 656 1638 688 similiter
1654 667 1767 687 eorum
1791 667 1872 698 quae
1896 657 2091 698 quandoque
2115 664 2187 688 actu
2211 664 2295 694 sunt,
2313 667 2380 689 non
2400 658 2508 689 solum

1438 701 1582 732 entitates
1605 701 1639 732 in
1662 708 1734 732 actu
1758 701 1812 732 tali
1835 709 1990 742 tempore,
2015 702 2069 732 sed
2093 701 2277 742 negationes
2300 702 2339 733 ab
2359 709 2431 733 actu
2454 702 2509 733 tali

1438 745 1501 775 alio
1525 751 1689 785 tempore,
1718 746 1850 776 visionis
1874 746 2003 777 scientia
2031 753 2269 787 cognoscuntur
2299 747 2338 777 ab
2369 753 2507 777 aeterno.

1437 789 1479 820 Et
1501 789 1620 820 horum
1644 790 1723 820 ratio
1753 797 1816 827 est,
1849 790 1924 831 quia
1947 791 2073 832 negatio
2104 801 2160 831 per
2190 790 2433 823 affirmationem
2457 801 2509 822 co-

1438 833 1619 873 gnoscitur,
1651 841 1682 865 et
1709 834 1794 865 illius
1818 845 1918 875 genus
1942 836 2086 876 sequitur
2108 835 2141 866 in
2166 836 2299 866 essendo
2329 843 2360 867 et
2387 846 2509 876 cogno-

1438 878 1555 908 scendo
1580 878 1758 908 secundum
1782 889 1824 910 se.
1859 880 1900 910 Et
1923 879 1967 910 sic
1991 879 2164 911 differentia
2188 880 2247 911 ista
2275 887 2322 911 est
2350 881 2510 922 complete

1439 921 1655 961 complectens
1674 932 1740 952 non
1760 923 1853 960 entia,
1873 924 1912 954 ad
1932 924 2146 964 propositum.

1109 1058 1429 1100 ARTICULUS
1460 1058 1712 1100 DECIMUS

992 1141 1169 1172 UTRUM
1201 1141 1327 1172 nEus
1360 1141 1663 1173 COGNOSCAT
1694 1143 1831 1173 MALA

607 1212 615 1236 1
636 1211 718 1241 Sem„
735 1211 794 1236 dist.
812 1219 894 1241 xxxvi,
914 1219 958 1245 qu.
977 1219 994 1241 1,
1010 1217 1058 1237 311.
1079 1218 1108 1242 2;
1129 1212 1138 1236 1
1160 1212 1237 1238 Cont.
1259 1213 1346 1241 Gent„
1367 1220 1422 1246 cap.
1442 1221 1512 1243 x.m;
1533 1213 1575 1238 De
1593 1213 1682 1243 Verit„
1703 1221 1746 1247 qu.
1765 1221 1793 1244 11,
1812 1219 1860 1240 art.
1878 1214 1922 1244 15;
1944 1214 2040 1245 Quodl.
2059 1215 2102 1246 XI,
2123 1223 2167 1248 qu.
2185 1223 2214 1241 11.

368 1310 371 1313 «
397 1305 411 1330 5.
431 1296 728 1355 ,1,41111331111111
752 1295 805 1321 513
825 1295 1067 1322 PROCEDITUR.
1097 1284 1257 1322 Videtur
1276 1284 1383 1333 quod

442 1330 502 1389 {³1¹4
523 1339 628 1374 Deus
657 1349 736 1374 non
767 1345 972 1386 cognoscat
1000 1338 1114 1375 mala.
1149 1337 1250 1375 Dicit
1278 1338 1381 1376 enim

375 1378 792 1440 ΓκῬ111105οΡ11115,
822 1391 860 1428 in
891 1393 939 1428 ΙΙΙ
970 1391 1016 1428 de
1042 1393 1185 1429 Anima
1204 1391 1244 1438 ²⁸,
1275 1391 1382 1440 quod

368 1422 732 1484 ζτ-Χ1111311331115
765 1444 832 1492 qui
860 1457 939 1482 non
965 1453 1022 1482 est
1041 1445 1080 1482 in
1099 1445 1281 1494 potentia,
1302 1458 1382 1483 non

313 1498 508 1547 cognoscit
543 1498 813 1547 privationem.
845 1499 922 1536 Sed
957 1499 1104 1536 malum
1134 1506 1191 1536 est
1214 1499 1382 1548 privatio

312 1553 411 1598 boni,
431 1560 473 1589 ut
493 1551 581 1588 dicit
600 1551 835 1600 Augustinus
853 1551 885 1589 ³¹⁸.
912 1552 1036 1601 Igitur,
1063 1565 1151 1590 cum
1172 1552 1382 1590 intellectus

311 1606 384 1643 Dei
411 1618 611 1654 nunquam
641 1605 688 1642 sit
715 1605 753 1642 in
780 1605 972 1655 potentia,
1003 1606 1071 1643 sed
1100 1618 1255 1656 semper
1283 1615 1381 1654 actu,

310 1667 352 1696 ut
382 1671 426 1696 ex
454 1659 562 1696 dictis
581 1658 601 1680 *
627 1666 743 1708 patet,
771 1658 923 1696 videtur
942 1659 1048 1708 quod
1076 1661 1182 1697 Deus
1210 1672 1290 1697 non
1319 1673 1382 1698 co-

311 1720 469 1761 gnoscat
497 1712 609 1749 mala.

366 1778 401 1803 2.
436 1767 678 1813 PRAETEREA,
718 1765 845 1803 omnis
881 1766 1037 1804 scientia
1073 1767 1135 1804 vel
1174 1775 1230 1804 est
1267 1779 1382 1805 causa

310 1819 410 1867 sciti,
440 1820 503 1857 vel
537 1826 713 1856 causatur
740 1819 790 1856 ab
821 1832 879 1857 eo.
910 1820 989 1857 Sed
1017 1820 1174 1858 scientia
1201 1821 1274 1858 Dei
1302 1833 1381 1858 non

311 1881 366 1910 est
386 1886 500 1910 causa
519 1872 619 1919 mali,
636 1885 707 1910 nec
728 1881 904 1911 causatur
923 1886 946 1910 a
964 1874 1080 1911 malo.
1102 1874 1204 1922 Ergo
1225 1874 1381 1912 scientia

308 1926 381 1964 Dei
410 1939 489 1964 non
519 1934 574 1963 est
602 1927 806 1964 malorum.

365 1981 398 2017 3.
429 1981 665 2026 PRAETEREA,
695 1992 812 2017 omne
833 1980 938 2029 quod
963 1980 1216 2028 cognoscitur,
1239 1993 1380 2029 cogno-

309 2033 424 2070 scitur
451 2046 520 2082 per
548 2045 658 2070 suam
688 2033 987 2081 similitudinem,
1007 2034 1071 2071 vel
1088 2046 1160 2083 per
1178 2046 1293 2072 suurn
1313 2047 1382 2084 op-

306 2087 488 2136 positum.
529 2086 728 2136 Quidquid
762 2095 891 2124 autem
926 2087 1123 2136 cognoscit
1159 2088 1287 2136 Deus,
1317 2101 1381 2125 co—

308 2140 454 2189 gnoscit
472 2153 541 2190 per
570 2152 680 2177 suam
710 2141 927 2189 essentiam,
956 2149 998 2178 ut
1024 2152 1069 2177 ex
1089 2141 1197 2178 dictis
1217 2141 1237 2164 ’¹‘
1263 2149 1378 2191 patet.

308 2194 448 2231 Divina
477 2201 606 2231 autem
635 2194 797 2231 essentia
825 2206 950 2242 neque
972 2202 1027 2231 est
1050 2194 1255 2232 similitudo
1277 2195 1379 2243 mali,

308 2259 434 2297 neque
463 2247 498 2284 ei
527 2248 672 2284 malum
693 2247 924 2296 opponitur:
956 2247 1108 2285 divinae
1129 2248 1233 2285 enirn
1254 2261 1380 2286 essen-

308 2300 381 2338 tiae
410 2300 500 2338 nihil
531 2309 587 2338 est
606 2301 851 2348 contrarium,
871 2308 913 2338 ut
933 2301 1021 2338 dicit
1038 2301 1287 2349 Augustinus,
1309 2303 1378 2339 XII

311 2354 356 2391 de
389 2355 467 2391 Civ.
489 2354 565 2391 Dei
581 2353 611 2391 ³¹⁶.
639 2355 741 2403 Ergo
771 2355 878 2392 Deus
906 2366 984 2391 non
1016 2355 1211 2402 cognoscit
1239 2356 1352 2392 mala.

361 2419 399 2455 4.
430 2409 669 2455 PRAETEREA,
699 2408 807 2456 quod
844 2408 1086 2456 cognoscitur
1118 2421 1197 2446 non
1224 2421 1294 2458 per
1322 2421 1377 2446 53-

308 2459 456 2510 ipsum,
487 2461 555 2498 sed
582 2473 652 2509 per
680 2461 803 2508 aliud,
837 2461 1058 2511 imperfecte
1089 2462 1329 2510 cognoscitur
1348 2468 1376 2499 ².

310 2514 386 2551 Sed
415 2515 561 2552 malurn
581 2527 660 2552 non
681 2514 923 2563 cognoscitur
941 2528 964 2552 a
983 2516 1069 2552 Deo
1097 2528 1167 2565 per
1185 2516 1377 2565 seipsum:

308 2567 397 2617 quia
434 2567 488 2605 513
525 2576 718 2617 oporteret
746 2569 852 2617 quod
889 2569 1035 2606 malum
1065 2577 1163 2606 esset
1196 2570 1235 2607 in
1269 2571 1377 2616 Deo;

309 2629 459 2670 oportet
487 2621 588 2658 enim
623 2621 818 2670 cognitum
848 2635 931 2659 esse
966 2622 1004 2659 in
1035 2631 1302 2672 cognoscente.
1338 2623 1378 2660 Si

309 2687 399 2723 ergo
429 2675 669 2723 cognoscitur
696 2688 765 2725 per
798 2675 921 2724 aliud,
953 2676 1094 2714 scilicet
1119 2689 1190 2726 per
1217 2677 1378 2725 bonum,

308 2727 528 2777 imperfecte
549 2737 800 2778 cognoscetur
815 2730 863 2766 ab
883 2729 967 2779 ipso
982 2728 1016 2766 βε
1037 2730 1145 2778 quod
1161 2738 1216 2768 est
1235 2730 1378 2780 impos-

308 2781 436 2830 sibile,
472 2782 560 2831 quia
598 2783 700 2819 nulla
738 2783 902 2831 cognitio
941 2783 1013 2820 Dei
1051 2792 1107 2821 est
1143 2784 1377 2834 imperfecta.

308 2836 411 2883 Ergo
439 2835 595 2873 scientia
622 2836 695 2873 Dei
724 2849 801 2874 non
831 2844 887 2874 est
913 2838 1116 2874 malorum.

363 2889 437 2926 SED
473 2901 618 2926 CONTRA
652 2901 717 2926 35τ
754 2890 860 2938 quod
893 2890 1027 2927 dicitur
1062 2892 1244 2928 Proverb.
1265 2902 1313 2928 xv
1336 2891 1377 2928 *z

309 2943 478 2991 infernus
505 2949 542 2979 et
562 2943 723 2991 perditio
752 2955 883 2980 coram
911 2945 1007 2982 Deo.

362 2997 588 3033 RasPONm-:o
617 3008 801 3034 11133ΝοοΜ
831 2997 937 3045 quod
959 2997 1195 3047 quicumque
1213 2998 1379 3047 perfecte

309 3049 504 3098 cognoscit
523 3049 678 3099 aliquid,
700 3058 850 3099 oportet
878 3051 984 3099 quod
1010 3059 1216 3099 cognoscat
1249 3051 1380 3089 omnia

308 3115 406 3150 quae
434 3111 595 3152 possunt
624 3103 672 3140 illi
701 3103 885 3141 accidere.
917 3105 1013 3141 Sunt
1038 3112 1167 3142 autem
1188 3105 1380 3154 quaedam

309 3157 432 3204 bona,
463 3157 602 3206 quibus
632 3157 805 3194 accidere
834 3165 960 3206 potest
987 3165 1029 3194 ut
1056 3170 1125 3207 per
1159 3159 1261 3196 mala
1296 3170 1378 3195 cor-

309 3218 544 3258 rumpantur.
575 3210 686 3248 Unde
715 3211 821 3247 Deus
841 3223 919 3247 non
938 3211 1104 3260 perfecte
1135 3219 1382 3260 cognosceret

363 3324 389 3355 α)
409 3324 524 3356 quod...
545 3325 724 3358 cognoscitur.
748 3338 767 3344 -
790 3323 863 3357 quod
885 3325 1056 3358 cognoscitur
1075 3333 1128 3358 per
1151 3326 1234 3351 alium
1257 3325 1378 3358 (aliquod

308 3360 383 3384 aliud
401 3360 432 3391 B)
452 3363 478 3384 et
497 3367 548 3384 non
564 3367 616 3392 per
634 3360 758 3392 seipsum,
778 3367 830 3385 non
846 3360 966 3394 perfecte
985 3362 1156 3394 cognoscitur
1174 3361 1296 3386 ABCDE.

363 3394 387 3427 β)
407 3395 439 3420 ab
458 3395 524 3427 ipso.
541 3409 561 3416 ·-
579 3396 641 3421 Om.
660 3395 763 3421 codices
783 3400 808 3420 et
827 3395 877 3420 ab.

1438 1286 1552 1333 bona,
1573 1285 1645 1323 nisi
1672 1286 1786 1324 etiam
1811 1295 2061 1335 cognosceret
2080 1289 2192 1341 mala.
2223 1287 2287 1326 Sic
2305 1295 2435 1326 autem
2454 1297 2513 1333 est

1438 1339 1695 1387 cognoscibile
1723 1341 2045 1390 unumquodque,
2066 1341 2281 1379 secundum
2310 1342 2417 1391 quod
2443 1350 2509 1380 est.

1438 1393 1563 1440 Unde,
1585 1405 1674 1431 cum
1702 1394 1778 1430 hoc
1805 1394 1851 1431 sit
1880 1406 1963 1432 esse
1992 1395 2095 1442 mali,
2126 1395 2232 1444 quod
2262 1403 2318 1433 est
2344 1395 2508 1445 privatio

1437 1447 1541 1494 boni,
1561 1459 1631 1496 per
1649 1447 1724 1484 hoc
1744 1446 1871 1496 ipsum
1891 1449 1997 1498 quod
2012 1453 2026 1475 ⁷
2049 1449 2157 1486 Deus
2178 1449 2374 1498 cognoscit
2392 1450 2508 1498 bona,

1437 1500 1633 1549 cognoscit
1652 1500 1768 1538 etiam
1787 1502 1905 1548 mala;
1927 1501 2023 1539 sicut
2041 1515 2110 1552 per
2129 1503 2255 1541 lucem
2272 1515 2510 1551 cognoscun-

1437 1561 1497 1591 tur
1524 1554 1717 1592 tenebrae.
1756 1555 1868 1592 Unde
1899 1555 1987 1593 dicit
2014 1540 2242 1605 Dionysius,
2272 1569 2321 1594 vu
2351 1569 2434 1606 cap.
2463 1558 2511 1595 de

1436 1608 1525 1646 Div.
1545 1609 1664 1646 Nom.
1681 1608 1712 1655 ²¹⁸,
1734 1608 1840 1657 quod
1859 1609 1966 1646 Deus
1988 1621 2063 1658 per
2080 1610 2318 1659 semetipsum
2338 1611 2508 1648 tenebra-

1437 1674 1523 1699 rum
1543 1662 1680 1710 accipit
1705 1662 1901 1708 visionem,
1922 1675 1998 1700 non
2018 1663 2171 1701 aliunde
2189 1664 2319 1702 videns
2337 1665 2510 1702 tenebras

1436 1727 1551 1764 quam
1581 1727 1605 1753 a
1633 1715 1785 1753 lumine.

1488 1770 1548 1806 Α1)
1578 1781 1716 1806 ptumum
1745 1780 1844 1806 ERGO
1873 1781 2059 1807 11133111)οΜ
2092 1770 2200 1818 quod
2226 1771 2394 1808 verbum
2421 1771 2510 1808 Phi-

1435 1822 1587 1871 losophi
1625 1830 1681 1859 est
1718 1822 1771 1859 sic
1809 1822 2116 1871 intelligendum,
2156 1823 2262 1872 quod
2297 1824 2510 1862 intellectus

1436 1875 1500 1924 qui
1529 1888 1608 1913 non
1638 1882 1694 1913 est
1721 1875 1760 1912 in
1788 1876 1971 1925 potentia,
1997 1888 2077 1914 non
2106 1877 2303 1925 cognoscit
2328 1877 2510 1928 privatio-

1436 1941 1527 1966 nem
1555 1941 1624 1978 per
1650 1928 1908 1978 privationem
1936 1929 1976 1967 in
1994 1929 2079 1979 ipso
2100 1930 2336 1969 existentem.
2366 1932 2416 1969 Et
2434 1931 2526 1969 hoc,

1436 1982 1607 2031 congruit
1627 1994 1715 2020 curn
1735 1995 1782 2020 eo
1802 1983 1908 2032 quod
1941 1996 2058 2032 supra
2071 1983 2092 2005 ’¹‘
2111 1983 2268 2031 dixerat,
2289 1984 2395 2034 quod
2413 1979 2510 2035 pun-

1436 2043 1539 2074 ctum
1569 2044 1607 2074 et
1634 2048 1752 2074 omne
1780 2036 2009 2074 indivisibile
2036 2049 2107 2086 per
2129 2037 2387 2087 privationem
2417 2038 2510 2077 divi-

1435 2089 1553 2128 sionis
1581 2090 1834 2138 cognoscitur.
1869 2090 1988 2138 Quod
2018 2090 2200 2140 contingit
2228 2103 2275 2129 ex
2301 2092 2390 2140 hoc,
2418 2092 2510 2143 quia

1435 2143 1583 2180 formae
1617 2143 1807 2193 simplices
1845 2151 1882 2181 et
1918 2143 2166 2182 indivisibiles
2199 2157 2279 2183 non
2308 2153 2395 2183 sunt
2423 2153 2510 2184 actu

1434 2196 1472 2233 in
1501 2196 1692 2234 intellectu
1711 2205 1855 2244 nostr0,
1877 2198 1944 2235 sed
1964 2197 2002 2235 in
2022 2198 2192 2247 potentia
2220 2206 2387 2237 tantum:
2416 2211 2509 2238 nam

1434 2249 1465 2286 si
1485 2258 1611 2287 essent
1639 2257 1726 2286 actu
1754 2249 1791 2286 in
1821 2249 2011 2288 intellectu
2031 2259 2176 2299 nostro,
2197 2264 2276 2289 non
2294 2265 2365 2302 per
2382 2253 2510 2302 priva·

1434 2302 1579 2340 tionem
1600 2310 1932 2351 cognoscerentur.
1963 2304 2012 2341 Et
2039 2304 2092 2341 sic
2117 2306 2508 2352 cognoscuntursim-

1433 2356 1545 2406 plicia
1573 2369 1596 2393 a
1623 2356 1844 2394 substantiis
1868 2357 2062 2406 separatis.
2085 2358 2191 2395 Deus
2215 2357 2326 2406 igitur
2344 2371 2424 2396 non
2443 2371 2507 2396 co-

1434 2409 1582 2458 gnoscit
1595 2410 1743 2447 malurn
1762 2422 1832 2459 per
1845 2410 2101 2459 privationem
2119 2410 2159 2448 in
2178 2423 2218 2449 se
2235 2408 2249 2433 ⁸
2269 2411 2505 2461 existentem,

1434 2463 1502 2501 sed
1530 2475 1599 2513 per
1627 2463 1775 2501 bonum
1805 2464 2040 2514 oppositum.

1486 2519 1546 2554 Α1)
1574 2529 1765 2555 SECUNDUM
1794 2529 1979 2555 DICENDUM
2007 2518 2113 2566 quod
2142 2517 2299 2556 scientia
2325 2518 2398 2556 Dei
2426 2530 2507 2558 non

1434 2578 1490 2607 est
1518 2582 1632 2608 causa
1668 2570 1779 2607 mali:
1810 2572 1878 2608 sed
1914 2579 1969 2608 est
2005 2583 2120 2608 causa
2159 2571 2272 2619 boni,
2301 2584 2372 2621 per
2399 2573 2506 2621 quod

1434 2623 1674 2672 cognoscitur
1701 2625 1860 2662 malum.

1442 2677 1444 2684 '
1486 2679 1545 2714 Α1)
1573 2689 1734 2715 ’reanum
1762 2689 1946 2715 11133ΝοοΜ
1974 2677 2097 2726 quod,
2133 2678 2217 2716 licet
2244 2679 2392 2717 malum
2426 2691 2506 2718 non

1434 2738 1652 2780 opponatur
1681 2731 1865 2768 essentiae
1901 2731 2073 2779 divinae,
2102 2743 2202 2780 quae
2230 2744 2311 2770 non
2339 2740 2395 2770 est
2423 2745 2506 2771 cor-

1434 2784 1616 2834 ruptibilis
1644 2797 1714 2834 per
1738 2786 1896 2831 malum,
1927 2784 2134 2834 opponitur
2157 2793 2287 2823 tamen
2307 2785 2507 2824 effectibus

1433 2838 1522 2884 Dei;
1552 2850 1650 2887 quos
1677 2850 1747 2887 per
1775 2838 1980 2876 essentiam
2010 2851 2120 2876 suam
2145 2839 2351 2887 cognoscit,
2373 2847 2410 2876 et
2437 2852 2508 2877 eos

1434 2904 1682 2940 cognoscens,
1713 2892 1813 2928 mala
1842 2892 2019 2941 opposita
2047 2891 2251 2941 cognoscit.

1487 2947 1545 2982 Α1)
1576 2957 1750 2988 QUARTUM
1779 2957 1963 2982 DICENDUM
1984 2945 2089 2995 quod
2109 2957 2342 2994 cognoscere
2361 2944 2504 2995 aliquid

1434 3011 1503 3047 per
1531 2998 1633 3036 aliud
1663 3006 1823 3045 tantum,
1854 3007 1911 3036 est
1938 2999 2181 3049 imperfectae
2211 2997 2447 3047 cognitionis,
2473 2999 2504 3037 si

1436 3052 1527 3090 illud
1556 3052 1600 3089 sit
1629 3051 1884 3100 cognoscibile
1912 3065 1982 3101 per
2003 3065 2056 3090 53.
2087 3051 2164 3090 Sed
2183 3052 2330 3089 malum
2350 3064 2429 3090 non
2449 3060 2508 3090 est

1434 3118 1503 3154 per
1531 3118 1572 3142 se
1610 3104 1884 3154 cognoscibile:
1915 3106 2005 3155 quia
2042 3106 2090 3143 de
2119 3104 2263 3142 ratione
2298 3105 2388 3143 mali
2427 3113 2503 3153 est,

1434 3158 1540 3208 quod
1569 3158 1615 3195 sit
1642 3158 1805 3208 p'rivatio
1835 3159 1937 3196 boni.
1968 3160 2018 3197 Et
2036 3158 2090 3196 sic
2109 3170 2233 3207 neque
2255 3158 2416 3207 definiri,
2438 3171 2503 3197 ne-

1434 3224 1509 3260 que
1539 3211 1717 3260 cognosci
1746 3220 1882 3261 potest,
1913 3212 1983 3250 nisi
2010 3223 2078 3262 per
2106 3212 2266 3249 bonum.

1485 3326 1511 3359 γ)
1532 3326 1617 3358 ipsum
1637 3326 1716 3359 quod.
1734 3339 1753 3347 ι-
1771 3326 1841 3352 idem
1855 3333 1908 3359 per
1929 3325 2001 3359 quod
2018 3325 2050 3351 C.
2062 3339 2081 3344 —
2095 3325 2147 3350 Pro
2165 3326 2255 3356 etiam,
2274 3329 2301 3352 et
2313 3326 2343 3356 Β,
2357 3333 2412 3352 om.
2426 3327 2504 3353 ceteri

1433 3366 1457 3386 et
1475 3361 1556 3430 ‘bain
1575 3404 1611 3422 se.
1630 3411 1649 3415 —
1669 3397 1695 3422 in
1716 3398 1772 3430 ipso
1792 3397 1891 3429 ACDE,
1911 3397 1938 3422 in
1957 3396 2042 3430 seipso
2062 3397 2090 3422 B.

992 3471 1324 3505 Commentariis.
1346 3471 1596 3505 cardinalis
1619 3472 1818 3506 Caietam

311 3559 477 3623 Trwws
502 3550 611 3581 clarus.
635 3568 654 3572 —
679 3551 713 3581 In
738 3561 880 3592 corpore,
893 3549 1008 3592 {primo
1033 3552 1203 3592 respondet
1221 3551 1376 3593 quaesito,

370 3593 556 3624 affirmando
574 3595 662 3635 quod
679 3595 722 3626 sic
739 3602 798 3626 est:
820 3596 972 3632 secundo,
990 3597 1158 3637 quomodo
1175 3603 1232 3628 est.

368 3638 405 3669 11.
431 3638 547 3675 Quoad
564 3640 720 3679 primum,
747 3640 910 3670 conclusio
935 3640 1120 3680 responsiva
1145 3641 1259 3672 directe
1283 3650 1378 3682 quae-

1432 3551 1492 3583 sito
1507 3551 1692 3583 affirmative
1709 3559 1768 3583 est:
1793 3552 1880 3583 Deus
1898 3553 2061 3593 cognoscit
2080 3553 2173 3585 mala.
2188 3571 2208 3576 -
2224 3554 2388 3584 Probatur.
2413 3552 2500 3583 Deus

1431 3595 1567 3636 perfecte
1592 3596 1755 3637 cognoscit
1778 3597 1887 3627 omnia
1911 3597 2010 3627 bona:
2036 3607 2110 3638 ergo
2127 3598 2185 3629 scit
2201 3597 2310 3628 omnia
2325 3606 2407 3638 quae
2426 3606 2501 3638 pos-

1434 3647 1508 3671 sunt
1523 3640 1781 3682 quibuscumque
1804 3640 1934 3672 illorum
1958 3642 2112 3673 accidere:
2138 3651 2212 3683 ergo
2237 3641 2294 3673 scit
2316 3641 2409 3672 mala.

2537 1620 2546 1629 '¹
2561 1619 2642 1643 S.Th.
2651 1619 2705 1643 leet.
2715 1626 2756 1643 m-

2535 1992 2756 2022 'Leontina-s&
