2768 4178
61 2767 75 2780 ⁸
89 2767 126 2791 cf.
139 2773 205 2790 num.
213 2773 249 2790 ιιι.

66 2993 77 3004 '
105 2992 166 3015 Vide
191 2992 269 3015 Meta-

22 3048 24 3050 ·
61 3018 149 3048 phys„
170 3018 212 3042 lib.
231 3019 268 3047 X,

65 3051 118 3074 etp.
132 3051 150 3068 1.

953 278 1221 325 QUAESTIO
1250 278 1394 326 XXIII,
1423 278 1721 315 ARTICULUS
1750 278 1837 314 VIII

296 367 426 397 autem
447 359 577 396 fuisset
604 359 759 407 impleta
778 357 1085 407 praedestinatio,
1107 357 1137 394 si
1158 363 1267 393 natus
1287 368 1365 393 non

295 413 437 450 fuisset.
459 413 561 460 Ergo
585 410 877 462 praedestinatio
907 410 1058 448 iuvatur
1084 410 1262 459 precibus
1281 421 1365 446 san-

297 473 458 503 ctorum.
1299 487 1302 491 -

351 520 578 556 Respounsso
607 529 791 555 meatuum
816 515 922 565 quod
942 515 1039 553 circa
1058 516 1158 552 hanc
1178 514 1365 563 quaestio-

297 584 388 609 nem
422 571 573 609 diversi·
592 582 738 607 errores
766 570 928 606 fuerunt.
965 568 1134 615 Quidam
1167 568 1283 614 enirn,
1313 575 1365 604 at-

296 625 494 662 tendentes
523 622 785 661 certitudinem
818 621 970 659 divinae
998 620 1365 669 praedestinationis,

271 683 274 686 '
298 678 472 715 dixerunt
500 676 713 725 superfluas
742 687 823 712 esse
853 674 1063 722 orationes,
1092 674 1154 711 vel
1183 673 1366 722 quidquid

298 731 399 768 aliud
427 730 494 767 fiat
512 734 527 756 ⁷
555 729 604 766 ad
633 729 792 765 salutem
818 735 1012 764 aeternam
1032 727 1365 775 consequendam:

298 783 388 832 quia
415 783 474 819 his
502 782 608 819 factis
636 782 699 818 vel
727 793 807 818 non
835 780 952 827 factis,
981 780 1250 829 praedestinati
1278 792 1368 816 con-

297 843 528 884 sequuntur,
563 834 754 883 reprobati
792 846 871 871 non
910 841 1205 882 consequuntur.
1235 854 1259 862 -
1290 833 1367 870 Sed

298 897 431 926 contra
466 889 542 925 hoc
579 895 667 924 sunt
703 900 840 924 omnes
878 887 1159 924 admonitiones
1196 898 1325 923 sacrae
1354 883 1367 907 δ

298 941 526 990 Scripturae‚
557 942 797 978 exhortantes
826 940 875 977 ad
905 940 1128 988 orationem,
1159 947 1196 976 et
1223 939 1273 976 ad
1296 939 1368 976 alia

297 995 402 1032 bona
430 1006 560 1043 opera.

352 1047 426 1085 Alii
452 1059 546 1085 vero
582 1046 756 1084 dixerunt
788 1046 893 1094 quod
924 1058 995 1096 per
1028 1045 1219 1082 orationes
1245 1053 1255 1069 ε
1285 1057 1368 1081 rnu-

298 1108 398 1138 tatur
427 1100 556 1138 divina
582 1099 887 1149 praedestinatio.
919 1100 968 1136 Et
986 1099 1082 1136 haec
1103 1098 1235 1136 dicitur
1254 1098 1368 1135 fuisse

300 1154 430 1204 opinio
451 1153 740 1202 Aegyptiorum,
770 1152 834 1202 qui
862 1153 1059 1201 ponebant
1087 1151 1368 1189 ordinationem

300 1207 484 1255 divinam,
514 1219 631 1256 quarn
646 1208 780 1255 fatum
809 1205 1061 1254 appellabant,
1092 1204 1282 1252 aliquibus
1311 1216 1368 1240 sa-

301 1260 451 1299 crificiis
470 1268 520 1298 et
525 1259 761 1297 orationibus
792 1258 969 1318 impediri
987 1270 1114 1307 posse.
1137 1278 1161 1285 -
1184 1257 1260 1294 Sed
1280 1269 1370 1293 con-

300 1309 356 1351 tra
383 1314 460 1351 hoc
489 1313 604 1350 etiam
629 1320 684 1350 est
712 1312 914 1349 auctoritas
942 1323 1072 1348 sacrae
1097 1309 1111 1336 t
1140 1309 1367 1369 Scripturae.

300 1366 447 1405 Dicitur
475 1366 580 1404 enim
609 1367 743 1415 IReg.
763 1377 811 1401 xv
829 1364 866 1401 *ε
894 1365 1017 1400 Porro
1053 1364 1304 1412 triumphator
1331 1363 1368 1399 in

299 1419 425 1458 Israel
451 1432 526 1456 non
545 1424 690 1469 parcet,
712 1429 832 1466 neque
845 1417 1087 1466 poenitudine
1104 1417 1291 1466 flectetur.
1321 1416 1371 1452 Et

299 1474 413 1511 Rom.
429 1485 464 1509 xl
478 1472 500 1494 *
514 1471 650 1510 dicitur
667 1480 683 1502 η
704 1471 808 1520 quod
826 1471 906 1507 sine
917 1470 1148 1519 poenitentia
1166 1475 1254 1506 sunt
1270 1469 1370 1506 dona

300 1526 378 1574 Dei
402 1531 439 1562 et
462 1525 623 1562 vocatio.

306 1626 308 1631 ,
354 1579 404 1616 Et
430 1577 519 1615 ideo
543 1578 650 1615 aliter
676 1577 895 1624 dicendum,
916 1576 1020 1625 quod
1048 1576 1087 1613 in
1114 1575 1371 1625 praedestina—

298 1631 404 1669 tione
434 1631 511 1668 duo
541 1639 629 1668 sunt
648 1630 927 1668 consideranda
945 1627 975 1666 ⁰:
1006 1629 1146 1667 scilicet
1163 1629 1246 1678 ipsa
1263 1641 1371 1678 prae-

301 1684 490 1722 ordinatio
520 1684 660 1731 divina,
688 1691 724 1721 et
744 1683 901 1720 effectus
922 1682 1013 1720 eius.
1045 1683 1242 1730 Quantum
1262 1682 1373 1730 igitur

301 1736 352 1776 ad
378 1737 567 1787 primum,
601 1738 706 1775 nullo
741 1737 861 1774 modo
898 1735 1192 1786 praedestinatio
1222 1735 1374 1773 iuvatur

299 1791 478 1842 precibus
507 1798 748 1828 sanctorum:
778 1802 857 1827 non
886 1789 988 1826 enim
1016 1789 1195 1838 precibus
1223 1796 1373 1826 sancto-

301 1856 389 1882 rum
408 1844 462 1891 fit,
479 1843 585 1892 quod
605 1843 740 1892 aliquis
758 1842 1062 1892 praedestinetur
1081 1855 1103 1879 a
1122 1843 1220 1879 Deo.
1242 1843 1372 1890 Quan-

301 1905 384 1934 tum
421 1909 516 1934 vero
551 1897 601 1934 ad
635 1897 868 1943 secundum,
909 1895 1042 1933 dicitur
1077 1895 1371 1945 praedestinatio

301 1949 424 1988 iuvari
452 1956 460 1970 ¹
487 1950 664 1999 precibus
698 1957 935 1997 sanctorum,
966 1956 1002 1986 et
1028 1948 1109 1986 aliis
1137 1948 1248 1985 bonis
1281 1960 1371 1997 ope-

301 2003 423 2040 ribus:
453 2003 543 2052 quia
569 2003 831 2053 providentia,
863 2002 969 2039 cuius
997 2001 1291 2052 praedestinatio
1318 2009 1374 2038 est

301 2068 411 2106 pars,
447 2069 527 2093 non
561 2056 749 2094 subtrahit
787 2068 920 2093 causas
958 2055 1145 2092 secundas
1162 2084 1171 2102 ,
1215 2055 1283 2092 sed
1320 2054 1372 2091 sic

301 2086 481 2159 providet
518 2109 696 2157 effectus,
731 2116 773 2146 ut
811 2109 924 2146 etiarn
961 2109 1056 2146 ordo
1087 2120 1288 2145 causarum
1316 2120 1373 2144 se-

303 2164 515 2201 cundarum
541 2162 736 2200 subiaceat
753 2162 1028 2212 providentiae.
1060 2161 1166 2198 Sicut
1193 2160 1302 2209 igitur
1321 2160 1373 2198 sic

353 2294 382 2329 γ)
393 2295 458 2328 fiae.
474 2308 495 2314 -
511 2297 552 2319 est
569 2295 599 2325 B,
611 2294 703 2328 saciat
721 2293 754 2319 G.
771 2307 790 2313 -
809 2294 859 2319 Pro
877 2293 948 2326 quia,
967 2300 1048 2326 quam
1066 2293 1168 2318 ACDE.

353 2330 378 2363 ὃ)
397 2337 500 2355 sacrae.
518 2343 537 2348 -
555 2329 617 2354 Om.
637 2329 747 2354 codices.

350 2367 376 2398 ε)
394 2365 542 2390 orationes.
559 2379 579 2384 -
597 2365 746 2390 orationem
766 2365 877 2390 codices.

353 2401 379 2435 ζ)
396 2408 500 2427 sacrae.
517 2415 538 2420 -
555 2401 617 2426 Om.
635 2400 783 2425 ACDEFG.
799 2415 821 2419 -
838 2400 867 2425 In
888 2404 959 2424 textu
978 2399 1021 2424 cit.
1040 2400 1128 2424 Porro
1152 2407 1207 2424 om.
1226 2399 1328 2424 codices
1346 2402 1373 2422 et

300 2436 342 2463 ed.
359 2443 394 2466 a;
412 2437 439 2461 in
459 2441 518 2462 ante
537 2436 622 2462 lsrael
639 2443 693 2461 om.
713 2435 777 2461 Pub.

352 2472 380 2504 η)
399 2472 508 2498 dicitur.
525 2486 545 2491 —
563 2472 625 2496 Om.
637 2471 760 2496 ABCDE.

353 2505 378 2540 0)
397 2507 602 2534 consideranda.
621 2521 641 2527 -
659 2506 762 2532 Omittit
780 2506 813 2531 A.
830 2520 849 2525 -
867 2505 938 2530 Idem
957 2513 1005 2538 pro
1018 2505 1240 2538 praeordinatio,
1256 2503 1372 2537 praede-

299 2542 420 2568 stinatio.

2409 277 2482 313 285

1419 356 1669 405 providentur
1687 362 1700 377 ’²
1729 357 1918 393 naturales
1947 357 2115 404 effectus,
2139 364 2182 393 ut
2207 356 2318 393 etiam
2348 369 2483 393 causae

1420 410 1607 446 naturales
1637 409 1686 447 ad
1714 409 1797 446 illos
1815 407 1828 430 λ
1856 411 2043 446 naturales
2073 409 2230 446 effectus
2250 409 2483 458 ordinentur,

1421 462 1500 499 sine
1520 462 1659 511 quibus
1677 462 1728 500 illi
1748 462 1905 499 effectus
1924 475 2003 499 non
2016 462 2278 510 provenirent;
2308 462 2358 499 ita
2376 475 2485 511 prae-

1421 515 1628 552 destinatur
1661 527 1684 552 a
1712 516 1796 552 Deo
1832 515 1932 552 salus
1970 515 2146 561 alicuius,
2184 523 2225 552 ut
2262 515 2375 552 etiam
2413 516 2484 552 sub

1421 568 1555 605 ordine
1582 568 1935 618 praedestinationis
1956 568 2064 605 cadat
2084 568 2268 617 quidquid
2286 568 2484 605 hominem

1421 629 1627 670 promovet
1654 621 1691 658 in
1720 622 1892 668 salutem,
1912 622 1975 658 vel
2004 621 2194 658 orationes
2212 621 2402 670 propriae,
2422 622 2485 658 vel

1421 674 1596 722 aliorum,
1624 675 1686 711 vel
1715 674 1786 711 alia
1814 675 1928 722 bona,
1956 675 2018 711 vel
2048 674 2231 723 quidquid
2255 674 2484 721 huiusmodi,

1421 727 1501 764 sine
1517 728 1654 776 quibus
1670 727 1803 776 aliquis
1824 728 1982 764 salutem
2004 739 2082 764 non
2098 727 2351 775 consequitur.
2374 727 2484 764 Unde

1421 780 1707 829 praedestinatis
1736 782 1954 819 conandum
1977 788 2032 817 est
2051 781 2101 817 ad
2120 781 2218 817 bene
2247 780 2484 829 operandum

1422 841 1458 870 et
1486 834 1694 880 orandum,
1725 833 1813 882 quia
1841 846 1910 882 per
1937 833 2157 870 huiusmodi
2177 833 2485 882 praedestinatio-

1422 886 1479 923 nis
1500 886 1657 923 effectus
1677 886 1983 923 certitudinaliter
1997 886 2186 935 impletur.
2206 887 2367 934 Propter
2381 885 2487 934 quod

1423 939 1557 977 dicitur
1585 941 1617 976 II
1647 940 1745 976 Petr.
1768 951 1777 976 1
1797 939 1833 976 *τ
1862 940 2041 989 satagite,
2072 945 2112 976 ut
2136 951 2209 988 per
2235 940 2334 976 bona
2372 943 2486 988 opera

1422 998 1563 1029 certam
1583 998 1746 1029 vestram
1764 993 1998 1029 vocationem
2027 998 2063 1029 et
2088 992 2302 1029 electionem
2317 991 2485 1040 faciatis.

1475 1047 1533 1082 An
1562 1057 1699 1082 PmMUM
1719 1057 1816 1082 ERGO
1838 1057 2022 1082 mcENDUM
2042 1045 2147 1094 quod
2167 1045 2261 1082 ratio
2282 1045 2343 1081 illa
2363 1052 2488 1081 osten-

1424 1099 1477 1136 dit
1495 1099 1600 1147 quod
1618 1098 1912 1147 praedestinatio
1937 1111 2015 1135 non
2036 1098 2186 1135 iuvatur
2204 1097 2381 1146 precibus
2401 1110 2487 1134 san-

1423 1159 1584 1199 ctorum,
1611 1159 1796 1200 quantum
1825 1152 1874 1189 ad
1902 1151 2024 1200 ipsam
2048 1150 2432 1200 praeordinationem.

1476 1206 1534 1241 AD
1555 1216 1743 1241 SECUNDUM
1763 1216 1947 1242 D1CENDUM
1964 1204 2067 1253 quod
2084 1204 2218 1253 aliquis
2234 1203 2368 1240 dicitur
2382 1203 2488 1240 adiu-

1422 1257 1504 1294 vari
1526 1269 1596 1306 per
1615 1257 1743 1304 alium,
1766 1257 1972 1306 dupliciter.
2003 1258 2090 1294 Uno
2110 1258 2241 1304 modo,
2262 1256 2487 1305 inquantum

1424 1310 1472 1346 ab
1507 1322 1554 1347 eo
1594 1309 1729 1358 accipit
1758 1310 1958 1347 virtutem:
1990 1317 2026 1346 et
2053 1310 2106 1346 sic
2143 1309 2315 1347 adiuvari
2347 1309 2488 1346 infirmi

1425 1370 1500 1410 est,
1529 1362 1632 1400 unde
1660 1363 1745 1400 Deo
1775 1375 1853 1399 non
1888 1363 2080 1411 competit.
2119 1363 2169 1399 Et
2196 1362 2249 1399 sic
2276 1362 2490 1410 intelligitur

1424 1416 1516 1453 illud
1533 1422 1569 1452 ¹⁴:
1595 1415 1686 1458 Quis
1704 1416 1848 1452 adiuvit
1867 1416 2037 1464 spiritum
2058 1415 2245 1452 Domini?
2263 1415 2349 1452 Alio
2369 1415 2488 1452 modo

1425 1468 1559 1506 dicitur
1586 1468 1670 1517 quis
1699 1468 1870 1506 adiuvari
1890 1481 1958 1517 per
1982 1468 2160 1517 aliquem,
2180 1481 2249 1517 per
2267 1480 2384 1517 quem
2405 1480 2489 1504 exe-

1426 1522 1551 1571 quitur
1578 1534 1688 1559 suam
1718 1521 1993 1571 operationem,
2015 1521 2109 1558 sicut
2137 1520 2315 1558 dominus
2333 1533 2402 1570 per
2420 1521 2490 1558 mi-

1425 1576 1595 1612 nistrum.
1625 1576 1675 1612 Et
1702 1575 1777 1611 hoc
1804 1575 1924 1612 modo
1953 1576 2058 1612 Deus
2087 1574 2286 1612 adiuvatur
2309 1586 2378 1623 per
2404 1587 2487 1622 nos,

1425 1629 1652 1678 inquantum
1691 1628 1915 1678 exequimur
1947 1640 2057 1665 suam
2096 1627 2395 1673 ordinationem,
2434 1639 2490 1664 se-

1427 1681 1596 1719 cundum
1625 1681 1715 1719 illud
1735 1683 1749 1718 I
1770 1681 1822 1718 ad
1843 1682 1930 1718 Cor.
1952 1693 1987 1718 111
2006 1680 2046 1717 *t
2076 1681 2152 1718 Dei
2176 1681 2275 1717 enim
2304 1680 2491 1717 adiutores
2517 1690 2526 1701 ·

1424 1747 1565 1772 sumus.
1591 1735 1729 1784 Neque
1757 1735 1833 1771 hoc
1858 1741 1912 1771 est
1938 1742 2095 1784 propter
2124 1731 2321 1771 defectum
2342 1733 2491 1770 divinae

1425 1788 1591 1826 virtutis:
1621 1788 1690 1825 sed
1710 1787 1798 1837 quia
1813 1793 1825 1807 ⁹
1846 1787 1958 1825 utitur
1977 1786 2100 1824 causis
2123 1786 2270 1834 mediis,
2290 1793 2333 1823 ut
2351 1786 2491 1823 ordinis

1425 1841 1668 1891 pulchritudo
1697 1848 1868 1878 servetur
1895 1840 1934 1878 in
1963 1840 2087 1887 rebus,
2119 1847 2154 1876 et
2181 1847 2222 1876 ut
2250 1839 2362 1876 etiam
2389 1852 2491 1876 crea-

1425 1894 1516 1932 turis
1546 1894 1765 1942 dignitatern
1795 1893 2018 1931 causalitatis
2048 1892 2315 1930 communicet.

1479 1949 1537 1984 AD
1574 1959 1734 1984 TERTtUM
1771 1959 1955 1984 DICENDUM
1988 1947 2093 1995 quod
2130 1945 2319 1983 secundae
2355 1957 2490 1982 causae

1426 2013 1506 2038 non
1532 2008 1694 2050 possunt
1721 2000 1848 2048 egredi
1874 1999 2049 2037 ordinem
2070 2011 2206 2036 causae
2234 1998 2379 2048 primae
2409 1997 2490 2034 uni-

1425 2054 1598 2102 versalis,
1627 2061 1668 2090 ut
1696 2065 1811 2102 supra
1829 2052 1850 2074 ’¹‘
1874 2052 2016 2090 dictum
2046 2059 2121 2098 est;
2156 2051 2224 2090 sed
2253 2051 2377 2100 ipsum
2407 2063 2491 2087 exe-

1427 2114 1595 2156 quuntur
1613 2104 1638 2143 ε.
1669 2107 1717 2143 Et
1745 2106 1831 2143 ideo
1866 2104 2158 2155 praedestinatio
2196 2117 2266 2154 per
2303 2111 2491 2141 creaturas

1426 2168 1551 2209 potest
1578 2159 1761 2207 adiuvari,
1791 2158 1859 2197 sed
1887 2171 1966 2196 non
1993 2157 2180 2208 impediri.

1482 2291 1500 2323 ι)
1517 2291 1616 2316 dicitur
1624 2290 1838 2323 praedestinatio
1850 2290 1947 2315 iuvari.
1964 2303 1985 2310 —
2002 2290 2102 2315 dicitur
2118 2289 2269 2322 (dicendum
2284 2289 2315 2322 F)
2329 2289 2401 2322 quod
2409 2295 2492 2322 prae-

1429 2327 1572 2394 destgtztig)
1578 2326 1978 2394 ἔνῗιῗὶὶιΐίεῖιηίίῗνί-Έῗνονίάεΐιιν
1992 2360 2029 2385 ad
2042 2360 2071 2390 Ρ,
2085 2368 2155 2386 nunc
2164 2360 2344 2392 providentur
2363 2360 2422 2384 edd.
2440 2367 2457 2384 a
2467 2358 2494 2384 b.

1481 2397 1510 2468 Β
1530 2398 1605 2474 {5522
1614 2410 1643 2453 ...-
1651 2398 1721 2458 agg?
1737 2397 1859 2473 ἰῗᾴἰὶέὲε-
1876 2397 1995 2429 Sequens
2013 2397 2152 2421 naturales
2170 2403 2223 2421 om.
2243 2397 2354 2421 codices.

1432 2539 1438 2544 ¹
1480 2468 1712 2564 ἒζὲἔὲῑόιέἒὲιῐῖ
1721 2468 1845 2528 -εοιῗὲείἓ
1862 2502 2025 2534 supradictis
2037 2505 2116 2534 patet
2130 2502 2200 2526 addit
2211 2501 2244 2527 G.
2257 2515 2277 2520 -
2289 2501 2340 2526 Pro
2358 2500 2491 2531 adiuvari,

1428 2547 1515 2564 iuvari
1674 2557 1681 2563 .

983 2628 1315 2661 Commentaria
1339 2626 1588 2659 Cardinalis
1609 2625 1810 2658 Caietani

364 2730 472 2751 nutus
496 2719 598 2750 clarus
618 2725 674 2749 est.
690 2735 711 2740 -
727 2718 762 2748 In
789 2727 923 2758 corpore
944 2717 1012 2748 duo
1035 2717 1127 2748 facit:
1151 2716 1267 2756 primo,
1294 2716 1372 2746 duas

306 2732 418 2805 Top
410 2763 534 2794 iniones
553 2769 680 2798 tractat;
705 2762 856 2798 secundo,
880 2761 1051 2802 respondet
1069 2759 1256 2802 quaesito&

358 2809 397 2839 II.
418 2807 536 2845 Quoad
553 2808 710 2848 primum,
735 2805 914 2847 opiniones,
932 2812 962 2836 et
980 2815 1090 2836 earum
1112 2804 1371 2845 improbationes,

305 2853 379 2884 satis
402 2853 435 2883 in
458 2852 560 2882 littera
583 2857 701 2891 patent.
726 2850 767 2881 Et
790 2850 868 2881 scias
892 2850 997 2891 quod,
1023 2856 1058 2880 ut
1080 2849 1113 2879 in
1137 2856 1192 2879 art.
1218 2849 1236 2878 6
1262 2848 1325 2885 Qu.
1341 2858 1373 2877 v1

305 2897 345 2929 de
373 2896 512 2928 Ver-itate
534 2896 684 2931 liabetur,
707 2894 813 2935 prima
835 2893 946 2934 opinio
970 2904 1007 2924 ex
1029 2893 1210 2934 Epicureis,
1235 2892 1374 2923 secunda

306 2952 344 2973 ex
360 2941 476 2973 Stoicis
491 2947 561 2971 orta
583 2940 716 2975 videtur,
742 2945 797 2969 aut
819 2938 927 2979 potius
945 2948 983 2969 ex
1005 2937 1170 2979 Aegyptiis
1193 2937 1225 2967 in
1250 2936 1374 2967 Stoicos

307 2985 453 3017 derivata.
485 2985 526 3015 Et
548 2984 581 3015 in
604 2994 676 3014 eam
699 2982 896 3014 Avicenna*
917 2992 1049 3024 quoque
1072 2981 1218 3012 incidisse
1240 2980 1373 3011 videtur.

306 3030 348 3060 Et
370 3029 525 3070 quoniam
550 3035 705 3059 extremae
736 3033 825 3063 sunt,
858 3026 960 3067 prima
983 3027 1128 3057 credente
1155 3025 1246 3066 quod
1269 3031 1376 3055 nostra

307 3073 387 3104 nihil
415 3073 600 3109 conferunt,
626 3072 764 3102 secunda
786 3080 862 3101 vero
892 3071 982 3112 quod
1004 3077 1110 3101 totum
1133 3069 1271 3105 faciunt,
1296 3069 1375 3099 dum

308 3117 404 3148 etiam
427 3117 535 3157 ipsum
557 3116 843 3163 praedestinantem
859 3121 999 3151 mutant3
1024 3113 1249 3144 rationabiliter
1271 3113 1376 3143 media

308 3161 462 3192 sententia
483 3171 557 3191 vera
572 3158 809 3200 comprobatur,
826 3159 943 3189 scilicet
965 3159 1054 3200 quod
1076 3158 1184 3199 aliquo
1205 3157 1304 3188 modo
1321 3157 1374 3193 sic,

308 3212 339 3236 et
362 3205 470 3246 aliquo
494 3205 594 3235 modo
618 3214 700 3240 non,
726 3211 762 3234 ut
788 3203 821 3233 in
845 3203 946 3234 littera
968 3202 1178 3244 subiungitur.

365 3249 419 3279 111.
445 3249 563 3286 Quoad
583 3248 759 3279 secundum
784 3257 869 3287 erg0,
891 3247 1061 3287 respondet
1084 3246 1228 3287 quaesito
1253 3245 1376 3276 duabus

309 3292 579 3329 conclusionibus,
602 3292 689 3323 iuxta
708 3293 773 3323 duo
798 3290 1006 3322 distinctionis
1028 3291 1183 3321 membra.
1205 3290 1376 3320 Distinctio

310 3344 372 3368 est:
398 3337 434 3367 In
452 3336 734 3377 praedestinatione
754 3342 829 3367 sunt
847 3336 923 3372 duo,
944 3335 1060 3366 scilicet
1083 3333 1326 3375 praeordinatio,
1347 3341 1378 3365 et

309 3381 446 3411 effectus.

366 3425 476 3455 Prima
500 3424 662 3455 conclusio
684 3431 746 3455 est:
772 3422 1029 3459 Praedestinatio‚
1050 3422 1159 3463 quoad
1176 3422 1376 3462 praeordina-

310 3469 442 3505 tionem,
459 3468 549 3498 nullo
566 3468 665 3498 modo
689 3468 815 3499 iuvatur
838 3467 983 3509 precibus
1003 3473 1195 3497 sanctorum.
1213 3483 1231 3489 -
1248 3466 1289 3496 Et
1303 3476 1376 3506 pro-

1346 3563 1465 3611 ψ

1429 2715 1536 2745 batur:
1560 2714 1637 2755 quia
1651 2724 1718 2744 non
1733 2713 1769 2745 fit
1784 2720 1966 2744 sanctorum
1989 2713 2143 2753 precibus,
2160 2713 2247 2754 quod
2268 2713 2381 2754 aliquis
2402 2723 2492 2753 prae-

1428 2759 1592 2789 ordinetur
1614 2769 1632 2788 a
1656 2759 1724 2789 Deo
1748 2758 1782 2788 in
1804 2758 1902 2788 vitam
1923 2764 2095 2789 aeternam.

1473 2803 1621 2834 Secunda
1638 2809 1698 2833 est:
1718 2801 1973 2838 Praedestinatio,
1992 2802 2099 2845 quoad
2116 2801 2270 2838 effectum,
2287 2801 2412 2832 iuvatur
2426 2810 2493 2841 pre-

1429 2847 1517 2878 cibus
1534 2853 1726 2883 sanctorum‚
1739 2853 1769 2877 et
1784 2845 1851 2876 aliis
1867 2845 1959 2876 bonis
1976 2845 2135 2886 operibus.
2151 2863 2170 2868 -
2185 2846 2227 2876 Et
2240 2846 2400 2885 probatur.
2415 2845 2494 2876 Pro-

1428 2891 1567 2922 videntia
1590 2901 1656 2921 non
1680 2890 1834 2921 subtrahit
1857 2900 1965 2920 causas
1990 2890 2152 2926 secundaS‚
2173 2890 2227 2919 sed
2251 2889 2294 2919 eis
2317 2889 2416 2920 utitur
2438 2889 2491 2925 sic,

1429 2942 1465 2966 ut
1487 2935 1554 2965 sine
1573 2935 1634 2965 illis
1658 2934 1776 2974 provisi
1798 2934 1927 2965 effectus
1950 2944 2017 2964 non
2033 2934 2249 2974 provenirent:
2273 2943 2348 2973 ergo
2365 2933 2492 2973 praede-

1429 2979 1555 3011 stinatio
1580 2978 1687 3009 salutis
1713 2978 1847 3009 alicuius
1871 2979 2011 3009 continet
2034 2978 2092 3009 sub
2115 2988 2176 3008 suo
2204 2977 2314 3007 ordine
2337 2977 2493 3018 quidquid

1429 3024 1522 3055 illum
1545 3029 1715 3064 promovet
1734 3023 1769 3053 in
1785 3023 1930 3059 salutern,
1947 3032 2168 3063 quaecumque
2191 3021 2253 3052 sint
2266 3021 2328 3057 illa,
2344 3021 2386 3051 ita
2404 3021 2493 3062 quod

1430 3068 1496 3099 sine
1513 3068 1556 3098 eis
1573 3067 1706 3098 salutem
1721 3066 1774 3097 ille
1789 3077 1855 3097 non
1871 3073 2129 3107 consequeretur:
2147 3076 2221 3105 ergo
2237 3065 2492 3106 praedestinatio-

1430 3113 1478 3143 nis
1502 3111 1629 3142 effectus
1652 3121 1708 3151 per
1730 3111 1915 3141 huiusmodi
1939 3111 2097 3141 orationes
2120 3117 2150 3140 et
2174 3119 2269 3150 opera
2293 3109 2494 3139 certitudina-

1430 3157 1500 3187 liter
1521 3156 1684 3196 impletur:
1709 3155 1799 3195 quod
1821 3161 1886 3186 erat
1907 3154 2076 3186 intentum.
2093 3172 2113 3177 -—
2131 3154 2326 3184 Antecedens
2350 3159 2436 3192 patet
2457 3163 2494 3183 ex

1431 3200 1519 3231 dictis
1537 3200 1568 3236 *;
1593 3206 1623 3230 et
1645 3199 1863 3230 manifestatur
1878 3199 1911 3229 in
1930 3198 2132 3230 naturalibus.
2157 3197 2261 3228 Prima
2283 3207 2358 3227 vero
2383 3207 2493 3227 conse-

1431 3244 1569 3286 quentia,
1585 3254 1667 3284 quae
1681 3243 1749 3274 sola
1765 3243 1907 3283 explicite
1922 3243 2073 3274 habetur*
2066 3253 2098 3272 1n
2114 3242 2223 3278 littera,
2237 3241 2401 3282 probatur:
2419 3241 2495 3281 quia

1432 3288 1673 3329 praedestinatio
1690 3294 1736 3318 est
1757 3297 1829 3327 pars
1853 3287 2078 3328 providentiae.
2101 3286 2236 3326 Reliqua
2256 3295 2295 3315 ex
2318 3295 2351 3315 se
2374 3291 2492 3325 patent.

1489 3332 1676 3363 Annectitur
1698 3341 1828 3373 quoque
1851 3331 2055 3362 corollarium
2077 3330 2110 3360 in
2133 3330 2244 3366 littera,
2263 3329 2330 3359 imo
2349 3328 2495 3359 inseritur

1433 3387 1489 3417 per
1512 3376 1647 3406 modurn
1677 3375 1920 3406 exhortationis:
1951 3375 2025 3416 quia
2049 3375 2088 3404 ad
2111 3383 2216 3404 mores
2246 3373 2422 3413 plurimum
2446 3382 2493 3403 res

1432 3421 1509 3451 haec
1536 3420 1673 3461 prodest.
1707 3419 1986 3460 Confirmaturque
2016 3418 2199 3449 auctoritate
2222 3417 2305 3448 Petri
2330 3417 2491 3458 Apostoli,

1432 3472 1468 3496 ut
1487 3465 1559 3495 satis
1579 3464 1659 3495 clare
1678 3471 1764 3504 patet
1781 3463 1814 3494 in
1833 3463 1943 3494 littera.

2609 372 2624 389 κ

2514 947 2523 957 ·
2538 946 2605 968 vers.
2620 952 2654 968 10.

2543 1690 2609 1712 Vers.
2625 1696 2648 1718 9.

2516 2058 2587 2086 ‘.Qu
2592 2058 2726 2085 x1x‚art.6;

2516 2088 2629 2111 xn1,art
2638 2091 2659 2112 2
2670 2085 2699 2107 ad
2708 2091 2727 2106 ι.

2615 2112 2627 2143 Ε

2519 3206 2530 3217 “
2541 3205 2588 3233 Qu.
2598 3211 2656 3232 xxn,
2665 3208 2729 3233 ιιι-πῃ.
