2768 4178
26 343 39 355 ⁸
52 341 109 389 Cae.
119 346 165 368 vm
182 340 236 362 Did.

25 368 236 421 2331..7z.⁰⁸a·.v1¹v·

23 421 109 469 sshyg..
123 425 174 447 cap.
188 425 235 446 xiv,

14 1935 166 1965 ’Arnay

215 1566 310 1613 Ἀ

923 258 1189 304 QUAESTIO
1218 259 1380 305 XXXII,
1409 259 1705 295 ARTICULUS
1736 259 1786 294 IV

264 337 293 367 V
315 337 517 377 Metaphys„
544 347 610 377 cap.
628 337 667 367 de
686 337 756 367 Uno
772 337 804 367 *z
831 337 947 367 scilicet
963 337 1050 377 quod
1066 338 1123 367 sub
1142 337 1197 366 illo
1221 336 1326 377 aliqua

263 381 390 420 proprie
414 381 672 420 multiplicantur,
691 381 785 411 'cuius
809 380 987 411 differentiis
1011 380 1255 420 distinguuntur.
1282 380 1325 410 lta

263 425 351 464 quod
368 425 502 455 intendit
517 425 615 465 quod,
640 425 715 465 quia
737 419 905 464 paternitas
925 431 956 454 et
974 424 1103 464 spiratio
1123 425 1181 454 sub
1198 423 1325 453 diversis

264 468 442 499 differentiis
467 468 589 498 divinae
612 468 772 499 relationis
792 475 866 498 sunt
882 466 948 509 (illa
964 468 1048 498 enim
1065 475 1111 498 est
1134 468 1174 498 ad
1197 467 1323 503 Filium,

263 512 339 542 haec
362 512 402 542 ad
425 512 578 552 Spiritum
602 510 784 554 Sanctum),
808 511 882 542 ideo·
901 518 932 542 et
947 512 1028 550 duae
1043 511 1209 542 relationes
1228 511 1325 541 reales

263 555 386 587 divinae
402 563 486 587 sunt.
509 556 550 587 Et
566 555 640 596 quia
663 556 744 586 hanc
763 555 998 585 distinctionem
1016 555 1190 595 important
1204 555 1237 585 in
1253 561 1323 585 actu

262 599 397 630 exercito
415 599 585 640 paternitas
604 606 635 630 et
653 599 792 639 spiratio,
813 609 850 629 ex
868 599 930 629 hoc
953 599 1043 638 quod
1058 598 1271 638 significantur
1289 605 1325 629 ut

263 643 401 674 diversae
425 643 560 674 rationes
584 653 810 683 personarum,
842 642 922 672 idest
944 643 1149 673 relativorum
1172 652 1322 682 persona-

261 687 359 723 lium;
383 687 455 717 ideo
479 697 545 717 non
568 686 787 726 praedicantur
811 686 849 716 de
871 686 1016 717 invicem.

319 731 386 762 XII.
411 731 503 761 Unde
533 730 572 760 ad
603 730 830 766 obiectionem,
855 730 1036 769 negandum
1059 737 1105 760 est
1128 731 1321 761 antecedens.

261 775 303 805 Et
325 775 364 804 de
387 774 532 814 exemplo
558 774 729 804 dicendum
753 780 817 810 est,
842 774 931 814 quod
955 781 1001 804 est
1027 774 1119 804 valde
1143 775 1181 804 ad
1205 784 1323 815 propo-

261 818 367 854 situm,
385 818 411 847 si
427 827 501 847 sane
517 817 719 857 intelligatur.
744 818 818 847 Non
842 818 927 847 enirn
943 818 1117 848 adductum
1137 825 1183 848 est
1205 818 1264 848 nisi
1283 818 1323 848 ad

260 861 529 892 manifestandum
544 861 790 892 fundamentum
806 861 886 892 illud
902 871 939 892 ex
950 862 979 904 V⁸
994 863 1190 902 Metaphys„
1208 862 1323 892 scilicet

260 905 349 945 quod
372 905 431 935 sub
454 904 510 935 illo
533 905 668 936 retinent
691 905 796 946 aliqua
818 905 1039 945 pluralitatem,
1065 907 1123 936 sub
1144 906 1232 936 cuius
1253 906 1322 946 plu-

259 949 346 980 ribus
369 948 549 980 differentiis
573 949 896 990 comprehenduntur.
929 950 970 980 Et
992 950 1067 990 quia
1096 950 1154 980 sub
1178 951 1324 980 attributi

257 992 443 1030 intentione,
460 999 491 1023 et
505 1003 570 1024 non
588 995 646 1031 rei,
658 993 785 1024 scientia
801 1000 831 1024 et
846 994 987 1033 potentia
1003 994 1061 1024 Dei
1077 994 1321 1034 distinguuntur,

258 1036 332 1067 ideo
348 1037 440 1077 plura
459 1037 606 1068 attributa
625 1038 781 1074 dicuntur,
798 1048 856 1069 nec
879 1048 982 1068 unum
999 1038 1112 1068 dicitur
1127 1038 1228 1068 aliud:
1252 1038 1323 1068 licet

2369 258 2443 306 357

1382 347 1444 366 una
1475 338 1514 368 sit
1541 338 1617 374 alia,
1651 338 1726 378 quia
1755 348 1820 368 non
1849 339 2086 378 distinguuntur
2112 338 2155 368 rei
2188 337 2366 368 differentia.
2400 338 2444 368 Ita

1381 391 1511 421 quoque
1544 382 1656 412 dicitur
1679 382 1712 412 in
1735 382 1918 422 proposito,
1944 393 2010 412 non
2041 382 2147 412 solum
2175 389 2318 422 respectu
2343 382 2442 412 inten-

1380 424 1475 454 tionis
1491 425 1677 465 importatae
1693 436 1749 465 per
1771 426 1803 466 ly
1828 427 1924 463 notio,
1950 426 2004 456 sed
2028 426 2122 456 etiarn
2146 432 2288 465 respectu
2313 424 2442 455 rationis

1381 468 1520 498 formalis
1544 470 1725 505 substratae,
1750 470 1830 500 idest
1853 470 2010 500 relationis
2035 470 2167 500 divinae.
2193 470 2281 500 Sicut
2297 469 2382 499 enim
2398 476 2442 500 at-

1379 512 1533 542 tributum
1563 520 1748 544 numeratur
1769 514 1802 544 in
1826 514 1966 554 potentia
1998 521 2027 544 et
2050 514 2192 550 scientia,
2217 513 2260 544 ita
2283 513 2442 544 relationis

1379 556 1468 592 ratio,
1490 563 1520 587 et
1542 567 1608 587 non
1632 557 1739 587 solum
1762 557 1902 587 notionis
1922 557 2065 593 intentio,
2093 564 2277 587 numeratur
2291 557 2324 587 in
2341 564 2441 596 pater-

1380 600 1474 630 nitate
1498 607 1528 630 et
1551 601 1729 640 spiratione.
1754 601 1795 631 Et
1810 608 1985 641 propterea,
2002 601 2081 631 sicut
2096 601 2158 631 hoc
2173 601 2359 631 attributum
2375 611 2441 631 non

1379 650 1425 674 est
1447 644 1536 680 illud,
1560 644 1602 674 ita
1626 651 1656 674 et
1678 644 1754 675 haec
1771 645 1860 675 notio
1877 655 1943 675 non
1963 651 2009 675 est
2031 645 2084 674 illa
2107 643 2210 686 (quod
2228 645 2261 674 in
2277 645 2377 675 littera
2396 652 2440 675 ta-

1379 685 1489 729 cetur),
1514 694 1545 718 et
1567 688 1735 728 paternitas
1759 699 1825 718 non
1849 695 1895 719 est
1918 688 2062 728 spiratio:
2088 695 2162 719 sunt
2181 688 2265 718 enim
2281 688 2440 719 relationis

1378 731 1518 762 nomina.
1536 750 1556 754 —
1572 732 1613 762 Et
1635 732 1724 772 quod
1746 732 1823 763 haec
1850 732 1890 763 sit
1919 743 1944 763 s.
1961 728 2107 762 Thornae
2138 732 2270 763 intentio
2284 756 2291 768 ,
2321 732 2440 772 percipi

1378 781 1483 815 potest
1510 785 1547 805 ex
1575 776 1586 805 I
1611 775 1716 813 sent„
1746 776 1816 807 dist.
1845 785 1944 812 xxvn,
1974 786 2028 816 qu.
2053 786 2080 812 1,
2109 782 2165 806 art.
2190 787 2217 812 1,
2246 776 2278 806 in
2308 785 2439 816 corpore

1378 825 1408 849 et
1431 819 1471 848 ad
1496 820 1523 849 3.

1435 863 1517 893 XIII.
1543 862 1663 893 Contra
1685 863 1766 894 hanc
1789 873 1919 904 quoque
1943 863 2183 903 responsionem
2198 863 2224 899 *‚
2248 863 2440 904 inquantum

1378 906 1452 937 dicit
1475 907 1563 947 quod
1589 907 1757 946 paternitas
1781 914 1812 938 et
1834 907 1962 947 spiratio
1987 914 2060 937 sunt
2083 907 2167 937 idem
2191 907 2326 944 realiter,
2351 917 2440 946 argu-

1377 956 1483 980 menta
1507 957 1611 981 extant
1637 951 1796 987 Durandi,
1821 951 1907 991 apud
1935 951 2139 991 Capreolum,
2163 961 2217 981 xm
2240 951 2439 982 distinctione

1377 994 1488 1030 Primi,
1513 1001 1569 1024 art.
1593 1005 1626 1030 2,
1652 1001 1760 1025 contra
1781 1006 1790 1024 1
1813 995 1912 1026 concl.
1938 995 1999 1025 Sed
2018 1005 2084 1025 non
2108 1001 2182 1025 sunt
2204 995 2282 1025 mihi
2305 995 2371 1025 visa
2393 1004 2439 1025 re-

1378 1038 1524 1068 citatione
1547 1038 1651 1078 digna.

1039 1191 1355 1232 ARTICULUS
1385 1190 1656 1242 QUARTUS

761 1292 916 1322 UTRUM
940 1291 1100 1322 LICEAT
1125 1253 1376 1322 CONTRARua
1400 1292 1574 1322 OPINARI
1597 1292 1655 1322 DE
1678 1292 1942 1323 NOTIONIBUS

1146 1369 1155 1393 Ι
1175 1369 1256 1397 Sent„
1277 1370 1336 1394 dist.
1354 1377 1440 1400 xxxm,
1459 1375 1506 1394 art.
1528 1369 1550 1394 5.

393 1486 429 1502 ‘Z

343 1475 353 1499 ι
376 1496 380 1500 .
468 1470 490 1494 n
511 1469 684 1499 QUARTUM
703 1469 756 1493 sm
776 1469 1014 1494 PROCEDITUR.
1039 1457 1197 1494 Videtur
1217 1457 1321 1505 quod

326 1499 440 1570 Af&
468 1523 547 1547 non
574 1510 684 1546 liceat
713 1510 898 1547 contrarie
937 1510 1084 1559 opinari
1114 1510 1160 1547 de
1198 1510 1320 1547 notio-

324 1578 386 1611 μὴ
410 1560 590 1604 (nibus.
621 1562 722 1600 Dicit
749 1563 859 1600 enirn.
880 1563 1134 1611 Augustinus,
1163 1562 1202 1600 in
1231 1564 1246 1599 I
1275 1564 1320 1600 de

267 1626 272 1635 ¹
293 1616 296 1618 ’
314 1609 409 1647 *Ἑν
426 1607 507 1653 T
501 1617 574 1653 rin.
594 1615 625 1662 *,
656 1616 761 1664 quod
787 1628 861 1652 non
881 1622 1033 1653 erratur
1058 1616 1199 1653 alicubi
1217 1617 1319 1664 peri-

250 1667 418 1704 ›culosius
437 1680 552 1716 quam
573 1668 611 1705 in
631 1668 788 1705 materia
807 1668 1012 1717 Trinitatis,
1033 1670 1082 1706 ad
1101 1681 1218 1718 quam
1239 1682 1317 1706 cer-

307 1519 338 1540 ὐ

284 1513 317 1553 'is'

306 1552 321 1569 ,κ

247 1727 336 1757 ‘tum
364 1727 421 1757 est
447 1722 622 1759 notiones
655 1722 853 1770 pertinere.
893 1722 970 1759 Sed
999 1722 1207 1759 contrariae
1237 1723 1317 1771 opi-

252 1773 389 1811 niones
417 1785 496 1811 non
522 1782 684 1823 possunt
712 1787 794 1812 esse
823 1776 966 1824 absque
993 1782 1011 1796 ·‘
1041 1787 1179 1812 errore.
1214 1776 1316 1823 Ergo

252 1826 440 1864 contrarie
470 1827 617 1877 opinari
645 1827 742 1864 circa
770 1828 945 1865 notiones
974 1840 1052 1864 non
1080 1828 1175 1865 licet.

309 1890 344 1916 2.
365 1880 597 1927 PRAETEREA,
624 1893 694 1929 per
721 1880 895 1918 notiones
926 1886 1206 1929 cognoscuntur
1233 1893 1317 1929 per-

253 1944 390 1980 sonae,
418 1940 460 1970 ut
487 1933 630 1970 dictum
660 1941 715 1970 est
732 1933 764 1970 ²¹³.
796 1934 872 1970 Sed
901 1933 999 1971 circa
1026 1946 1210 1983 personas
1237 1946 1316 1970 non

251 1985 337 2022 licet
365 1986 551 2023 contrarie
581 1986 739 2035 opinari.
770 1987 873 2034 Ergo
902 1999 972 2024 nec
1002 1987 1100 2024 circa
1128 1986 1314 2024 notiones.

307 2038 382 2075 SED
411 2050 571 2086 CONTRA,
602 2039 745 2077 articuli
773 2039 864 2076 fidei
883 2052 961 2076 non
981 2048 1068 2077 sunt
1088 2040 1135 2077 de
1155 2039 1316 2076 notioni-

245 2091 334 2141 bus.
356 2091 458 2139 Ergo
479 2092 577 2129 circa
597 2092 772 2129 notiones
791 2092 875 2129 licet
894 2093 947 2129 sic
960 2093 1023 2130 vel
1038 2093 1142 2129 aliter
1156 2092 1313 2141 opinari.

304 2145 531 2181 RESPONDEO
558 2157 742 2182 mCENDUM
775 2145 882 2193 quod
915 2146 964 2183 ad
1001 2146 1120 2183 fidem
1154 2145 1315 2194 pertinet

251 2196 393 2245 aliquid
430 2197 654 2246 dupliciter:
672 2198 758 2235 Uno
787 2198 927 2245 modo⁷
959 2199 1118 2244 directe;
1149 2198 1243 2235 sicut
1271 2211 1315 2235 ea

249 2261 348 2298 quae
376 2250 488 2287 nobis
508 2258 595 2287 sunt
621 2251 875 2300 principaliter
903 2251 1080 2288 divinitus
1109 2251 1254 2299 tradita,
1275 2259 1316 2287 ut

249 2302 377 2340 Deum
407 2315 488 2340 esse
514 2303 654 2340 trinum
676 2311 713 2340 et
730 2316 864 2351 unum,
886 2304 1021 2341 Filium
1049 2304 1122 2341 Dei
1151 2317 1232 2341 esse
1261 2303 1315 2340 in-

248 2362 466 2403 carnatum,
501 2364 536 2393 et
563 2356 795 2394 huiusmodi.
830 2358 880 2394 Et
913 2357 1008 2394 circa
1036 2358 1131 2394 haec
1169 2357 1316 2406 opinari

248 2408 403 2456 falsum,
437 2409 512 2446 hoc
549 2409 632 2458 ipso
668 2410 812 2447 inducit
847 2410 1054 2447 haeresim:
1091 2409 1255 2446 maxime
1284 2409 1314 2446 si

246 2461 452 2511 pertinacia
480 2462 714 2510 adiungatur.
736 2484 759 2490 -
781 2464 966 2500 Indirecte
993 2475 1087 2500 vero
1117 2464 1164 2500 ad
1197 2462 1315 2499 fidem

244 2514 436 2566 *pertinent
455 2527 499 2551 ea
518 2514 535 2543 β
557 2528 602 2551 ex
622 2516 759 2564 quibus
788 2513 1032 2565 consequitur
1055 2515 1196 2564 aliquid
1226 2527 1313 2552 con-

302 2627 330 2661 α)
349 2628 454 2660 absque.
473 2643 494 2647 -
510 2628 568 2653 sine
585 2628 707 2653 ABCDE.

302 2662 327 2697 β)
347 2670 388 2688 ea.
405 2677 424 2682 -
442 2663 504 2688 Om.
524 2664 626 2688 codices
644 2669 670 2688 et
687 2671 704 2688 a
715 2663 738 2689 b.

301 2699 328 2732 γ)
343 2701 496 2732 postquam.
514 2713 533 2717 -
550 2699 603 2724 iam
623 2699 721 2724 addunt
740 2699 851 2724 codices.

1374 1458 1530 1494 trarium
1550 1458 1661 1502 fidei;
1692 1458 1785 1494 sicut
1804 1458 1833 1494 si
1854 1458 1935 1507 quis
1956 1458 2094 1495 diceret
2119 1459 2336 1495 Samuelem
2359 1472 2436 1495 non

1374 1510 1487 1547 fuisse
1502 1511 1623 1547 filium
1640 1511 1805 1547 Elcanae
1820 1511 1855 1558 *3
1878 1523 1922 1547 ex
1941 1512 2015 1547 hoc
2035 1512 2137 1548 enim
2157 1511 2324 1559 sequitur
2340 1512 2436 1548 Scri-

1373 1571 1524 1612 pturam
1564 1563 1731 1600 divinam
1769 1576 1851 1600 esse
1889 1564 2034 1601 falsam.
2074 1564 2183 1601 Circa
2216 1565 2435 1603 huiusmodi

1374 1628 1463 1664 ergo
1480 1617 1623 1666 absque
1643 1617 1812 1665 periculo
1831 1617 1997 1653 haeresis
2013 1617 2144 1666 aliquis
2161 1618 2297 1654 salsum
2311 1625 2436 1667 potest

1374 1670 1532 1718 opinari,
1549 1677 1754 1719 antequam
1776 1669 2046 1717 consideretur,
2061 1670 2124 1707 vel
2145 1670 2435 1707 determinatum

1372 1723 1429 1769 sit,
1446 1724 1551 1770 quod
1568 1735 1612 1759 ex
1627 1723 1702 1759 hoc
1721 1723 1888 1771 sequitur
1908 1723 2049 1771 aliquid
2074 1723 2302 1760 contrarium
2322 1723 2432 1760 fidei:

1372 1783 1407 1812 et
1421 1775 1586 1812 maxime
1602 1775 1632 1812 si
1651 1787 1730 1812 non
1748 1776 1986 1824 pertinaciter
2004 1775 2218 1813 adhaereat.
2241 1776 2317 1813 Sed
2331 1784 2433 1825 post-

1372 1841 1488 1876 quam
1517 1834 1532 1855 7
1560 1825 1799 1865 manifestum
1834 1836 1909 1876 est,
1939 1836 1975 1865 et
2003 1829 2206 1877 praecipue
2235 1829 2265 1866 si
2294 1829 2339 1866 sit
2365 1841 2434 1878 per

1371 1881 1582 1918 Ecclesiam
1613 1881 1919 1928 determinatum,
1951 1882 2055 1930 quod
2085 1894 2130 1918 ex
2157 1882 2232 1918 hoc
2266 1882 2434 1930 sequitur

1370 1934 1511 1982 aliquid
1532 1934 1761 1971 contrarium
1789 1934 1891 1981 fidei,
1918 1933 1954 1971 in
1983 1935 2058 1971 hoc
2087 1947 2209 1971 errare
2238 1947 2315 1972 non
2336 1943 2433 1972 esset

1370 1987 1514 2035 absque
1543 1986 1701 2024 haeresi.
1731 1987 1780 2023 Et
1806 1995 1961 2036 propter
1988 1987 2074 2034 hoc,
2105 1988 2222 2024 multa
2250 2000 2351 2025 nunc
2374 2000 2432 2024 re-

1368 2047 1548 2089 putantur
1574 2039 1774 2087 haeretica,
1801 2052 1899 2089 quae
1927 2040 2031 2089 prius
2050 2053 2128 2077 non
2148 2041 2430 2090 reputabantur,

1369 2100 1525 2142 propter
1551 2093 1626 2129 hoc
1653 2093 1758 2141 quod
1786 2105 1887 2129 nunc
1916 2100 1972 2130 est
1998 2090 2012 2114 ὃ
2040 2093 2160 2141 magis
2189 2093 2431 2130 manifestum

1370 2145 1462 2194 quid
1492 2157 1537 2182 ex
1566 2145 1617 2182 eis
1646 2153 1835 2193 sequatur.

1425 2198 1487 2235 Sic
1523 2198 1632 2245 igitur
1660 2198 1863 2235 dicendum
1900 2206 1955 2235 est
1990 2198 2095 2247 quod
2124 2198 2237 2235 circa
2257 2198 2431 2236 notiones

1370 2251 1484 2300 aliqui
1514 2252 1658 2299 absque
1694 2251 1863 2299 periculo
1891 2257 1902 2272 ‘
1929 2251 2096 2288 haeresis
2133 2251 2317 2288 contrarie
2346 2260 2432 2288 sunt

1370 2304 1524 2353 opinati,
1546 2316 1624 2340 non
1643 2304 1881 2341 intendentes
1909 2304 2091 2340 sustinere
2116 2303 2256 2352 aliquid
2286 2312 2431 2342 contra-

1370 2357 1469 2393 rium
1497 2356 1598 2394 fidei.
1639 2357 1716 2393 Sed
1744 2357 1774 2393 si
1803 2357 1885 2406 quis
1918 2357 2053 2393 falsum
2091 2356 2306 2405 opinaretur
2334 2357 2431 2394 circa

1370 2410 1556 2457 notiones,
1588 2409 1831 2447 considerans
1860 2411 1965 2458 quod
1995 2422 2039 2446 ex
2065 2410 2140 2446 hoc
2168 2417 2347 2458 sequatur
2366 2411 2430 2447 a-li-

1370 2462 1462 2510 quid
1496 2462 1726 2499 contrarium
1755 2462 1857 2509 fidei,
1887 2463 1926 2498 in
1953 2462 2140 2499 haeresim
2167 2463 2365 2500 laberetur.

1423 2516 1472 2551 Et
1498 2527 1567 2564 per
1593 2516 1667 2551 hoc
1694 2522 1797 2563 patet
1824 2515 2020 2564 responsio
2050 2515 2098 2552 ad
2127 2515 2284 2552 obiecta.

1420 2628 1443 2663 δ)
1459 2636 1529 2654 nunc
1542 2632 1590 2654 est.
1603 2642 1622 2648 -
1636 2636 1687 2653 non
1702 2632 1742 2653 est
1754 2628 1860 2660 CEGpF
1875 2633 1900 2652 et
1912 2628 1952 2653 ed.
1962 2635 1987 2658 a,
2003 2635 2054 2653 non
2068 2632 2128 2653 erat
2139 2629 2191 2658 BD,
2202 2632 2241 2654 est
2253 2629 2296 2654 sF.
2309 2643 2328 2649 —
2342 2630 2428 2663 mag-is

1366 2664 1586 2731 om.s)B;?e·riculo.
1604 2713 1623 2717 -
1642 2699 1721 2724 dubio
1738 2698 1835 2728 BCDE,
1855 2698 1934 2725 dubio
1951 2706 1984 2724 ac
1997 2698 2119 2730 periculo
2138 2699 2170 2724 A.

922 2786 1254 2819 Commentaria
1276 2786 1527 2819 Cardjnalis
1548 2785 1749 2819 Caietani

309 2885 416 2905 iturus
441 2875 541 2905 clarus
568 2881 623 2905 est.
641 2892 661 2896 -
682 2875 718 2904 In
741 2884 874 2914 corpore
890 2875 955 2905 duo
972 2875 1061 2906 facit:
1086 2875 1200 2915 primo,
1221 2875 1314 2905 docet

251 2886 342 2950 Tin
367 2919 532 2950 communi
554 2918 587 2949 in
610 2928 674 2959 qua
696 2917 769 2948 fidei
792 2919 921 2949 materia
945 2919 1036 2950 liceat
1063 2919 1113 2949 vel
1136 2929 1202 2949 non
1222 2919 1313 2949 liceat

146 2981 152 2988 ·
191 2981 198 2988 ·
249 2963 402 2994 contrarie
425 2963 565 3003 opinari;
590 2963 740 2998 secundo,
765 2963 934 3003 respondet
955 2963 1098 3004 quaesito
1114 2963 1141 2993 *.

310 3007 346 3038 11.
365 3007 483 3044 Quoad
490 3008 646 3047 primum,
664 3005 780 3046 duplex
803 3006 894 3045 ponit
916 3017 1015 3047 genus
1031 3007 1256 3047 pertinentium
1273 3006 1311 3036 ad

248 3050 361 3081 fidem:
386 3050 502 3081 scilicet
524 3051 649 3087 directe,
673 3057 703 3080 et
725 3050 884 3081 indirecte.
909 3051 956 3081 De
980 3050 1084 3090 primo
1102 3060 1215 3090 genere
1238 3049 1312 3080 dicit

249 3095 338 3136 quod
353 3094 476 3135 opinari
491 3094 607 3125 falsum
631 3101 677 3125 est
699 3094 843 3130 haeresis,
861 3101 891 3125 et
906 3095 1042 3124 maxime
1058 3095 1204 3125 adiuncta
1219 3094 1311 3134 perti-

249 3138 349 3169 nacia.
365 3156 386 3160 —
401 3139 450 3169 De
468 3139 607 3169 secundo
623 3148 698 3169 vero
715 3138 790 3169 dicit
805 3139 880 3169 duo.
904 3139 1022 3175 Primo,
1039 3139 1128 3179 quod
1141 3145 1311 3179 antequam

250 3182 472 3219 consideretur,
486 3192 542 3213 seu
558 3182 801 3213 determinatum
818 3182 866 3219 sit,
884 3183 1035 3223 consequi
1052 3182 1171 3223 aliquid
1190 3189 1311 3213 contra-

249 3227 334 3257 rium
357 3225 449 3262 fidei,
474 3226 596 3266 opinari
620 3226 735 3257 falsum
759 3236 825 3257 non
849 3233 895 3256 est
917 3226 1061 3263 haeresis,
1086 3226 1221 3256 maxime
1245 3226 1311 3256 sine

250 3269 428 3311 pertinacia.
450 3269 632 3300 Secundum
649 3277 703 3307 est,
721 3271 808 3311 quod
826 3280 910 3300 error
926 3270 1110 3300 huiusmodi
1125 3277 1199 3310 post
1214 3270 1312 3300 mani-

250 3313 459 3350 festationem‚
480 3321 534 3344 aut
556 3314 713 3345 Ecclesiae
737 3313 1040 3350 determinationem,
1062 3321 1108 3345 est
1129 3314 1274 3344 haeresis.
1291 3332 1311 3336 -

250 3358 292 3388 Et
310 3368 346 3397 ex
364 3357 413 3387 his
433 3357 597 3388 deducitur
611 3358 773 3389 corollarie
789 3358 877 3399 quod
893 3358 993 3388 multa
1009 3358 1104 3388 hodie
1127 3364 1312 3398 reputantur

249 3401 413 3437 haeretica,
438 3408 495 3432 etc.

308 3446 359 3476 ΙΙΙ.
376 3445 512 3476 Adverte
527 3445 577 3476 hic
592 3446 681 3485 quod
704 3446 743 3476 ad
765 3446 920 3476 rationem
939 3445 1073 3476 haeresis
1088 3445 1121 3475 in
1138 3455 1179 3482 se,
1197 3445 1311 3476 sufficit

249 3490 339 3531 quod
356 3489 395 3520 sit
410 3499 495 3520 error
513 3489 546 3519 in
569 3489 618 3519 his
641 3499 723 3530 quae
738 3496 812 3521 sunt
827 3490 917 3520 fidei:
942 3490 996 3520 sed
1012 3490 1051 3519 ad
1068 3489 1222 3520 rationem
1238 3489 1309 3520 hae-

1366 2874 1452 2905 retici
1475 2874 1657 2911 formaliter,
1682 2875 1850 2915 requiritur
1872 2875 1952 2906 ultra
1975 2875 2060 2912 haec,
2085 2876 2263 2916 pertinacia.
2289 2877 2330 2907 Et
2353 2886 2425 2917 pro-

1365 2924 1471 2959 pterea
1490 2919 1523 2948 in
1542 2919 1644 2951 littera
1666 2929 1722 2959 per
1744 2919 1880 2950 modum
1902 2919 2069 2950 additionis
2093 2920 2282 2960 adiungitur,
2298 2922 2327 2951 si
2342 2921 2425 2952 adsit

1365 2967 1423 2992 aut
1445 2963 1527 2993 absit
1542 2964 1734 3002 pertinacia.
2396 2963 2400 2966 ’

1427 3007 1558 3043 Rursus,
1582 3006 1615 3036 in
1638 3006 1777 3037 secundo
1800 3017 1922 3047 genere,
1946 3008 2074 3048 quando
2099 3008 2184 3038 deest
2207 3008 2423 3039 determinatio

1364 3050 1537 3086 Ecclesiae,
1562 3060 1628 3080 non
1650 3057 1782 3081 vocatur
1804 3051 2007 3082 manifestum
2031 3052 2181 3093 consequi
2204 3052 2323 3092 aliquid
2347 3061 2423 3082 con-

1365 3094 1496 3125 trarium
1518 3093 1591 3125 fidei
1615 3104 1652 3124 ex
1674 3094 1779 3135 aliqua
1801 3095 1974 3134 positione,
2000 3105 2036 3125 ex
2059 3095 2119 3126 hoc
2143 3096 2230 3136 quod
2253 3096 2346 3126 multi
2365 3096 2422 3126 do-

1366 3145 1465 3169 ctores
1490 3138 1620 3168 credunt
1643 3138 1703 3174 sic,
1727 3139 1794 3169 aliis
1817 3139 2003 3179 oppositum
2031 3139 2245 3170 sentientibus.
2275 3140 2366 3170 Unde
2389 3140 2422 3170 in

1364 3181 1568 3218 huiusmodi,
1592 3181 1707 3212 falsum
1730 3182 1895 3223 opinantes
1918 3193 1984 3214 non
2008 3183 2113 3214 solum
2142 3184 2180 3213 ab
2203 3183 2338 3220 haeresi,
2368 3184 2421 3214 sed

1366 3227 1459 3257 etiam
1475 3236 1492 3255 a
1508 3232 1636 3265 peccato
1657 3233 1852 3263 excusantur,
1872 3227 1927 3267 qui
1946 3227 2031 3257 iuxta
2045 3227 2178 3267 gradum
2198 3238 2301 3264 suum,
2322 3238 2421 3268 quan—

1365 3277 1434 3301 tum
1451 3276 1654 3309 cognoscunt,
1675 3270 1941 3301 rationabiliorem
1959 3271 2042 3300 viam
2062 3271 2248 3301 arbitrantur
2263 3281 2295 3301 se
2314 3271 2419 3312 sequi,

1366 3315 1449 3344 salva
1472 3313 1628 3343 Ecclesiae
1652 3314 1831 3344 reverentia.

1423 3358 1474 3388 IV.
1500 3358 1615 3394 Quoad
1633 3358 1805 3388 secundum
1821 3357 1849 3395 ὕ,
1875 3359 2036 3389 conclusio
2051 3359 2233 3398 responsiva
2257 3365 2312 3395 est,
2332 3359 2422 3400 quod

1364 3402 1435 3432 licet
1459 3401 1610 3431 contrarie
1633 3401 1756 3441 opinari
1780 3402 1818 3432 de
1840 3402 2034 3438 notionibus,
2052 3402 2078 3432 si
2093 3402 2172 3432 nihil
2196 3409 2250 3439 est,
2271 3410 2326 3434 aut
2344 3413 2420 3434 con-

1365 3445 1525 3483 sideratur,
1543 3454 1738 3486 consequens
1758 3446 1949 3476 contrarium
1964 3446 2046 3477 fidei.
2064 3464 2084 3468 —
2101 3446 2142 3477 Et
2156 3447 2321 3487 probatur:
2346 3447 2421 3488 quia

1365 3489 1510 3520 notiones
1535 3496 1608 3519 sunt
1630 3489 1662 3519 in
1686 3490 1825 3520 secundo
1848 3500 1959 3529 genere
1974 3490 1999 3520 *.

886 3585 1414 3610 --—-...-3}—.-

2466 867 2477 878 ⁸
2492 866 2528 888 Cf.
2543 873 2607 889 num.
2622 873 2646 888 x.

2464 1517 2473 1526 '¹
2494 1515 2554 1538 Vide
2574 1517 2585 1538 1
2599 1517 2673 1544 Regn,

2464 1548 2514 1569 cap.
2530 1548 2559 1563 1.-

2557 2091 2571 2116 0}

2448 3363 2458 3373 ⁸
2473 3362 2509 3384 Cf.
2525 3369 2588 3384 num.
2603 3369 2618 3384 t.

2448 3490 2458 3500 ¹¹
2473 3489 2508 3511 cf.
2523 3495 2586 3511 num.
2603 3495 2629 3511 ιι.
