2768 4178
51 901 62 911 ·
77 899 116 922 ef.
129 905 196 922 num.
210 905 234 921 v,

965 245 1234 292 QUAESTIO
1263 246 1398 292 XLIV,
1427 246 1723 284 ARTICULUS
1754 247 1804 283 1v

293 330 362 365 pter
385 324 527 364 seipsum
550 331 586 355 ut
608 323 724 355 finem:
749 330 780 355 et
803 324 846 355 sic
868 324 976 365 ipsum
999 331 1046 355 est
1061 322 1359 354 communicationis

291 367 380 404 finis,
406 375 437 399 et
459 378 526 398 non
549 378 566 398 e
590 378 755 399 converso.

348 411 505 443 Differunt
528 419 636 443 autern
652 412 775 452 agentia
791 417 891 442 cetera
906 421 923 441 a
937 411 1041 451 primo
1058 411 1166 452 quoad
1182 410 1254 446 hoc,
1272 410 1361 450 quod

291 456 412 497 reliqua
435 456 761 487 communicationem
792 455 1006 486 ordinant‘ad
1027 464 1076 492 se,
1100 454 1180 485 idest
1202 454 1246 484 ad
1267 463 1359 484 suam

292 501 473 531 utilitatem.
491 500 646 538 Quamvis
661 500 724 530 hoc
739 499 835 530 etiam
849 499 889 529 sit
904 498 1115 540 diversimode
1131 498 1165 528 in
1179 498 1360 528 substantiis

292 544 491 585 sempiternis
515 552 545 576 et
569 542 846 584 corruptibilibus:
880 542 1034 583 quoniam
1064 541 1135 572 illae
1166 541 1207 571 ad
1236 551 1359 571 conser-

291 589 429 619 vandam
451 588 685 619 individualiter
708 586 970 617 assimilationem
992 586 1032 615 ad
1055 586 1192 626 primam
1216 595 1358 622 causam,

291 632 368 663 istae
391 632 432 662 ad
455 631 705 663 conservandam
727 629 996 666 assimilationem,
1021 635 1057 660 ut
1071 635 1215 669 possunt,
1232 628 1272 658 ad
1288 639 1373 659 ean-

292 676 375 713 dem,
392 683 500 716 agunt.
523 676 629 706 Prima
643 681 751 705 autem
775 683 869 704 causa
892 673 1218 704 communicationem
1237 673 1361 703 ordinat

292 720 336 751 ad
357 730 402 758 se,
426 720 507 751 idest
528 719 572 750 ad
593 726 685 750 suam
709 718 891 748 bonitatem.
917 717 958 747 Et
972 717 1045 747 ideo
1065 717 1186 758 reliqua
1208 723 1306 756 agunt
1325 723 1361 747 ut

293 764 338 794 sic
361 764 424 795 sint
446 770 502 794 aut
524 768 767 794 conserventur:
791 761 879 792 Deus
902 767 1025 798 autem,
1050 761 1126 801 quia
1149 766 1204 791 est.
1229 760 1270 790 Et
1285 770 1359 801 pro-

292 814 398 848 pterea
419 806 654 838 liberalissimae
677 805 810 836 actionis
839 805 935 836 etiam
963 816 981 836 a
1004 804 1204 846 philosophis
1227 804 1359 841 dicitur,

292 858 329 882 ut
349 851 383 882 in
405 850 612 891 responsione
636 850 676 880 ad
699 849 842 890 primum
865 849 988 880 dicitur.

349 895 418 926 VII.
438 894 498 925 His
521 894 709 935 praelibatis,
727 894 767 924 ad
782 894 925 935 primum
940 893 1076 924 dubium
1090 892 1108 912 *
1131 891 1253 928 dicitur,
1271 892 1360 933 quod

292 938 451 970 distinctio
475 945 523 969 est
545 938 640 969 haec:
663 939 782 971 Forma
800 938 896 979 geniti
912 937 1092 979 dupliciter,
1118 936 1233 967 scilicet
1256 941 1292 967 ut
1314 942 1361 967 est

291 983 406 1025 geniti,
423 989 454 1014 et
469 988 504 1014 ut
519 988 567 1014 est
579 983 695 1014 similis
708 983 890 1024 generanti.
911 980 1076 1019 Quoniam
1091 980 1225 1012 intendit
1238 982 1361 1011 Auctor

293 1027 458 1059 excludere
488 1027 577 1068 quod
590 1051 598 1063 ,
622 1033 659 1058 ut
681 1033 728 1058 est
749 1026 864 1067 geniti,
897 1035 963 1056 non
987 1031 1033 1056 est
1055 1024 1127 1056 finis
1150 1024 1292 1064 agentis,
1325 1030 1361 1055 ut

292 1071 446 1103 sustineat
464 1071 553 1113 quod
575 1072 663 1102 Deus
687 1081 754 1101 non
777 1071 840 1110 agit
862 1077 993 1111 propter
1008 1075 1144 1100 creatam
1163 1075 1309 1099 naturam
1324 1075 1360 1099 ut

292 1115 400 1153 finem,
425 1116 481 1146 sed
503 1122 634 1156 propter
656 1114 808 1155 seipsum.

351 1160 403 1191 Ad
426 1160 604 1191 secundum
621 1169 707 1195 vero,
731 1165 866 1199 negatur
887 1157 977 1199 quod
999 1157 1062 1188 hoc
1084 1156 1124 1188 sit
1147 1156 1273 1187 falsum.
1298 1155 1359 1187 Ge-

293 1204 414 1235 neratio
437 1204 524 1235 enim
554 1210 660 1244 potest
681 1202 849 1243 dupliciter
879 1201 982 1233 sumi:
1014 1211 1080 1232 uno
1111 1200 1231 1237 modo,
1263 1206 1300 1231 ut
1322 1200 1360 1230 ab

294 1254 418 1289 agente;
442 1248 504 1279 alio
528 1248 628 1283 modo
652 1247 810 1283 absolute,
834 1253 912 1287 puta
935 1251 971 1276 ut
993 1245 1052 1277 via.
1082 1245 1123 1275 Et
1145 1244 1208 1275 hoc
1230 1244 1362 1286 quidem

288 1291 701 1333 Vmfiffis‘generadoms
717 1297 763 1322 est
778 1291 882 1322 forma
896 1289 991 1321 etiam
1007 1295 1043 1320 ut
1058 1288 1168 1330 geniti:
1186 1289 1242 1319 sed
1257 1288 1361 1330 primo

2401 248 2478 294 463

1414 324 1514 354 modo
1538 335 1613 362 non,
1634 331 1669 356 ut
1683 325 1716 355 in
1730 325 1831 356 littera
1854 325 1976 356 dicitur.
1994 343 2014 349 —
2029 326 2095 355 Nec
2111 332 2157 356 est
2172 335 2284 356 verum
2300 326 2389 366 quod
2405 326 2479 357 hinc

1414 377 1480 398 non
1504 368 1613 400 satisfit
1635 375 1831 409 argumento.
1857 369 2021 406 Quoniam
2041 369 2144 400 forma
2167 376 2202 400 ut
2226 369 2336 399 similis
2356 370 2478 401 formae

1413 412 1599 451 generantis,
1624 412 1777 453 significat
1792 413 1929 443 formam
1944 413 2040 453 geniti
2057 413 2196 454 quidem,
2213 414 2266 444 sed
2284 423 2322 444 ex
2338 423 2374 444 ea
2389 422 2476 454 parte

1415 465 1478 495 qua
1501 463 1547 486 est
1569 466 1634 486 una
1657 467 1731 487 cum
1754 457 1821 494 illa,
1846 467 1911 498 qua
1934 464 1980 487 est
2002 457 2097 488 altera
2119 457 2205 498 ipsa,
2231 467 2294 498 qua
2317 465 2363 489 est
2386 459 2478 498 quasi

1413 498 1527 529 vicaria
1548 499 1645 530 illius:
1671 511 1706 531 ac
1728 511 1785 541 per
1806 501 1868 531 hoc
1891 501 2042 538 insinuat,
2067 501 2092 531 si
2111 501 2179 542 ipsa
2202 508 2238 532 ut
2260 501 2350 542 quasi
2373 502 2478 534 induit

1414 542 1517 579 illam,
1542 550 1587 574 est
1609 543 1690 581 finis,
1715 545 1803 585 quod
1826 545 1880 575 illa
1903 551 1948 575 est
1970 555 2042 575 vere
2064 544 2145 576 finis.
2174 545 2215 575 Et
2237 545 2281 576 sic
2304 545 2478 577 formaliter

1415 586 1523 616 satisfit
1546 595 1751 626 argumento:
1775 589 1874 629 quod,
1893 589 1966 619 licet
1981 588 2051 619 finis
2067 589 2275 628 generationis
2298 599 2364 620 non
2388 590 2477 620 coin-

1415 629 1496 660 cidat
1511 630 1543 660 in
1559 630 1645 661 idem
1667 642 1801 663 numero
1825 642 1900 663 cum
1922 630 2025 663 forma
2047 633 2176 672 agentis,
2201 633 2356 664 redundat
2369 640 2475 664 tamen

1414 673 1447 703 in
1470 673 1556 703 idem
1578 684 1727 712 numero,
1752 686 1789 706 ex
1812 686 1850 707 eo
1879 676 1968 716 quod
1996 676 2099 707 forma
2127 676 2223 716 geniti
2246 687 2312 707 non
2336 684 2382 708 est
2404 677 2475 709 finis

1414 717 1474 747 nisi
1497 724 1533 748 ut
1555 718 1665 749 similis
1692 719 1812 750 formae
1843 720 1971 760 agentis.
1991 738 2011 743 —
2030 721 2081 751 Ad
2105 720 2377 751 confirmationem
2399 732 2475 752 vero

1415 761 1536 798 dicitur,
1561 763 1649 802 quod
1673 763 1857 800 similitudo,
1878 774 1952 794 cum
1969 764 2190 795 distinctorum
2213 765 2323 795 eadem
2342 765 2476 805 qualitas

1415 804 1462 841 sit,
1479 815 1516 835 ex
1530 813 1617 845 parte
1640 807 1767 838 unitatis
1790 807 1890 848 magis
1913 818 1945 838 se
1968 814 2062 844 tenet,
2082 818 2180 848 quam
2198 808 2359 848 significat,
2377 819 2473 849 quam

1415 848 1631 887 distinctionis,
1652 861 1750 891 quam
1773 858 1809 882 ut
1831 851 2045 882 subiectorum
2069 851 2284 882 conditionem
2307 853 2409 893 exigit.
2434 854 2476 885 Et

1414 892 1486 923 ideo
1502 896 1623 924 Auctor
1638 895 1678 924 ad
1693 895 1846 926 unitatem
1860 895 2083 926 insinuandam
2098 895 2150 926 illa
2165 906 2242 926 usus
2258 903 2313 927 est.

1469 938 1520 967 Ad
1536 938 1670 968 dubium
1693 939 1824 969 demum
1847 946 1955 970 contra
1977 940 2141 976 rationem,
2162 939 2275 971 dicitur
2291 941 2380 981 quod
2395 941 2474 972 ratio
2507 957 2509 960 ·

1414 980 1534 1012 litterae
1557 982 1678 1021 optime
1706 983 1867 1013 concludit
1893 983 1982 1024 quod
2005 983 2108 1014 forma
2131 983 2242 1023 geniti,
2268 990 2303 1015 ut
2326 985 2384 1021 sic,
2409 995 2475 1015 non

1415 1031 1520 1064 potest
1543 1036 1610 1056 esse
1631 1025 1702 1056 finis
1725 1027 1934 1066 generationis
1958 1034 1992 1058 ut
2015 1028 2053 1057 ab
2077 1034 2204 1067 agente,
2237 1028 2312 1068 quia
2339 1039 2406 1059 non
2430 1036 2477 1060 est

1415 1069 1552 1099 nobilior
1567 1076 1686 1109 agente.
1711 1070 1772 1101 Sed
1788 1080 1853 1101 non
1877 1078 1980 1111 potest
2003 1070 2118 1102 reflecti
2141 1078 2250 1102 contra
2268 1072 2405 1103 formam
2422 1083 2475 1113 ge-

1415 1112 1471 1143 niti
1494 1119 1529 1144 ut
1553 1113 1689 1144 similem
1712 1114 1825 1154 agenti,
1849 1114 1929 1145 idest
1952 1122 2060 1146 contra
2082 1115 2218 1145 formam
2242 1116 2375 1156 agentis:
2400 1117 2476 1157 quia

1416 1157 1503 1187 nulla
1527 1158 1721 1198 comparatio
1751 1158 1844 1189 habet
1872 1159 1997 1195 locum,
2022 1159 2141 1189 seclusa
2164 1159 2372 1191 distinctione.
2400 1161 2475 1191 Non

1415 1201 1501 1231 enim
1524 1208 1650 1241 oportet
1672 1202 1757 1232 idem
1780 1212 1847 1233 esse
1870 1202 2007 1233 nobilius
2031 1213 2073 1239 se,
2099 1213 2173 1233 cum
2195 1204 2258 1243 agit
2277 1211 2405 1244 propter
2423 1214 2472 1235 se:

1415 1245 1470 1275 sed
1494 1255 1568 1275 cum
1590 1245 1661 1276 finis
1686 1253 1732 1277 est
1754 1246 1840 1276 aliud
1864 1247 1901 1276 ab
1921 1253 2041 1287 agente,
2066 1254 2190 1287 oportet
2212 1246 2308 1278 finem
2331 1251 2398 1279 esse
2416 1259 2475 1279 no-

1417 1289 1563 1319 biliorem
1586 1296 1706 1329 agente.
