2768 4178
87 374 227 422 '‘dpraecise
247 374 311 395 add.r

87 407 99 422 e
118 401 141 423 d.
157 401 216 429 1508,
233 406 285 428 ¹5¹4-

177 2167 191 2200 β

79 2282 88 2291 '
102 2281 217 2303 Nicaeno.

177 2337 193 2362 Υ

82 3235 92 3245 '
105 3234 130 3257 S.
145 3234 190 3257 Th.
205 3236 257 3258 lect.
272 3243 289 3258 1.

179 3290 193 3314 η

326 255 407 292 474

328 323 424 355 situm
439 323 472 353 in
488 322 602 354 nostris
619 321 770 353 terminis.
792 321 876 359 Quia
892 321 979 352 aliter
995 328 1177 361 sequeretur
1192 320 1282 360 quod
1295 320 1394 351 virtus

327 373 440 408 potens
454 367 472 385 θ’
495 366 595 397 facere
619 376 655 396 ex
679 366 784 406 aliqua
807 365 958 405 potentia,
984 371 1015 395 et
1036 365 1135 395 virtus
1159 371 1273 404 potens
1294 364 1395 395 facere

328 422 364 442 ex
387 411 474 442 nulla
497 410 647 451 potentia,
673 417 775 440 essent
799 410 960 450 aequales:
986 410 1075 449 quod
1099 418 1165 439 non
1184 415 1231 439 est
1246 408 1396 448 intelligi-

327 456 404 492 bile;
428 461 583 495 repugnat
606 454 690 484 enim
713 454 758 484 illi
778 463 834 493 per
849 463 881 483 se
901 460 996 484 notae
1019 453 1132 483 maiori
1157 459 1338 493 assumptae
1361 452 1394 482 in

326 500 442 538 littera,
466 509 563 539 quam
587 498 714 534 Scotus,
738 505 893 538 tanquam
916 507 986 527 eam
1010 507 1077 527 non
1099 496 1226 533 viderit,
1251 496 1359 527 tacuit.
1374 515 1394 519 -

326 544 367 574 Et
381 550 467 584 patet
482 543 619 584 sequela,
639 542 801 582 arguendo
817 542 917 572 rnodo
933 541 1119 572 Aristotelis.
1141 541 1276 581 Sumpta
1291 540 1395 582 aliqua

325 588 440 619 virtute
463 587 594 617 faciente
618 597 655 617 ex
679 586 768 616 nulla
786 585 936 626 potentia,
962 592 992 616 et
1014 584 1103 616 finita
1126 586 1304 616 secundum
1328 595 1392 621 eos,

325 638 403 672 puta
425 633 472 668 A;
502 638 532 662 et
555 631 615 661 alia
637 630 751 661 virtute
779 637 877 666 certa,
902 636 980 670 puta
1001 629 1042 666 B,
1072 629 1204 660 faciente
1228 640 1264 660 ex
1288 629 1395 670 aliqua

325 675 483 716 potentia,
513 682 591 715 puta
614 674 658 711 C;
683 681 714 706 et
736 681 851 705 statuta
878 674 959 704 inter
989 683 1040 703 eas
1065 680 1147 704 certa
1175 673 1392 714 proportione,

325 726 403 760 puta
419 719 567 759 decupla:
592 725 740 759 arguatur
756 718 809 749 sic.
834 718 866 749 Si
886 723 1030 748 sumatur
1045 718 1188 758 potentia
1207 718 1240 748 in
1257 718 1393 758 decuplo

325 763 501 804 elongatior
524 764 562 793 ab
578 770 649 794 actu
674 773 772 805 quam
795 762 833 799 C,
858 762 956 792 virtus
979 761 1095 792 faciens
1120 772 1157 792 ex
1171 762 1230 793 ista
1253 761 1395 802 potentia

324 807 357 838 in
381 808 516 848 decuplo
540 807 667 838 excedet
688 807 730 838 B:
756 817 830 847 ergo
854 806 911 837 erit
934 806 1074 847 aequalis
1096 806 1157 846 ipsi
1181 808 1224 842 A,
1248 806 1338 847 quod
1361 805 1394 835 in

325 851 461 893 decuplo
485 859 610 883 tantum
633 851 753 882 excedit
770 851 813 881 B:
839 860 913 891 ergo
928 850 1028 881 virtus
1043 860 1137 890 agens
1155 860 1192 881 ex
1207 850 1313 891 aliqua
1336 860 1394 890 po-

324 896 439 933 tentia,
465 896 522 927 erit
544 896 683 936 aequalis
706 895 814 926 virtuti
842 895 945 935 agenti
977 905 1013 925 ex
1038 895 1135 925 nulla.
1160 912 1180 917 -
1204 895 1246 925 Et
1268 895 1393 925 adverte

325 941 413 981 quod
437 940 514 971 nihil
537 940 630 970 refert
653 947 761 970 utrum
790 939 891 979 possit
915 939 981 969 dari
1005 939 1037 969 in
1061 946 1173 970 natura
1196 938 1338 979 potentia
1360 938 1394 968 in

325 985 460 1026 decuplo
488 991 544 1015 aut
572 984 721 1024 centuplo
751 983 920 1014 remotior:
955 983 1036 1014 sicut
1058 983 1137 1014 nihil
1159 983 1254 1014 refert
1285 990 1394 1014 utrum

1009 241 1278 288 QUAESTIO
1308 241 1429 289 XLV,
1460 242 1758 280 ARTICULUS
1787 243 1838 279 VI

1449 320 1550 360 possit
1573 321 1639 351 dari
1663 331 1780 362 corpus
1803 322 1836 352 in
1856 322 2006 362 centuplo
2021 329 2080 353 etc.
2098 323 2254 360 subtilius,
2270 331 2301 355 et
2316 331 2424 355 motus
2441 334 2523 356 sem-

1450 375 1506 404 per
1519 365 1670 397 velocior.
1690 365 1813 397 Sufficit
1827 366 1913 396 enim
1928 366 2041 397 veritas
2060 367 2341 399 conditionalium:
2366 369 2523 410 quidquid

1450 409 1536 439 enim
1559 417 1714 449 repugnat
1736 410 1858 441 veritati
1880 410 2067 441 huiusmodi
2088 412 2367 449 conditionalium,
2393 420 2439 444 est
2461 413 2523 444 im-

1449 453 1610 493 possibile.
1635 454 1676 485 Et
1692 454 1718 484 si
1733 454 1796 485 hoc
1814 465 1920 495 negas,
1937 455 2177 495 philosophiam
2200 457 2377 487 naturalem
2399 457 2522 488 Aristo-

1450 497 1518 528 telis
1542 498 1687 534 destruis,
1713 505 1748 529 ut
1770 506 1856 539 patet
1878 499 1911 529 in
1935 500 1987 536 lv,
2005 499 2058 536 VI,
2076 500 2132 530 VII
2150 507 2180 530 et
2196 500 2267 531 VIII
2282 501 2410 542 Physic.
2427 500 2446 519 ’κ

1508 542 1620 573 XXIV.
1638 543 1690 573 Ad
1706 542 1840 574 Scotum
1855 542 1873 560 ⁴*
1897 553 1971 583 ergo
1996 543 2119 580 dicitur,
2137 545 2227 585 quod
2240 544 2320 575 ratio
2336 555 2403 575 non
2419 545 2523 586 arguit

1449 595 1486 616 ex
1509 586 1654 617 extremis
1677 586 2017 628 improportionalibus
2040 588 2194 625 absolute,
2219 589 2275 619 sed
2298 599 2335 620 ex
2351 589 2395 620 eis
2411 596 2447 620 ut
2461 597 2521 621 ter-

1449 629 1544 660 minis
1559 640 1746 671 progressus
1760 632 2027 672 augmentationis
2051 639 2082 663 et
2096 633 2316 664 diminutionis
2339 634 2521 674 proportio-

1449 674 1538 710 nalis,
1563 681 1599 705 ut
1622 682 1718 715 patet.
1742 676 1784 706 Et
1805 676 1879 706 ideo
1902 676 1994 708 valet.

1506 718 1701 759 Exemplum
1720 729 1795 750 vero
1819 720 1858 750 de
1877 728 1997 760 puncto
2022 728 2053 752 et
2075 721 2167 757 linea,
2192 731 2275 762 quae
2298 728 2436 752 extrema
2458 721 2519 752 im-

1449 762 1700 802 proportionalia
1718 764 1864 794 absolute
1879 772 1963 801 sunt,
1984 765 2063 795 nihil
2087 766 2208 797 obstat:
2233 765 2309 807 quia
2332 766 2372 796 ad
2392 766 2520 796 nullum

1449 812 1495 836 est
1518 806 1731 847 propositum.

1506 850 1573 881 Stat
1589 861 1663 890 ergo
1680 851 1781 881 solida
1804 851 2032 884 demonstratio
2055 853 2185 891 litterae,
2210 854 2300 895 quod
2321 854 2421 884 virtus
2438 864 2520 885 crea-

1447 894 1511 925 tiva
1522 901 1569 925 est
1582 894 1714 932 infinita,
1731 903 1762 927 et
1773 895 1846 926 ideo
1861 895 2184 928 incommunicabilis:
2201 898 2307 938 omnis
2320 898 2406 929 enim
2420 899 2520 930 virtus

1448 937 1535 969 finita
1558 946 1604 970 est
1627 939 1715 970 alteri
1738 939 1846 971 virtuti
1867 939 1974 971 finitae
1997 942 2254 981 proportionalis,
2276 949 2312 973 ut
2335 942 2430 974 etiam
2451 943 2519 984 ipse

1449 982 1566 1014 fatetur
1579 984 1605 1020 *‚
1629 984 1785 1025 quoniam
1810 991 1943 1026 utraque
1966 992 2085 1026 quanta
2108 993 2156 1017 est
2178 993 2209 1017 et
2231 985 2330 1017 finita.

1145 1119 1464 1162 ARTICULUS
1495 1120 1705 1163 SEXTUS

835 1213 992 1244 UTRUM
1017 1212 1189 1244 CREARE
1213 1213 1280 1244 SIT
1304 1212 1526 1244 PROPRIUM
1549 1213 1752 1245 ALICUIUS
1775 1213 2002 1245 PERSONAE

1062 1283 1082 1308 11
1103 1284 1185 1313 Sent„
1206 1284 1286 1316 prol.;
1307 1283 1349 1308 De
1367 1283 1435 1314 Pot„
1455 1292 1501 1317 qu.
1519 1291 1552 1315 tx,
1573 1290 1619 1309 art.
1640 1283 1664 1315 5,
1684 1284 1716 1309 ad
1738 1291 1779 1309 20.

361 1397 373 1409 f
444 1400 458 1412 ,,
491 1388 495 1391 ·
535 1377 557 1402 D
586 1376 728 1402 sax-run
757 1376 810 1401 src
839 1375 1080 1401 PROCEDITUR.
1100 1363 1260 1401 Videtur
1283 1363 1389 1412 quod

386 1415 399 1437 ·”
537 1430 663 1455 creare
693 1418 739 1454 sit
766 1417 965 1466 proprium
995 1416 1151 1454 alicuius
1180 1418 1387 1454 Personae.

355 1513 357 1516 ¹
386 1510 389 1516 ,
482 1469 655 1518 (Quod
693 1471 795 1507 enirn
826 1478 880 1507 est
908 1470 1033 1519 prius,
1065 1478 1120 1507 est
1159 1482 1274 1507 causa
1308 1471 1389 1507 eius

380 1539 391 1552 κ
411 1526 420 1549 1
452 1520 477 1559 ἰν
492 1516 642 1574 &quod
663 1531 718 1561 est
732 1532 819 1573 post
833 1530 865 1568 κς
888 1531 923 1560 et
937 1523 1148 1572 perfectum
1163 1524 1387 1573 imperfecti.

323 1580 400 1618 Sed
428 1578 622 1628 processio
653 1577 804 1614 divinae
832 1578 1026 1614 Personae
1055 1584 1112 1613 est
1138 1577 1243 1626 prior
1271 1590 1388 1626 quam

321 1633 516 1683 processio
546 1639 761 1668 creaturae:
793 1638 829 1667 et
857 1630 979 1678 magis
1006 1630 1184 1679 perfecta,
1216 1631 1305 1680 quia
1334 1631 1389 1668 di-

320 1687 411 1724 vina
430 1687 600 1723 Persona
619 1683 792 1734 procedit
818 1683 858 1721 in
876 1684 1044 1733 perfecta
1064 1683 1307 1722 similitudine
1331 1684 1389 1721 sui

320 1739 507 1790 principii,
529 1746 700 1776 creatura
726 1750 821 1775 vero
846 1736 885 1774 in
913 1737 1146 1786 imperfecta.
1169 1738 1271 1786 Ergo
1299 1750 1388 1787 pro-

322 1784 513 1831 cessiones
542 1791 757 1829 divinarum
777 1792 1035 1827 Personarum
1061 1798 1148 1828 sunt
1167 1803 1283 1828 causa
1300 1804 1390 1840 pro-

322 1846 501 1884 cessionis
521 1857 661 1882 rerum.
691 1845 741 1881 Et
760 1844 813 1881 sic
837 1856 965 1881 creare
995 1851 1051 1880 est
1076 1844 1277 1893 proprium
1297 1846 1390 1882 Per-

320 1912 449 1937 sonae.

374 1966 408 1990 2.
426 1954 659 1999 Pluinnam,
675 1951 867 1996 Personae
888 1949 1039 1988 divinae
1060 1963 1140 1988 non
1156 1950 1388 2000 distinguun-

318 2014 379 2044 tur
393 2007 441 2043 ab
457 2005 622 2043 invicem
638 2004 708 2041 nisi
723 2017 791 2053 per
806 2016 893 2041 suas
907 2004 1174 2053 processiones
1190 2012 1226 2042 et
1241 2005 1388 2042 relatio-

319 2073 398 2097 nes.
429 2058 627 2108 Quidquid
652 2057 762 2106 igitur
781 2057 1000 2095 differenter
1018 2057 1232 2095 attribuitur
1251 2058 1388 2096 divinis

318 2113 508 2160 Personis,
525 2113 599 2149 hoc
616 2111 796 2148 convenit
815 2110 869 2147 eis
888 2111 1102 2148 secundum
1122 2112 1387 2160 processiones

320 2174 355 2203 et
375 2166 574 2203 relationes
589 2166 847 2201 Personarum
865 2163 893 2200 Ρ.
926 2165 1002 2202 Sed
1023 2165 1221 2202 causalitas
1242 2173 1387 2203 creatu—

319 2231 448 2257 rarum
486 2217 744 2256 diversimode
773 2217 985 2254 attribuitur
1022 2217 1159 2255 divinis
1187 2219 1386 2256 Personis:

320 2285 410 2310 nam
436 2272 474 2309 in
504 2271 690 2320 Symbolo
721 2269 870 2307 Fidei*
898 2270 1000 2307 Patri
1032 2271 1245 2308 attribuitur
1281 2272 1387 2321 quod

319 2326 364 2363 sit
397 2326 557 2362 Creator
593 2324 762 2361 omnium
799 2323 999 2360 visibilium
1029 2330 1066 2360 et
1095 2324 1335 2362 invisibilium
1355 2330 1385 2370 ⁷;

320 2379 414 2416 Filio
444 2386 572 2415 autem
592 2377 803 2414 attribuitur
821 2377 927 2425 quod
939 2388 1014 2425 per
1031 2389 1117 2413 eum
1137 2378 1265 2414 omnia
1274 2379 1387 2427 facta

317 2438 423 2477 sunt;
451 2431 520 2469 sed
548 2430 702 2480 Spiritui
730 2430 892 2477 Sancto,
923 2430 1027 2479 quod
1060 2430 1106 2467 sit
1137 2431 1326 2468 Dominus
1353 2437 1390 2468 et

317 2486 537 2533 vivificator.
569 2482 778 2521 Causalitas
808 2495 897 2531 ergo
919 2490 1177 2520 creaturarum
1207 2485 1387 2522 convenit

318 2538 496 2576 Personis
524 2537 738 2574 secundum
766 2536 1032 2585 processiones
1061 2545 1098 2574 et
1126 2537 1339 2576 relationes.

374 2593 408 2629 3.
429 2593 662 2638 PRAETEREA,
688 2590 718 2627 si
747 2590 893 2627 dicatur
921 2590 1027 2639 quod
1056 2590 1254 2628 causalitas
1283 2604 1385 2628 crea-

318 2653 424 2682 turae
444 2644 647 2682 attenditur
666 2643 878 2681 secundum
908 2643 1063 2692 aliquod
1089 2643 1308 2682 attributum
1328 2658 1385 2682 es-

320 2698 472 2735 sentiale
501 2697 605 2747 quod
633 2696 899 2746 appropriatur
932 2697 1041 2734 alicui
1069 2697 1280 2745 Personae,
1310 2698 1386 2736 hoc

320 2764 398 2789 non
417 2751 566 2788 videtur
590 2750 783 2788 sufficiens
803 2747 827 2787 δ.
858 2750 959 2797 Quia
979 2750 1134 2800 quilibet
1153 2750 1311 2789 effectus
1331 2751 1385 2789 di-

318 2805 431 2842 vinus
460 2811 635 2841 causatur
654 2816 676 2840 a
696 2803 864 2853 quolibet
888 2803 1066 2841 attributo
1097 2804 1295 2853 essentiali,
1315 2805 1385 2842 sci-

319 2858 404 2896 licet
431 2857 620 2907 potentia,
650 2857 818 2894 bonitate
848 2864 883 2894 et
912 2857 1116 2906 sapientia:
1147 2865 1183 2894 et
1220 2858 1272 2895 sic
1306 2871 1384 2896 non

320 2911 439 2960 magis
473 2911 636 2960 pertinet
672 2910 721 2948 ad
758 2922 878 2947 unum
907 2923 1024 2960 quam
1054 2911 1102 2948 ad
1139 2911 1253 2949 aliud.
1294 2913 1385 2950 Non

321 2964 475 3002 deberet
493 2970 504 2984 ‘
533 2976 622 3012 ergo
643 2963 775 3012 aliquis
802 2963 1072 3001 determinatus
1092 2965 1233 3002 modus
1254 2977 1385 3003 causa-

319 3018 440 3055 litatis.
457 3017 605 3054 attribui
633 3017 699 3054 uni
727 3018 919 3054 Personae
940 3017 1062 3066 magis
1082 3030 1199 3067 quam
1219 3018 1291 3065 alii,
1314 3019 1384 3056 nisi

321 3071 635 3119 distinguerentur
654 3070 668 3096 ζ
696 3070 734 3107 in
763 3071 929 3108 creando
950 3071 1163 3108 secundum
1185 3072 1385 3110 relationes

321 3132 355 3161 et
382 3124 658 3173 processiones.

374 3179 446 3215 SED
475 3189 621 3214 CONTRA
649 3189 715 3214 Esr
743 3177 847 3226 quod
878 3177 966 3214 dicit
994 3177 1219 3227 Dionysius,
1247 3190 1270 3215 11
1300 3190 1383 3227 cap.

319 3231 364 3267 de
383 3231 469 3268 Diu.
486 3231 602 3268 Nom.
623 3230 654 3278 ²¹²,
681 3229 790 3280 quod
806 3230 1028 3268 communia
1047 3231 1160 3268 totius
1181 3231 1386 3270 divinitatis

320 3291 406 3321 sunt
433 3284 560 3321 omnia
589 3283 756 3321 causalia
774 3289 800 3320 ⁷¹.

373 3396 400 3428 α)
415 3399 486 3428 post.
503 3410 522 3414 -
536 3397 671 3428 posterius
690 3397 781 3422 BDsA.

373 3427 398 3463 β)
417 3435 443 3456 et
461 3432 602 3457 relationes
618 3432 806 3457 Personarum.
825 3446 843 3451 -
862 3432 1039 3458 Personarum
1055 3437 1080 3459 et
1094 3434 1235 3459 relationes
1255 3434 1366 3459 codices.

372 3467 398 3499 γ)
418 3466 557 3492 visibilium
577 3471 603 3492 et
621 3467 801 3493 invisibilium.
818 3481 837 3487 —-
856 3468 1024 3493 invisibilium
1044 3472 1070 3494 et
1090 3470 1230 3495 visibilium
1249 3469 1312 3495 Pab.

372 3500 396 3533 ὂ)
416 3502 554 3534 sufficiens.
573 3516 591 3521 —
609 3502 729 3536 sufficere
748 3503 777 3528 B.

372 3537 394 3568 ε)
414 3537 527 3562 deberet.
545 3551 563 3556 -
582 3538 656 3563 debet
675 3538 737 3563 Pab-

371 3571 396 3604 ζ)
417 3572 653 3605 distinguerentur.
671 3586 689 3592 —
707 3574 910 3606 distinguantur
929 3575 1049 3600 ABCDF..

371 3607 398 3639 η)
417 3608 545 3632 causalia.
562 3621 581 3627 —
599 3609 724 3633 creabilia
745 3609 772 3634 P.

1499 1364 1727 1401 RESPONDEO
1755 1376 1941 1402 chsnnun
1970 1365 2077 1414 quod
2115 1377 2243 1402 creare
2272 1373 2328 1402 est
2361 1366 2515 1416 proprie

1447 1429 1604 1454 causare
1624 1417 1705 1455 sive
1732 1418 1946 1466 producere
1972 1431 2054 1455 esse
2074 1431 2204 1455 rerum
2219 1416 2242 1456 ⁰.
2265 1419 2366 1456 Cum
2385 1427 2517 1458 autem

1446 1482 1562 1507 omne
1592 1482 1708 1518 agens
1737 1478 1823 1519 agat
1844 1471 1914 1508 sibi
1944 1471 2078 1519 simile,
2098 1471 2328 1521 principium
2356 1473 2516 1512 actionis

1446 1523 1677 1561 considerari
1706 1532 1832 1573 potest
1850 1536 1895 1561 ex
1924 1525 2081 1562 actionis
2106 1525 2267 1562 effectu:
2295 1526 2391 1574 ignis
2410 1527 2515 1565 enim

1446 1584 1501 1613 est
1529 1577 1594 1626 qui
1622 1585 1779 1626 generat
1805 1578 1934 1626 ignem
1953 1585 1972 1615 ⁸.
2004 1579 2054 1616 Et
2071 1578 2158 1615 ideo
2179 1590 2308 1616 creare
2335 1581 2516 1618 convenit

1444 1631 1529 1667 Deo
1559 1631 1772 1668 secundum
1793 1643 1906 1669 suurn
1936 1644 2037 1669 esse:
2068 1631 2175 1681 quod
2195 1639 2252 1669 est
2280 1632 2360 1670 eius
2389 1645 2514 1671 essen-

1444 1683 1515 1731 tia,
1555 1696 1654 1733 quae
1690 1692 1746 1721 est
1783 1685 2001 1722 communis
2028 1685 2148 1722 tribus
2176 1686 2366 1724 Personis.
2401 1687 2513 1725 Unde

1445 1749 1574 1774 creare
1594 1749 1674 1774 non
1690 1745 1745 1775 est
1758 1738 1958 1787 proprium
1973 1738 2084 1775 alicui
2097 1739 2304 1787 Personae,
2320 1739 2387 1777 sed
2407 1752 2514 1778 com-

1443 1802 1560 1827 mune
1589 1790 1656 1827 toti
1685 1791 1872 1828 Trinitati.

1499 1843 1576 1881 Sed
1604 1851 1733 1881 tamen
1762 1844 1913 1882 divinae
1942 1845 2137 1881 Personae
2163 1845 2377 1883 secundum
2401 1845 2514 1883 ratio-

1444 1909 1535 1934 nem
1555 1903 1568 1917 '‘
1596 1909 1687 1934 suae
1716 1897 1971 1947 processionis
1998 1898 2142 1935 habent
2170 1898 2428 1937 causalitatem
2457 1911 2514 1937 re-

1444 1958 1577 2000 spectu
1592 1950 1791 1988 creationis
1807 1963 1945 1988 rerum.
1967 1951 2018 1988 Ut
2033 1951 2134 1988 enim
2150 1964 2267 2001 supra
2279 1951 2300 1974 '¹‘
2315 1960 2514 1991 ostensum

1445 2012 1511 2051 est,
1533 2016 1622 2041 cum
1652 2004 1699 2041 de
1729 2004 1802 2041 Dei
1830 2004 1986 2042 scientia
2019 2012 2057 2042 et
2092 2005 2288 2042 voluntate
2317 2014 2512 2054 ageretur,

1443 2058 1550 2094 Deus
1580 2065 1635 2094 est
1673 2070 1787 2095 causa
1816 2070 1945 2095 rerum
1982 2070 2053 2107 per
2080 2070 2193 2095 suurn
2226 2058 2456 2097 intellectum
2478 2067 2515 2097 et

1442 2111 1694 2159 voluntatem,
1715 2111 1811 2148 sicut
1830 2111 1959 2148 artifex
1980 2123 2110 2148 rerum
2131 2111 2426 2150 artificiatarum.
2443 2115 2514 2150 Ar-

1443 2163 1530 2200 tifex
1550 2171 1678 2201 autem
1698 2177 1767 2214 per
1794 2166 1958 2202 verbum
1988 2165 2026 2202 in
2046 2165 2238 2202 intellectu
2268 2174 2510 2216 conceptum,

1444 2225 1480 2254 et
1507 2229 1576 2266 per
1604 2229 1780 2254 amorem
1809 2230 1900 2255 suae
1929 2218 2137 2256 voluntatis
2172 2218 2222 2256 ad
2249 2219 2392 2268 aliquid
2419 2221 2512 2258 rela-

1442 2278 1537 2318 tum,
1559 2278 1750 2319 operatur.
1772 2271 1884 2308 Unde
1915 2279 1950 2308 et
1978 2273 2084 2309 Deus
2113 2271 2227 2309 Pater
2250 2281 2430 2322 operatus
2458 2281 2515 2312 est

1443 2331 1657 2360 creaturam
1676 2336 1745 2373 per
1768 2336 1882 2361 suurn
1902 2325 2087 2371 Verbum,
2109 2325 2214 2373 quod
2244 2333 2299 2362 est
2318 2326 2348 2362 F
2350 2326 2450 2373 ilius3
2476 2334 2514 2364 et

1441 2388 1510 2426 per
1538 2389 1652 2413 suurn
1671 2379 1870 2424 Amorem,
1891 2377 1958 2427 qui
1986 2385 2042 2415 est
2071 2377 2230 2426 Spiritus
2260 2379 2433 2416 Sanctus.
2463 2381 2514 2417 Et

1441 2430 1655 2467 secundum
1680 2431 1756 2467 hoc
1774 2431 2042 2479 processiones
2061 2432 2320 2469 Personarum
2349 2440 2436 2470 sunt
2455 2445 2512 2470 ra-

1441 2483 1564 2520 tiones
1592 2483 1856 2532 productionis
1886 2492 2167 2533 creaturarum‚
2197 2484 2427 2534 inquantum
2455 2485 2510 2524 in-

2550 502 2558 511 ·
2564 501 2706 530 1V‚cap.vm
2713 510 2718 515 ·
2729 503 2764 526 vt

2549 534 2591 556 per
2614 532 2674 554 τοις
2701 519 2745 551 §ln

2549 555 2701 583 c.¹,v;V111,
2710 546 2761 584 cap’.

2547 587 2593 606 vm,
2608 588 2631 603 x.

2549 609 2558 618 ·
2574 607 2611 630 Cf.
2626 614 2691 631 num.
2701 615 2748 631 xxi.

2546 992 2558 1003 ⁴
2572 991 2637 1015 Loco
2651 993 2691 1015 cit.

2541 1959 2552 1969 “’
2561 1958 2611 1987 Qu.
2619 1964 2668 1987 nv,
2675 1962 2720 1981 nrt.
2729 1959 2743 1982 8
2751 1966 2757 1987 ;

2541 1991 2582 2014 qu.
2597 1991 2646 2014 xix,
2662 1989 2705 2008 art.
2719 1993 2743 2013 4.

1441 2537 1598 2574 cludunt
1634 2537 1847 2575 essentialia
1884 2538 2081 2587 attributa,
2113 2550 2212 2587 quae
2240 2546 2328 2575 sunt
2355 2538 2513 2577 scientia
2536 2549 2539 2551 “

1442 2598 1478 2627 et
1504 2588 1694 2627 voluntas.

1494 2645 1553 2680 AD
1574 2655 1711 2681 prunum
1730 2655 1829 2681 ERGO
1849 2656 2034 2682 meantum
2053 2643 2161 2693 quod
2174 2645 2442 2694 processiones
2457 2645 2512 2683 di-

1439 2697 1618 2734 vinarum
1646 2698 1905 2735 Personarum
1935 2705 2023 2735 sunt
2051 2709 2167 2736 causa
2195 2698 2394 2736 creationis
2416 2698 2511 2737 sicut

1441 2749 1584 2788 dictum
1615 2758 1670 2787 est
1687 2749 1718 2787 *.

1493 2805 1552 2841 AD
1581 2816 1772 2842 SECUNDUM
1801 2816 1984 2842 mcaNDUM
2014 2804 2141 2854 quod,
2171 2803 2267 2842 sicut
2294 2813 2429 2842 natura
2458 2805 2511 2843 di-

1438 2857 1541 2904 vina,
1570 2857 1656 2894 licet
1683 2857 1729 2894 sit
1757 2858 1975 2895 communis
2003 2858 2123 2895 tribus
2151 2858 2345 2905 Personis,
2376 2858 2510 2896 ordine

1439 2917 1570 2947 tamen
1607 2911 1778 2960 quodam
1808 2911 1860 2948 eis
1899 2911 2104 2960 convenit,
2138 2911 2364 2960 inquantum
2393 2911 2510 2949 Filius

1440 2963 1575 3013 accipit
1595 2971 1770 3001 naturam
1801 2964 1971 3002 divinam
1992 2977 2014 3002 a
2033 2965 2157 3012 Patre,
2179 2971 2216 3001 et
2235 2964 2394 3014 Spiritus
2415 2965 2509 3003 San-

1441 3025 1522 3054 ctus
1542 3018 1590 3055 ab
1610 3025 1794 3067 utroque;
1824 3018 1874 3055 ita
1894 3018 2009 3055 etiam
2030 3025 2066 3055 et
2092 3017 2210 3055 virtus
2236 3017 2402 3066 creandi,
2423 3018 2510 3056 licet

1440 3070 1486 3108 sit
1515 3071 1732 3108 communis
1752 3071 1871 3108 tribus
1899 3070 2090 3119 Personis,
2111 3070 2245 3108 ordine
2265 3079 2395 3108 tamen
2413 3084 2509 3121 quo-

1440 3125 1530 3162 dam
1551 3124 1604 3161 eis
1626 3124 1820 3171 convenit;
1850 3137 1940 3162 narn
1965 3125 1995 3161 F
1997 3124 2081 3162 ilius
2099 3124 2215 3161 habet
2235 3137 2321 3162 earn
2342 3136 2364 3161 a
2384 3125 2507 3173 Patre,

1442 3185 1477 3214 et
1491 3175 1503 3198 λ
1524 3177 1683 3227 Spiritus
1704 3178 1865 3215 Sanctus
1885 3179 1933 3215 ab
1952 3185 2127 3226 utroque.
2150 3177 2262 3215 Unde
2283 3178 2508 3216 Creatorem

1441 3243 1524 3268 esse
1553 3230 1767 3269 attribuitur
1794 3231 1909 3280 Patri,
1929 3238 1971 3269 ut
1999 3230 2035 3268 ei
2062 3230 2126 3279 qui
2146 3243 2226 3268 non
2252 3231 2368 3268 habet
2391 3231 2508 3270 virtu-

1441 3292 1518 3321 tem
1550 3284 1704 3322 creandi
1732 3285 1780 3321 ab
1810 3285 1895 3322 alio.
1931 3285 1990 3322 De
2019 3283 2114 3322 Filio
2135 3291 2263 3322 autem
2292 3284 2424 3322 dicitur
2435 3296 2509 3333 per

1491 3396 1515 3430 0)
1535 3406 1646 3424 causare
1667 3399 1722 3424 sive
1741 3399 1892 3431 producere
1916 3405 1972 3424 esse
1995 3405 2094 3423 rerum.
2113 3412 2132 3417 —
2150 3405 2263 3424 causare
2281 3405 2336 3423 esse
2355 3404 2445 3423 rerum
2465 3405 2508 3423 co-

1439 3434 1516 3464 dices,
1532 3434 1684 3466 producere
1702 3442 1757 3460 rem
1778 3435 1822 3465 sa,
1842 3441 1897 3459 esse
1916 3441 2005 3459 rerum
2024 3441 2116 3459 creare
2136 3435 2177 3459 ed.
2195 3441 2221 3458 a.

1493 3469 1510 3501 ι)
1531 3469 1627 3502 ignem.
1646 3483 1666 3487 -
1687 3470 1751 3494 Cum
1772 3469 1857 3502 igitur
1874 3476 1930 3494 esse
1949 3477 2038 3494 rerum
2057 3470 2092 3494 sit
2106 3470 2220 3502 proprie
2237 3472 2366 3498 creatum,
2383 3476 2442 3494 cum
2463 3469 2507 3494 de-

1438 3505 1498 3529 beat
1516 3505 1604 3529 creari
1622 3512 1659 3530 ex
1677 3505 1727 3530 sibi
1745 3505 1833 3534 simili,
1854 3507 1959 3537 oportet
1977 3505 2049 3537 quod
2067 3508 2191 3530 causetur
2203 3504 2316 3537 proprie
2335 3507 2361 3529 et
2374 3511 2427 3537 per
2444 3511 2472 3529 se
2489 3510 2507 3529 a

1438 3539 1528 3565 divino
1547 3547 1602 3565 esse
1621 3540 1690 3565 addit
1708 3541 1738 3565 B.

1492 3576 1516 3607 x)
1538 3575 1678 3600 rationem.
1695 3589 1715 3594 -
1733 3575 1849 3600 rationes
1868 3575 1970 3600 codices
1989 3580 2015 3600 et
2033 3576 2083 3601 ab.

1492 3609 1519 3643 λ)
1539 3614 1573 3636 et.
1591 3624 1610 3630 -
1629 3611 1690 3636 Om.
1710 3611 1739 3642 E,
1758 3611 1805 3635 sed
1824 3611 1908 3635 ceteri.

2537 2757 2549 2768 '¹
2563 2756 2590 2779 In
2605 2762 2711 2786 corpore.
