2768 4178
53 1406 111 1430 'De
121 1406 215 1434 W„
225 1406 268 1429 lib.

11 1453 14 1458 r
57 1433 110 1462 XV,
124 1439 178 1463 cap.
191 1439 209 1456 1.

53 1776 67 1787 ·
81 1775 140 1804 Cap.
153 1781 202 1798 :nv-

51 1991 65 2002 ”
79 1989 151 2013 Vero.
164 1995 188 2013 2.

986 260 1254 308 QUAESTIO
1283 261 1391 309 xw,

296 342 400 374 forme
417 352 477 373 suo
493 341 676 378 intellectui,
701 342 756 373 sed
779 341 874 373 etiam
891 341 999 382 ipsum
1013 340 1202 380 intelligere:
1227 349 1302 379 ergo
1322 346 1368 370 est

297 387 434 418 maxime
450 396 562 417 verum
577 386 705 417 veritate
725 386 779 417 rei.
792 403 812 409 -
824 386 980 417 Probatur
995 385 1139 425 sequela:
1164 384 1240 425 quia
1255 384 1366 415 veritas

296 431 330 462 in
341 441 375 462 re
391 438 438 462 est
454 431 631 462 secundum
646 431 736 472 quod
751 430 845 461 habet
859 439 926 461 esse
941 428 1170 460 conformabile
1184 428 1365 459 intellectui.

355 476 472 513 Quoad
488 475 660 506 secundam
669 484 760 505 vero:
781 475 956 514 Intelligere
965 473 1025 504 Dei
1040 479 1086 503 est
1100 483 1249 503 mensura
1261 472 1367 503 omnis

297 520 426 551 alterius
457 530 524 550 esse
554 526 584 550 et
606 519 802 550 intellectus:
827 528 902 558 ergo
926 517 1090 558 cognoscit
1116 527 1239 548 verum.
1255 534 1275 539 -
1291 517 1367 547 Pro-

298 565 390 595 batur
405 564 548 605 sequela:
566 563 642 604 quia
656 563 770 593 veritas
792 562 826 592 in
846 562 1006 593 intellectu
1023 568 1069 592 est
1084 561 1261 592 secundum
1278 561 1367 602 quod

297 608 505 649 apprehendit
519 617 587 638 rem
606 614 642 638 ut
657 613 714 638 est.
740 606 875 638 Constat
897 606 983 636 enim
1006 605 1252 636 intellectionem
1276 615 1366 635 men-

298 659 460 683 surantem
483 661 580 682 omne
608 661 694 687 esse,
725 657 873 691 oportere
905 649 1141 691 apprehendere
1169 659 1218 680 res
1242 659 1309 680 esse
1332 656 1368 680 ut

298 703 381 728 sunt.
406 697 448 727 Et
470 695 613 726 similiter
635 701 873 725 mensurantem
896 704 1029 725 omnem
1051 694 1256 730 intellectum,
1273 693 1368 724 etiam

299 747 549 781 componentem
573 746 604 770 et
627 739 830 775 dividentem,
849 745 997 779 oportere
1021 738 1256 779 apprehendere
1275 738 1367 779 quid-

298 784 377 826 quid
400 794 419 815 a
441 793 649 825 quocumque
673 783 928 824 apprehenditur.

1420 261 1718 298 ARTICULUS
1747 262 1798 298 VI

1475 340 1592 377 Quoad
1608 340 1732 371 tertiam
1751 347 1874 371 autem:
1899 342 1985 372 Deus
2009 348 2055 372 est
2079 352 2175 372 suum
2198 352 2265 372 esse
2281 348 2311 373 et
2327 352 2423 373 suum
2439 343 2487 373 in-

1420 384 1575 424 telligere;
1600 394 1675 427 ergo
1706 390 1753 415 est
1779 384 1848 424 ipsa
1871 385 1991 416 veritas.
2009 404 2029 408 -
2044 386 2084 417 Et
2107 393 2192 426 patet
2215 386 2352 427 sequela.
2378 387 2425 417 Ex
2449 397 2487 418 eo

1421 428 1507 459 enim
1530 429 1619 470 quod
1643 435 1690 459 est
1713 438 1807 459 suum
1833 439 1915 465 esse,
1941 429 2097 470 sequitur:
2122 440 2196 470 ergo
2217 438 2263 461 est
2286 431 2354 470 ipsa
2375 431 2487 461 veritas

1421 472 1474 503 rei.
1497 473 1544 503 Ex
1558 483 1597 503 eo
1617 480 1725 503 autem
1741 473 1830 514 quod
1846 480 1891 503 est
1907 483 2002 503 suurn
2018 474 2205 514 intelligere,
2229 474 2386 516 sequitur:
2412 485 2485 515 ergo

1421 523 1468 547 est
1491 517 1560 557 ipsa
1582 517 1695 548 veritas
1718 517 1751 547 in
1774 516 1944 547 intellectu.

1477 561 1595 599 Quoad
1618 568 1764 602 quartam
1791 568 1899 591 autem
1929 561 2132 601 particulam,
2158 562 2303 602 probatio
2329 572 2394 592 non
2418 572 2487 603 spe-

1422 604 1538 636 cialiter
1561 605 1700 642 affertur,
1725 605 1780 636 sed
1803 615 1838 636 ex
1862 605 1984 635 insertis
2008 605 2041 635 in
2063 606 2321 645 praecedentibus
2344 606 2485 637 habetur.

1421 650 1469 679 Ex
1492 660 1530 680 eo
1554 659 1694 690 namque
1717 649 1806 690 quod
1830 658 1927 680 suum
1950 659 2017 679 esse
2041 656 2071 680 et
2093 649 2264 690 intelligere
2283 651 2377 681 habet
2393 650 2487 681 ratio-

1423 703 1496 724 nem
1520 694 1639 733 primae
1656 703 1822 724 mensurae
1847 699 1877 724 et
1900 703 2011 724 causae
2035 693 2139 724 omnis
2155 698 2223 724 esse
2247 701 2277 725 et
2299 695 2486 731 inteuectus,

1422 738 1586 769 manifeste
1610 738 1752 779 sequitur
1775 738 1864 778 quod
1888 747 1970 778 quae
1993 737 2056 768 illic
2080 745 2126 768 est
2152 738 2283 775 veritas,
2309 748 2434 769 summa
2458 745 2488 769 et

1424 792 1527 822 prlma
1546 789 1601 813 est.

2411 265 2486 301 213

1118 935 1435 978 ARTICULUS
1465 934 1674 978 SEXTUS

609 1031 766 1062 UTRUM
790 1030 857 1062 S1T
881 1031 973 1062 UNA
996 1029 1107 1061 SOLA
1131 1029 1326 1065 VERITAS,
1347 1027 1586 1060 SECUNDUM
1610 1028 1736 1066 QUAM
1760 1028 1900 1060 OMNIA
1924 1028 2037 1059 SUNT
2061 1028 2178 1080 VERA

419 1111 429 1136 1
448 1111 531 1141 Sent„
552 1110 610 1136 dist.
627 1118 678 1142 nx,
698 1118 743 1144 qu.
755 1118 780 1142 v,
795 1115 841 1135 art.
858 1117 888 1141 2;
907 1110 938 1134 111
960 1110 1036 1135 Cont.
1054 1110 1140 1138 Gent„
1159 1108 1374 1174 capbntrixluXDe
1397 1107 1554 1167 Verit.‚mqtu.
1567 1115 1585 1137 1,
1603 1113 1649 1132 art.
1662 1115 1693 1139 43
1713 1115 1758 1140 qu.
1772 1115 1821 1137 xxi,
1840 1113 1887 1133 art.
1900 1115 1926 1140 4,
1945 1108 1976 1133 ad
1998 1107 2025 1139 5;
2045 1115 2089 1140 qu.
2102 1115 2178 1137 xxvn,
2193 1113 2240 1134 art.
2257 1115 2277 1139 ι,
2293 1109 2324 1133 ad
2338 1116 2368 1141 7;

1230 1151 1263 1168 uo
1294 1161 1301 1168 .
1349 1150 1474 1176 ,qu.1v‚
1533 1151 1584 1168 .1.

328 1268 346 1288 J
417 1264 458 1286 ,ᾖ
510 1248 535 1274 r>
563 1247 706 1273 SEXTUM
734 1247 787 1272 S1c
816 1245 1056 1271 PROCEDITUR.
1076 1232 1236 1270 Videtur
1262 1233 1367 1282 quod

347 1299 370 1336 '3
408 1287 499 1344 ⁴²ssss
512 1301 590 1326 una
627 1289 709 1325 sola
738 1288 784 1325 sit
814 1287 972 1333 veritas,
1002 1285 1215 1323 secundum
1251 1298 1367 1335 quarn

298 1447 370 1485 nisi
398 1448 516 1485 Deus.
538 1447 615 1485 Sed
639 1446 781 1484 veritas
809 1454 866 1484 est
885 1446 1008 1483 maior
1029 1453 1156 1482 mente
1180 1446 1367 1483 humana:

299 1500 468 1550 alioquin
495 1513 606 1538 mens
634 1500 819 1538 iudicaret
847 1499 894 1537 de
921 1498 1080 1545 veritate
1108 1504 1142 1542 '‘;
1172 1511 1275 1536 nunc
1303 1511 1368 1536 au-

297 1560 377 1604 tem
405 1553 537 1591 omnia
564 1553 705 1591 iudicat
733 1552 946 1590 secundum
975 1552 1194 1599 veritatem,
1226 1560 1263 1590 et
1290 1565 1368 1590 non

298 1607 512 1644 secundum
539 1607 717 1657 seipsam.
738 1607 842 1654 Ergo
872 1606 975 1643 solus
998 1607 1105 1643 Deus
1134 1613 1191 1643 est
1216 1605 1367 1643 veritas.

297 1660 400 1709 Ergo
430 1672 510 1698 non
539 1668 595 1697 est
622 1660 694 1697 alia
719 1659 861 1697 veritas
889 1672 1007 1708 quam
1035 1660 1153 1696 Deus.

352 1725 388 1751 2.
410 1714 644 1761 Pmm,
668 1714 871 1750 Anselmus
901 1712 1001 1760 dicit,
1021 1712 1059 1749 in
1084 1712 1180 1749 libro
1199 1713 1246 1750 de
1266 1713 1368 1751 Veri-

297 1771 371 1805 tate
387 1766 420 1814 ⁸³,
437 1767 541 1816 quod
561 1766 658 1804 sicut
681 1774 834 1815 tempus
853 1778 894 1803 se
915 1766 1032 1803 habet
1052 1766 1102 1803 ad
1129 1766 1367 1815 temporalia,

295 1819 348 1858 ita
374 1820 515 1858 veritas
543 1820 593 1858 ad
620 1832 680 1857 res
712 1832 836 1856 veras.
868 1819 946 1856 Sed
977 1831 1098 1856 unum
1133 1826 1189 1856 est
1217 1827 1368 1868 tempus

298 1873 474 1912 omnium
494 1873 778 1922 temporalium.
799 1873 901 1921 Ergo
930 1884 1008 1909 una
1037 1880 1092 1909 est
1119 1872 1272 1920 veritas,
1293 1885 1370 1922 qua

298 1927 431 1965 omnia
457 1939 551 1964 vera
578 1933 675 1963 sunt.
1286 1966 1290 1970 ,

353 1981 428 2018 SED
457 1991 604 2017 CONTRA
632 1991 698 2016 EST
726 1978 833 2027 quod
865 1978 904 2015 in
935 1979 1092 2015 Psalmo
1111 1990 1146 2015 XI
1165 1978 1186 2000 '¹‘
1215 1979 1367 2018 dicitur:

298 2033 505 2071 diminutae
530 2038 619 2070 sunt
644 2033 817 2069 veritates
844 2043 868 2068 a
885 2032 983 2080 filiis
1009 2032 1217 2070 hominum.

351 2088 577 2124 RESPONDEO
606 2097 791 2123 D1CENDUM
820 2085 926 2134 quod
964 2081 1255 2134 quodammodo
1290 2099 1367 2123 una

297 2147 354 2177 est
371 2139 523 2186 veritas,
540 2151 618 2187 qua
637 2138 768 2176 omnia
788 2145 876 2175 sunt
893 2150 998 2183 vera,
1016 2145 1052 2174 et
1071 2138 1365 2186 quodammodo

296 2205 378 2231 non
395 2191 424 2230 Ρ.
453 2193 516 2230 Ad
540 2191 647 2229 cuius
667 2191 912 2238 evidentiam,
943 2190 1142 2228 sciendum
1173 2200 1228 2228 est
1248 2193 1365 2241 quod,

296 2246 453 2295 quando
491 2245 632 2294 aliquid
669 2244 911 2294 praedicatur
943 2244 1110 2281 univoce
1140 2244 1187 2281 de
1216 2245 1365 2292 multis,

295 2298 389 2337 illud
415 2298 455 2336 in
483 2298 654 2347 quolibet
683 2310 818 2334 eorum
846 2298 1059 2335 secundum
1086 2297 1283 2346 propriam
1310 2311 1367 2335 ra-

296 2351 443 2390 tionem
462 2351 664 2399 invenitur,
685 2351 781 2388 sicut
807 2350 954 2388 animal
979 2350 1018 2388 in
1043 2351 1212 2399 qualibet
1241 2351 1367 2401 specie

297 2404 483 2443 animalis.
516 2405 595 2442 Sed
632 2404 788 2454 quando
817 2403 961 2453 aliquid
1000 2403 1135 2441 dicitur
1171 2405 1367 2453 analogice

297 2458 345 2496 de
383 2458 531 2505 multis,
562 2458 654 2495 illud
690 2457 881 2495 invenitur
916 2457 1135 2499 secundum
1172 2458 1366 2507 propriam

297 2511 485 2549 rationem
505 2511 543 2548 in
562 2523 641 2548 uno
672 2523 807 2548 eorum
835 2509 1034 2559 tantumft‘,
1055 2523 1078 2547 a
1097 2523 1175 2560 quo
1205 2511 1276 2548 alia
1305 2512 1367 2549 de-

297 2564 556 2603 nominantur.
598 2564 703 2602 Sicut
729 2576 866 2601 sanum
900 2563 1033 2601 dicitur
1067 2563 1113 2601 de
1147 2564 1301 2601 animali
1334 2572 1370 2601 et

297 2617 408 2655 urina
441 2625 477 2655 et
504 2617 706 2664 medicina,
727 2629 807 2654 non
829 2621 844 2643 Ἰ
873 2616 980 2665 quod
999 2617 1138 2654 sanitas
1167 2617 1213 2655 sit
1241 2618 1310 2654 nisi
1330 2618 1368 2654 in

298 2670 454 2708 animali
473 2679 620 2708 tantum
639 2670 671 2718 ³¹²,
692 2670 760 2707 sed
781 2682 803 2707 a
822 2670 979 2707 sanitate
1003 2669 1177 2708 animalis
1198 2671 1371 2708 denomi-

299 2732 411 2761 natur
438 2724 630 2762 medicina
658 2736 762 2770 sana,
783 2723 1008 2772 inquantum
1029 2731 1084 2760 est
1109 2723 1205 2761 illius
1234 2724 1370 2761 sanita-

298 2777 345 2814 tis
370 2777 555 2824 effectiva,
578 2784 615 2814 et
633 2776 743 2814 urina
763 2773 787 2823 ὅ,
817 2776 1044 2825 inquantum
1065 2784 1122 2813 est
1149 2777 1246 2814 illius
1275 2777 1372 2814 sani-

300 2830 386 2868 tatis
415 2830 676 2879 significativa.
697 2830 747 2867 Et
775 2829 952 2878 quamvis
981 2829 1122 2867 sanitas
1150 2842 1229 2867 non
1258 2830 1304 2867 sit
1331 2830 1369 2867 in

300 2883 492 2921 medicina
524 2895 650 2933 neque
679 2883 718 2920 in
746 2882 874 2929 urina,
900 2890 1030 2920 tamen
1058 2883 1097 2920 in
1124 2891 1286 2932 utroque
1318 2890 1373 2920 est

301 2936 443 2985 aliquid
475 2950 545 2986 per
573 2936 680 2986 quod
707 2937 783 2973 hoc
810 2935 967 2985 quidem
997 2936 1094 2983 facit,
1116 2936 1207 2973 illud
1242 2944 1371 2973 autem

301 2990 488 3038 significat
507 2990 706 3027 sanitatem
1016 2991 1018 2993 ’

357 3104 384 3137 α)
403 3104 524 3129 veritate.
542 3118 561 3125 -
579 3104 698 3129 humana
716 3104 813 3129 addunt
831 3104 971 3129 ABCFGa.

357 3138 383 3172 β)
402 3143 429 3164 et
446 3139 643 3172 quodammodo
662 3147 714 3164 non
742 3152 762 3159 --
780 3139 841 3164 Om.
861 3139 972 3164 codices.

356 3175 383 3208 γ)
403 3182 465 3199 non.
483 3189 502 3194 —
520 3174 582 3200 Om.
601 3175 633 3200 D.
646 3189 666 3194 —
684 3175 736 3200 nisi
754 3182 806 3199 om.
822 3175 979 3200 ACDEFab.

356 3209 381 3242 ὃ)
402 3210 490 3235 urina.
506 3224 526 3230 —
543 3210 644 3236 dicitur
661 3217 728 3235 sana
747 3210 818 3235 addit
836 3211 866 3235 B.
883 3224 903 3229 -
921 3210 992 3236 illius
1009 3210 1135 3236 sanitatis
1153 3218 1207 3235 om.
1226 3209 1348 3235 ACEFG.

356 3246 379 3279 ε)
393 3246 496 3277 plures.
514 3259 533 3264 -
550 3246 650 3271 multae
668 3246 780 3271 codices.

1476 1231 1630 1268 Dictum
1650 1239 1706 1268 est
1734 1239 1862 1268 autern
1882 1231 1902 1253 ⁹¹⁸
1929 1231 2034 1280 quod
2061 1231 2201 1269 veritas
2223 1244 2293 1280 per
2309 1231 2412 1280 prius
2433 1239 2488 1269 est

1422 1284 1462 1321 in
1494 1284 1700 1331 intellectu,
1735 1292 1771 1321 et
1798 1297 1867 1333 per
1903 1284 2090 1333 posterius
2118 1285 2157 1322 in
2186 1285 2319 1331 rebus,
2356 1298 2488 1322 secun-

1424 1337 1518 1375 dum
1538 1337 1643 1386 quod
1663 1337 1886 1374 ordinantur
1908 1338 1957 1375 ad
1981 1338 2211 1374 intellectum
2232 1337 2416 1375 divinum.
2448 1338 2487 1375 Si

1424 1403 1513 1439 ergo
1543 1392 1747 1440 loquamur
1775 1391 1821 1428 de
1841 1391 1998 1428 veritate
2027 1398 2141 1440 prout
2169 1390 2290 1428 existit
2316 1391 2355 1428 in
2382 1391 2487 1428 intel-

1423 1445 1534 1491 lectu,
1556 1444 1769 1481 secundum
1797 1444 1992 1493 propriam
2012 1444 2211 1492 rationem,
2233 1445 2286 1481 sic
2304 1444 2343 1481 in
2362 1445 2488 1481 multis

1423 1497 1672 1534 intellectibus
1702 1497 1834 1534 creatis
1863 1505 1950 1534 sunt
1977 1498 2119 1534 multae
2146 1497 2343 1543 veritates;
2374 1498 2487 1535 etiarn

1423 1550 1462 1588 in
1489 1563 1567 1588 uno
1597 1558 1633 1588 et
1662 1551 1800 1588 eodem
1828 1550 2029 1597 intellectu,
2060 1551 2271 1588 secundum
2290 1551 2398 1600 plura
2427 1564 2488 1588 co-

1423 1604 1535 1652 gnita.
1557 1603 1670 1642 Unde
1691 1603 1779 1641 dicit
1798 1604 1935 1641 Glossa
1948 1603 1969 1625 *
1988 1616 2102 1652 super
2120 1604 2211 1642 illud
2230 1604 2371 1641 Psalmi
2386 1616 2421 1641 XI
2436 1604 2487 1652 *²³⁶⁷

1423 1658 1628 1695 diminutae
1663 1663 1751 1694 sunt
1783 1658 1956 1694 veritates
1990 1669 2014 1694 a
2036 1657 2132 1705 filiis
2167 1658 2362 1694 hominum
2396 1665 2487 1705 etc.,

1424 1711 1530 1760 quod
1557 1710 1653 1747 sicut
1672 1711 1720 1747 ab
1740 1723 1817 1748 una
1837 1710 1932 1747 facie
1961 1710 2128 1747 hominis
2154 1711 2335 1748 resultant
2361 1711 2488 1759 plures

1422 1764 1685 1801 similitudines
1718 1763 1756 1800 in
1785 1765 1962 1813 speculo,
1988 1764 2041 1800 sic
2069 1764 2117 1800 ab
2145 1776 2223 1801 una
2250 1764 2405 1801 veritate
2436 1764 2488 1801 di-

1421 1817 1512 1855 vina
1541 1818 1721 1854 resultant
1749 1818 1878 1866 plures
1906 1823 1917 1838 ‘
1943 1817 2132 1854 veritates.
2161 1817 2200 1854 Si
2227 1829 2322 1854 vero
2357 1818 2489 1865 loqua-

1423 1883 1511 1907 mur
1544 1871 1591 1908 de
1625 1870 1781 1908 veritate
1817 1870 2030 1907 secundum
2058 1871 2162 1919 quod
2197 1877 2252 1907 est
2283 1870 2322 1907 in
2357 1871 2487 1918 rebus,

1423 1924 1476 1960 sic
1513 1936 1648 1961 omnes
1685 1931 1773 1960 sunt
1808 1936 1924 1960 verae
1961 1936 2038 1960 una
2071 1924 2192 1972 prima
2219 1923 2396 1971 veritate,
2428 1923 2487 1960 cui

1421 1977 1726 2026 unumquodque
1760 1976 1986 2013 assimilatur
2013 1977 2224 2013 secundum
2254 1989 2363 2013 suam
2395 1976 2488 2013 enti-

1421 2038 1548 2067 tatem.
1571 2031 1620 2067 Et
1648 2030 1712 2077 sic,
1743 2030 1828 2066 licet
1859 2030 1985 2079 plures
2014 2030 2086 2066 sint
2115 2029 2298 2066 essentiae
2326 2030 2388 2066 vel
2414 2030 2487 2066 for-

1421 2095 1508 2120 mae
1537 2095 1664 2120 rerum
1684 2082 1708 2130 ζ,
1730 2090 1859 2120 tamen
1877 2095 1955 2120 una
1983 2091 2038 2120 est
2060 2082 2199 2120 veritas
2229 2082 2345 2120 divini
2382 2083 2487 2119 intel-

1421 2137 1551 2183 lectus,
1573 2137 1784 2174 secundum
1804 2148 1922 2185 quam
1942 2148 2078 2173 ornnes
2107 2148 2167 2173 res
2191 2136 2488 2173 denominantur

1420 2202 1549 2227 verae.

1475 2244 1534 2279 AD
1562 2254 1700 2279 PRIMUM
1728 2253 1826 2278 ERGO
1846 2253 2030 2279 DICENDUM
2059 2241 2166 2289 quod
2185 2241 2313 2278 anima
2333 2253 2411 2278 non
2432 2253 2489 2278 Se-

1417 2295 1593 2332 ‘cundum
1614 2307 1897 2344 quamcumque
1923 2294 2123 2333 veritatem
2144 2294 2284 2332 iudicat
2309 2294 2355 2331 de
2376 2294 2488 2331 rebus

1423 2348 1622 2394 omnibus3
1650 2349 1716 2386 sed
1746 2347 1957 2385 secundum
1976 2348 2177 2384 veritatem
2200 2347 2364 2397 primam
2383 2347 2414 2394 ³¹⁵,
2435 2347 2489 2384 in-

1422 2409 1610 2450 quantum
1639 2402 1793 2438 resultat
1820 2401 1857 2438 in
1888 2413 1932 2438 ea
1960 2401 2055 2438 sicut
2083 2401 2122 2438 in
2151 2401 2324 2449 speculo,
2355 2413 2487 2438 secun-

1423 2455 1517 2492 dum
1545 2455 1669 2504 prima
1706 2454 1949 2502 intelligibilia
1981 2459 2006 2491 η.
2038 2454 2149 2491 Unde
2183 2454 2352 2503 sequitur
2384 2454 2489 2502 quod

1421 2508 1561 2545 veritas
1580 2507 1706 2557 prima
1734 2508 1780 2544 sit
1803 2507 1927 2544 maior
1955 2507 2093 2543 anima.
2115 2508 2164 2543 Et
2183 2514 2313 2544 tamen
2342 2507 2456 2543 etiarn
2475 2504 2489 2527 ⁰

1422 2561 1562 2598 veritas
1591 2568 1728 2608 creata,
1755 2573 1854 2608 quae
1884 2567 1939 2596 est
1966 2560 2004 2596 in
2034 2560 2223 2597 intellectu
2251 2567 2400 2607 nostro,
2427 2567 2487 2596 est

1423 2615 1546 2651 maior
1566 2613 1705 2660 anima,
1722 2626 1802 2650 non
1822 2613 2053 2662 simpliciter,
2070 2614 2138 2650 sed
2153 2613 2365 2650 secundum
2386 2613 2488 2661 quid,

1423 2668 1649 2716 inquantum
1671 2674 1726 2703 est
1753 2666 1934 2715 perfectio
1964 2666 2061 2713 eius;
2087 2666 2181 2703 sicut
2202 2666 2314 2703 etiam
2336 2666 2490 2703 scientia

1423 2728 1554 2770 posset
1582 2720 1654 2757 dici
1684 2719 1806 2756 maior
1834 2719 1963 2757 anima
1989 2726 2008 2756 ⁸.
2045 2720 2121 2756 Sed
2145 2732 2281 2757 verum
2310 2727 2365 2756 est
2384 2719 2488 2767 quod

1424 2774 1515 2811 nihil
1544 2773 1751 2810 subsistens
1790 2781 1844 2810 est
1872 2772 1997 2810 maius
2035 2780 2163 2809 mente
2198 2773 2391 2820 rationali,
2422 2772 2491 2809 nisi

1425 2829 1542 2864 Deus.

1479 2881 1538 2917 AD
1567 2891 1757 2916 SECUNDUM
1784 2890 1968 2916 DICENDUM
1998 2878 2102 2927 quod
2142 2879 2283 2916 dictum
2320 2878 2491 2915 Anselmi

1426 2933 1624 2970 veritatem
1644 2933 1770 2979 habet,
1792 2933 2004 2969 secundum
2026 2932 2130 2981 quod
2151 2945 2209 2968 res
2235 2932 2408 2969 dicuntur
2427 2944 2491 2968 ve-

1427 2999 1491 3024 rae
1519 2998 1588 3035 per
1618 2985 1944 3034 comparationem
1974 2987 2022 3022 ad
2043 2985 2273 3022 intellectum
2308 2985 2488 3022 divinum.

1479 3102 1504 3134 ζ)
1524 3109 1624 3127 rerum.
1642 3115 1661 3119 -
1678 3108 1770 3126 eorum
1789 3100 1843 3124 FG.

1480 3138 1506 3169 η)
1523 3137 1549 3161 in
1565 3144 1596 3161 ea
1609 3137 1677 3161 sicut
1690 3136 1716 3160 in
1739 3136 1876 3168 speculo...
1891 3135 2076 3168 intelligibilia.
2089 3149 2108 3154 -
2127 3136 2152 3160 in
2168 3142 2199 3160 ea
2213 3135 2356 3159 secundum
2370 3134 2489 3166 primam

1428 3172 1631 3205 intelligentiam
1651 3172 1680 3196 F.

1481 3206 1505 3240 θ)
1524 3207 1613 3232 etiam.
1631 3219 1650 3226 —-
1669 3207 1731 3231 Om.
1749 3206 1821 3231 FGa.

1482 3243 1500 3276 ι)
1520 3243 1620 3267 anima.
1637 3256 1656 3261 —
1675 3249 1726 3266 non
1745 3242 1902 3274 simpliciter
1920 3242 1990 3266 addit
2008 3242 2036 3266 B.

983 3328 1318 3362 Commentaria
1341 3326 1591 3361 cardinalis
1614 3324 1815 3357 Caietam

368 3416 475 3437 rrums
503 3406 614 3437 clarus.
640 3424 660 3429 -
686 3406 722 3437 In
746 3417 879 3448 corpore
904 3417 970 3438 una
999 3406 1163 3438 conclusio
1190 3406 1373 3447 responsiva

308 3419 528 3492 Tquaesito:
553 3450 674 3481 Veritas
698 3461 763 3491 qua
785 3452 895 3482 omnia
923 3458 997 3482 sunt
1019 3461 1105 3487 vera,
1130 3451 1372 3491 quodammodo

306 3503 355 3527 est
378 3506 452 3531 una,
469 3501 500 3525 et
520 3494 764 3535 quodammodo
789 3505 866 3526 non.
883 3513 903 3518 —
918 3496 1074 3526 Probatur
1094 3495 1172 3526 haec
1198 3495 1371 3531 conclusio,

307 3540 415 3581 quoad
430 3546 598 3579 utramque
614 3545 737 3578 partem
752 3538 857 3575 simul,
873 3539 935 3570 hoc
951 3540 1061 3570 modo.
1078 3539 1199 3570 Veritas
1215 3549 1271 3580 per
1286 3539 1374 3579 prius

307 3591 354 3614 est
379 3583 412 3614 in
439 3583 614 3619 intellectu,
642 3589 672 3613 et
698 3592 754 3623 per
781 3583 938 3622 posterius
963 3584 996 3614 in
1020 3584 1113 3614 rebus
1139 3583 1171 3613 in
1198 3583 1307 3614 ordine
1334 3583 1373 3613 ad

307 3627 503 3659 intellectum
530 3626 684 3657 divinum.
716 3626 801 3666 Ergo
833 3627 945 3657 veritas
973 3627 1006 3657 in
1033 3627 1192 3658 intellectu
1223 3627 1371 3663 existens,

1429 3405 1606 3436 secundum
1630 3405 1792 3444 propriam
1819 3404 1983 3440 rationem,
2006 3403 2232 3443 multiplicatur
2256 3410 2287 3434 et
2307 3403 2340 3433 in
2364 3403 2491 3434 diversis

1428 3449 1637 3480 intellectibus
1659 3448 1777 3485 creatis,
1798 3456 1828 3479 et
1848 3449 1881 3478 in
1901 3458 1967 3478 uno
1990 3454 2020 3478 et
2043 3448 2156 3478 eodem
2178 3448 2354 3478 secundum
2373 3447 2492 3478 diversa

1429 3493 1568 3534 cognita:
1595 3493 1707 3523 veritas
1729 3500 1835 3524 autem
1857 3502 1921 3533 qua
1944 3501 2055 3522 omnes
2081 3502 2128 3522 res
2153 3501 2243 3522 verae
2267 3492 2423 3528 dicuntur,
2445 3499 2491 3523 est

1428 3548 1492 3568 una
1519 3547 1554 3567 ac
1581 3537 1692 3577 prima.

1483 3582 1679 3612 Antecedens
1705 3587 1789 3621 patet
1808 3591 1844 3611 ex
1861 3580 1958 3611 dictis.
1988 3579 2224 3620 Consequentia
2247 3587 2362 3616 autem,
2385 3580 2490 3621 quoad

1429 3626 1593 3666 utriusque
1624 3625 1720 3666 partis
1745 3625 1936 3661 illationem,
1966 3625 2117 3664 probatur
2150 3634 2186 3655 ex
2214 3623 2385 3655 differentia
2411 3624 2491 3654 inter

2515 1246 2524 1255 ·
2539 1245 2591 1267 Art.
2607 1252 2622 1267 1.

2516 1618 2525 1625 '
2540 1616 2575 1637 Ex
2595 1616 2727 1643 Augustino

2516 1643 2538 1663 in
2554 1643 2614 1664 hunc
2626 1643 2713 1664 locum.

2516 1671 2535 1679 '¹'
2551 1669 2617 1690 Vers.
2632 1675 2652 1690 2.

2516 2353 2527 2362 ⁸
2542 2353 2569 2375 D.
2586 2359 2628 2381 ¹9¹·
