2768 4178
964 221 1233 267 QUAEsTio
1262 221 1367 268 xm,

273 298 379 330 nentia
398 309 472 329 vero
497 309 534 330 ex
557 300 657 331 modo
682 299 877 340 significandi
901 299 1053 335 innuitur,
1079 306 1115 330 ut
1138 309 1174 329 ex
1198 299 1341 340 sequenti

273 343 405 374 articulo
429 350 524 384 patet.
550 344 595 375 Ita
611 345 709 385 quod,
726 344 861 375 dicendo
884 344 975 374 Deus
991 348 1038 374 est
1052 343 1164 381 bonus,
1190 353 1227 374 ex
1250 343 1342 383 signi-

271 386 365 418 ficato
389 397 456 418 non
479 388 613 420 habetur
635 388 695 419 nisi
718 388 808 429 quod
830 388 863 418 id
886 387 976 428 quod
990 387 1063 418 boni
1079 388 1209 418 nomine
1225 387 1341 417 forma-

271 431 341 462 liter
363 431 569 472 importatur,
595 440 642 464 est
664 433 698 463 in
720 433 791 463 Deo
814 431 997 462 formaliter.
1026 432 1067 463 Et
1090 432 1245 473 quoniam
1269 433 1342 463 boni

273 486 393 507 nomen
422 477 575 517 importat
602 477 778 508 bonitatem
799 476 832 506 in
856 475 1074 512 concretione,
1105 486 1187 517 quae
1214 476 1246 508 in
1271 477 1340 507 Deo

273 531 340 551 non
368 521 463 552 habet
485 521 612 558 locum,
641 520 716 562 quia
739 527 786 551 est
807 520 926 551 modus
954 520 1172 561 imperfectus;
1197 520 1270 551 ideo
1293 521 1342 551 in-

273 564 417 596 sinuatur
432 566 522 606 quod
544 565 669 596 bonitas
690 571 737 596 est
751 564 784 595 in
801 565 871 595 Deo
895 564 1096 596 eminentiori
1120 565 1220 596 modo
1244 575 1342 606 quam

274 609 481 650 significetur,
507 609 582 651 quia
605 608 797 649 significatur
819 615 856 639 ut
878 616 925 640 est
947 609 980 639 in
1005 609 1162 640 creaturis.

327 654 411 685 VIII.
436 654 472 684 In
504 653 711 694 responsione
735 653 775 683 ad
798 653 956 694 primum,
981 653 1106 684 adverte
1129 654 1232 695 quod,
1256 654 1342 694 apud

1397 222 1695 261 ARTICULUS
1726 226 1774 262 III

1394 300 1578 331 excellentes
1602 302 1756 338 doctores,
1782 313 1847 334 non
1871 311 1917 335 est
1939 305 2024 335 idern
2052 305 2225 346 significare
2248 306 2326 347 quid
2348 311 2404 344 est,
2431 313 2463 337 et

1396 354 1462 374 esse
1477 354 1596 376 nomen
1616 347 1835 377 substantiale.
1861 349 2014 388 quoniam
2031 350 2070 380 ad
2086 350 2227 390 primum
2244 350 2376 390 exigitur
2391 360 2462 390 per-

1396 388 1500 425 fectio,
1522 390 1561 420 ad
1584 391 1762 425 secundum
1786 402 1861 428 non,
1879 399 1915 423 ut
1929 393 1961 423 in
1978 394 2078 424 littera
2101 394 2224 426 dicitur.
2248 395 2289 425 Et
2304 394 2390 424 radix
2405 401 2461 430 est,

1396 433 1471 473 quia
1493 433 1672 475 loquuntur
1686 435 1813 476 proprie
1837 436 1875 466 de
1891 437 1968 477 quid
1990 438 2233 478 posterioristice
2249 445 2280 469 et
2285 439 2462 489 ,metaphy-

1396 477 1468 514 sice
1493 479 1582 519 quod
1605 480 1724 520 absque
1747 480 1883 520 propriis
1907 491 1973 511 non
1997 489 2057 512 est:
2084 489 2114 513 et
2136 493 2202 513 non
2226 482 2349 523 topice,
2373 483 2463 524 quod

1397 523 1622 553 communibus
1646 530 1855 555 contentatur.

1453 567 1504 597 IX.
1524 567 1558 597 In
1574 568 1781 607 responsione
1804 569 1844 598 ad
1860 570 2046 606 secundum,
2064 570 2221 601 distinctio
2246 578 2300 607 est,
2319 571 2378 601 sub
2394 570 2463 601 aliis

1395 611 1510 641 verbis:
1537 613 1710 652 importare
1727 622 1901 653 processus
1924 613 2097 654 dupliciter,
2115 614 2315 656 formaliter,
2333 615 2382 645 vel
2398 616 2463 646 ori-

1396 656 1559 696 ginaliter.

2389 229 2459 274 143

1091 799 1408 842 ARTICULUS
1437 801 1665 844 TERTIUS

779 883 936 915 UTRUM
959 884 1155 922 ALlQUOD
1179 884 1335 916 NOMEN
1359 885 1555 917 DICATUR
1577 886 1635 917 DE
1659 886 1748 918 1)Εο
1772 887 1955 918 PROPRIE

672 962 681 986 1
702 962 785 992 Sent„
806 963 864 987 dist.
882 970 916 993 ιν,
936 970 981 995 qu.
1000 970 1017 991 1v
1037 968 1084 988 art.
1101 971 1122 994 13
1142 964 1202 988 dist.
1220 971 1279 994 xxn,
1299 969 1346 989 art.
1367 971 1396 994 ²3
1416 965 1476 990 dist.
1494 973 1579 996 xxxm,
1598 970 1645 990 art.
1661 973 1691 996 2;
1711 966 1770 991 dist.
1788 974 1861 996 xm,
1880 971 1927 991 art.
1944 974 1965 996 1,
1984 966 2016 990 ad
2037 973 2064 996 2;

1012 998 1021 1022 I
1043 999 1119 1024 Cont.
1142 1000 1229 1028 Gent„
1249 1007 1305 1032 cap.
1322 1007 1385 1031 ως
1405 1000 1447 1025 De
1465 1001 1532 1028 Por„
1553 1009 1597 1034 qu.
1611 1009 1655 1032 vn,
1674 1007 1721 1026 art.
1742 1001 1766 1026 5.

704 922 708 937 l

389 1266 393 1268 -
610 1250 697 1279 sunt
712 1255 734 1279 a
754 1242 933 1279 creaturis
953 1249 1120 1291 accepta,
1140 1249 1182 1278 ut
1202 1241 1343 1279 dictum

276 1303 332 1332 est
349 1294 381 1332 *.
408 1253 490 1333 Sed
518 1295 678 1332 nomina
706 1302 962 1332 creaturarum
997 1294 1258 1344 metaphorice
1289 1295 1344 1332 di-

276 1356 412 1386 cuntur
440 1350 488 1386 de
516 1350 615 1396 Deo,
636 1348 731 1386 sicut
758 1360 847 1385 cum
878 1348 1011 1385 dicitur
1041 1350 1146 1386 Deus
1165 1354 1220 1385 est
1237 1348 1343 1397 lapis,

274 1402 338 1439 vel
366 1401 436 1448 leo,
465 1402 527 1438 vel
555 1401 695 1450 aliquid
722 1401 953 1438 huiusmodi.
984 1402 1086 1450 Ergo
1116 1401 1248 1439 omnia
1276 1415 1344 1439 no-

275 1454 381 1492 mina
408 1454 506 1492 dicta
535 1454 583 1492 de
612 1455 698 1491 Deo
718 1460 746 1497 ².
778 1455 953 1492 dicuntur
980 1455 1253 1504 metaphorice.

306 1505 366 1545 '2.
396 1508 639 1555 PRAETEREA,
675 1509 821 1545 nullum
855 1521 999 1545 nornen
1031 1509 1183 1558 proprie
1213 1509 1346 1547 dicitur

275 1560 324 1600 de
352 1560 490 1611 aliquo,
512 1573 534 1598 a
555 1573 634 1611 quo
662 1561 790 1598 verius
819 1560 1040 1599 reffiovetur
1068 1575 1185 1612 quam
1220 1563 1267 1600 de
1297 1575 1343 1599 eo

220 1639 231 1645 κ
272 1613 524 1664 praedicetur.
547 1614 624 1652 Sed
644 1614 774 1652 omnia
792 1615 1013 1653 huiusmodi
1028 1617 1197 1664 nomina,
1213 1617 1345 1662 bonus,

273 1668 433 1718 sapiens,
450 1675 487 1705 et
505 1667 650 1715 similia,
665 1668 792 1705 verius
811 1676 1061 1706 removentur
1079 1682 1101 1706 a
1120 1671 1206 1706 Deo
1226 1681 1343 1719 quam

275 1721 324 1760 de
344 1733 392 1758 eo
411 1720 692 1770 praedicentur,
708 1729 750 1758 ut
763 1730 867 1771 patet
881 1735 950 1771 per
964 1722 1205 1772 Dionysium,
1222 1736 1244 1760 11
1261 1735 1343 1772 cap.

279 1774 381 1812 Cael.
401 1775 513 1811 Hier.
544 1775 646 1823 Ergo
667 1775 814 1812 nullum
842 1776 1002 1813 istorum
1031 1777 1231 1814 nominum
1255 1789 1345 1826 pro—

274 1828 355 1878 prie
385 1827 518 1865 dicitur
547 1828 594 1865 de
623 1830 721 1866 Deo.

330 1882 365 1919 3.
396 1882 630 1928 PRAETEREA,
652 1882 810 1919 nomina
838 1895 1046 1932 corporum
1072 1895 1151 1920 non
1171 1882 1346 1920 dicuntur

275 1934 324 1973 de
351 1936 436 1972 Deo
466 1934 535 1972 nisi
563 1935 844 1984 metaphorice,
880 1948 969 1973 cum
1005 1935 1050 1972 sit
1082 1936 1343 1985 incorporeus.

275 1987 354 2025 Sed
373 1988 504 2025 omnia
521 1987 741 2026 huiusmodi
769 1989 926 2027 nomina
944 1989 1139 2039 implicant
1157 1991 1344 2038 quasdam

275 2042 494 2090 corporales
514 2041 767 2079 conditiones:
788 2042 998 2090 significant
1018 2043 1119 2080 enim
1140 2055 1229 2080 cum
1249 2051 1345 2080 tem-

273 2106 386 2144 pore,
416 2102 453 2131 et
481 2107 570 2132 cum
600 2095 898 2144 compositione,
930 2104 966 2133 et
995 2108 1083 2133 curn
1112 2096 1190 2133 aliis
1218 2097 1345 2133 huius-

274 2148 403 2195 modi,
442 2160 541 2197 quae
579 2155 667 2185 sunt
703 2149 939 2186 conditiones
983 2161 1202 2198 corporum.
1242 2150 1344 2198 Ergo

260 2201 407 2238 >omnia
433 2201 657 2239 huiusmodi
685 2202 843 2239 nomina
872 2202 1047 2239 dicuntur
1075 2203 1121 2240 de
1149 2204 1235 2240 Deo
1265 2215 1345 2240 me-

273 2253 482 2304 taphorice.

329 2308 404 2345 SED
424 2320 571 2346 coum
589 2321 656 2347 EST
677 2309 783 2357 quod
804 2309 892 2346 dicit
911 2309 1153 2355 Ambrosius,
1174 2309 1211 2346 in
1231 2309 1294 2346 lib.
1313 2311 1344 2346 II

275 2361 321 2398 de
338 2361 431 2398 Fide
446 2360 512 2399 ¹³²³:
543 2363 639 2400 Sunt
664 2362 851 2411 quaedam
881 2363 1049 2408 nomina,
1074 2374 1172 2412 quae
1199 2363 1347 2400 eviden-

275 2419 332 2452 ter
342 2415 614 2463 proprietatem
640 2416 842 2453 divinitatis
861 2417 1059 2453 ostendunt
1066 2429 1079 2461 ‚·
1107 2422 1142 2453 et
1159 2416 1346 2464 quaedam

275 2478 373 2516 quae
385 2469 628 2517 perspicuam
650 2468 801 2506 divinae
819 2470 1023 2507 maiestatis
1050 2470 1270 2518 exprimunt
1285 2481 1347 2507 ve-

274 2521 422 2559 ritatem
429 2535 443 2566 ‚·
461 2522 538 2559 alia
552 2534 644 2559 vero
663 2528 760 2569 sunt,
781 2535 879 2572 quae
897 2523 1115 2560 translative
1128 2535 1201 2571 per
1218 2523 1346 2560 simili-

276 2574 442 2612 tudinem
470 2575 516 2611 de
543 2576 626 2612 Deo
655 2576 842 2613 dicuntur.
873 2577 966 2613 Non
993 2576 1101 2624 igitur
1120 2577 1252 2613 omnia
1279 2589 1347 2613 no-

275 2626 379 2664 mina
409 2627 584 2665 dicuntur
613 2628 661 2665 de
690 2630 776 2666 Deo
810 2629 1090 2679 metaphorice,
1121 2630 1190 2667 sed
1223 2630 1348 2679 aliqua

250 2700 253 2701 ν
278 2679 453 2718 dicuntur
479 2681 644 2730 proprie.

332 2734 559 2772 RssspoNnsso
584 2747 769 2773 montinum
799 2735 915 2785 quod,
946 2736 1039 2773 sicut
1069 2735 1212 2773 dictum
1241 2744 1297 2773 est
1315 2735 1347 2783 ²¹⁶,

278 2787 408 2824 Deum
435 2788 704 2836 cognoscimus
725 2801 772 2826 ex
791 2789 1084 2838 perfectionibus
1112 2789 1349 2838 procedenn-

278 2841 407 2878 busin
427 2848 618 2878 creaturas
647 2842 695 2878 ab
724 2842 826 2890 ipso;
856 2855 954 2891 quae
974 2842 1132 2892 quidem
1151 2843 1349 2891 perfectio-

279 2905 348 2931 nes
367 2894 406 2931 in
424 2895 510 2932 Deo
531 2903 617 2932 sunt
636 2896 850 2933 seeundum
875 2895 1167 2933 eminentiorem
1186 2896 1347 2933 modum

281 2959 398 2995 quam
427 2947 466 2984 in
495 2949 685 2986 creaturis.
725 2949 938 2986 Intellectus
973 2957 1101 2986 autem
1140 2957 1269 2986 noster
1303 2961 1348 2986 eo

1398 1083 1517 1120 modo
1547 1085 1797 1133 apprehendit
1825 1098 1905 1132 eas,
1936 1086 2148 1127 secundum
2177 1087 2282 1135 quod
2310 1094 2398 1124 sunt
2426 1087 2464 1124 in

1399 1137 1594 1174 creaturis:
1625 1146 1662 1174 et
1689 1138 1902 1175 secundum
1932 1139 2038 1186 quod
2064 1140 2325 1200 apprehendit,
2346 1140 2396 1177 ita
2416 1140 2463 1177 si-

1398 1189 1549 1236 gnificat
1577 1202 1647 1238 per
1678 1191 1847 1228 nomina.
1878 1193 1919 1229 ln
1948 1192 2164 1229 nominibus
2193 1193 2301 1240 igitur
2322 1198 2336 1220 ⁷
2364 1205 2463 1241 quae

1399 1243 1483 1279 Deo
1505 1243 1753 1291 attribuimus,
1772 1252 1826 1281 est
1842 1244 1918 1281 duo
1936 1245 2192 1282 considerare:
2214 1246 2367 1305 scilicet,
2381 1259 2465 1295 per-

1399 1294 1580 1332 sectiones
1614 1296 1715 1346 ipsas
1748 1296 1985 1345 significatas,
2014 1306 2056 1334 ut
2081 1298 2302 1344 bonitatem,
2323 1298 2464 1346 vitam,

1400 1356 1436 1385 et
1463 1349 1705 1396 huiusmodi3
1736 1358 1772 1387 et
1800 1351 1962 1388 modum
1991 1350 2236 1399 significandi.
2267 1352 2464 1398 Quantum

1399 1401 1508 1449 igitur
1535 1402 1585 1440 ad
1612 1403 1650 1440 id
1679 1403 1784 1452 quod
1809 1403 2019 1451 significant
2046 1404 2268 1442 huiusmodi
2296 1405 2464 1452 nomina,

1399 1455 1551 1515 proprie
1581 1463 1804 1516 competunt
1831 1458 1933 1504 Deo,
1964 1465 2000 1494 et
2019 1458 2139 1506 magis
2167 1458 2318 1507 proprie
2348 1470 2465 1507 quam

1399 1507 1487 1557 ipsis
1507 1509 1699 1556 creaturis,
1728 1517 1764 1546 et
1781 1522 1851 1558 per
1868 1510 1973 1559 prius
1994 1510 2167 1548 dicuntur
2186 1511 2233 1548 de
2253 1523 2311 1548 eo.
2335 1511 2466 1571 Quan-

1399 1569 1482 1599 tum
1509 1575 1605 1600 vero
1644 1563 1693 1600 ad
1727 1563 1890 1600 modum
1924 1563 2178 1612 significandi,
2208 1577 2287 1602 non
2314 1564 2465 1614 proprie

1401 1615 1574 1653 dicuntur
1603 1616 1650 1653 de
1679 1617 1782 1653 Deo:
1813 1617 1955 1654 habent
1992 1617 2093 1654 enim
2130 1617 2292 1655 modum
2326 1617 2467 1666 signifi-

1401 1669 1511 1706 candi
1539 1669 1603 1719 qui
1623 1667 1636 1691 ὃ
1661 1670 1840 1707 creaturis
1869 1671 2059 1720 competit.

1453 1725 1512 1759 AD
1542 1735 1678 1761 PRlMUM
1707 1735 1805 1760 ERGO
1834 1735 2017 1761 D1CENDUM
2046 1724 2151 1772 quod
2179 1724 2370 1772 quaedam
2398 1736 2467 1760 no-

1401 1776 1504 1813 mina
1541 1776 1753 1825 significant
1790 1777 2008 1814 huiusmodi
2044 1778 2293 1826 perfectiones
2327 1789 2349 1814 a
2380 1778 2465 1813 Deo

1399 1829 1651 1878 procedentes
1679 1829 1718 1866 in
1747 1842 1806 1866 res
1827 1837 1983 1878 creatas,
2013 1831 2088 1867 hoc
2117 1831 2236 1868 modo
2261 1830 2366 1879 quod
2385 1830 2466 1879 ipse

1400 1882 1541 1919 modus
1578 1883 1821 1932 imperfectus
1854 1896 1931 1932 quo
1966 1896 1988 1920 a
2017 1891 2186 1920 creatura
2222 1883 2466 1933 participatur

1401 1935 1527 1972 divina
1555 1936 1757 1985 perfectio,
1796 1936 1834 1973 in
1868 1937 1951 1986 ipso
1981 1937 2147 1974 nominis
2176 1937 2382 1985 significato
2411 1937 2466 1973 in-

1400 1989 1575 2036 cluditur,
1605 1989 1699 2026 sicut
1725 1989 1820 2038 Iapis
1848 1990 2032 2038 significat
2060 1990 2202 2039 aliquid
2227 1990 2468 2027 materialiter

1401 2055 1489 2079 ens:
1524 2050 1560 2079 et
1587 2043 1807 2080 huiusmodi
1835 2043 1992 2080 nomina
2021 2056 2100 2080 non
2128 2051 2288 2092 possunt
2316 2043 2467 2080 attribui

1400 2097 1486 2132 Deo
1519 2095 1589 2133 nisi
1625 2096 1898 2145 metaphorice.
1938 2097 2140 2143 Quaedam
2177 2109 2271 2134 vero
2309 2096 2466 2134 nomina

1401 2148 1611 2197 significant
1630 2149 1731 2198 ipsas
1750 2150 2002 2199 perfectiones
2023 2150 2206 2197 absolute,
2228 2150 2371 2199 absque
2391 2150 2466 2186 hoc

1401 2201 1506 2251 quod
1539 2202 1672 2250 aliquis
1709 2202 1850 2239 modus
1887 2202 2135 2252 participandi
2174 2203 2369 2240 claudatur
2391 2208 2403 2223 ⁸
2429 2202 2466 2239 in

1402 2267 1537 2292 eorum
1567 2255 1860 2303 significatione,
1890 2263 1932 2292 ut
1959 2268 2044 2302 ens,
2074 2257 2231 2302 bonum,
2261 2256 2401 2302 vivens,
2431 2263 2467 2292 et

1401 2308 1637 2345 huiusmodi:
1668 2316 1704 2345 et
1731 2309 1817 2345 talia
1844 2309 1997 2358 proprie
2027 2309 2201 2346 dicuntur
2229 2309 2276 2346 de
2305 2310 2402 2346 Deo.

1454 2363 1514 2398 An
1547 2373 1738 2399 SECUNDUM
1766 2374 1949 2399 mel-:NDUM
1987 2362 2092 2410 quod
2130 2362 2217 2399 ideo
2247 2362 2467 2399 huiusmodi

1402 2415 1560 2452 nomina
1589 2415 1678 2452 dicit
1709 2415 1913 2463 Dionysius
1941 2415 2070 2463 negari
2099 2428 2120 2452 a
2148 2416 2234 2452 Deo
2254 2415 2278 2462 ζ,
2310 2415 2400 2463 quia
2427 2415 2466 2453 id

1402 2468 1508 2517 quod
1537 2468 1767 2516 significatur
1797 2481 1867 2517 per
1900 2481 2066 2515 nomen,
2101 2481 2179 2505 non
2213 2468 2391 2505 convenit
2419 2480 2464 2505 eo

1402 2522 1522 2559 modo
1553 2521 1596 2566 ei,
1622 2534 1700 2570 quo
1729 2533 1874 2558 nomen
1902 2521 2095 2569 significat,
2117 2521 2186 2559 sed
2212 2521 2465 2558 excellentiori

1402 2575 1535 2612 modo.
1570 2575 1682 2612 Unde
1706 2574 1851 2611 ibidem
1872 2574 1960 2611 dicit
1979 2574 2187 2623 Dionysius
2206 2575 2312 2623 quod
2330 2576 2438 2611 Deus
2452 2580 2467 2598 ’¹

1403 2636 1458 2665 est
1485 2639 1598 2675 super
1626 2640 1775 2664 omnem
1802 2628 2047 2664 substantiam
2076 2634 2113 2664 et
2136 2629 2264 2665 vitam.

1455 2683 1515 2718 An
1543 2692 1702 2718 TERTHJM
1731 2692 1915 2718 mCENDUM
1950 2681 2057 2728 quod
2084 2681 2154 2718 ista
2182 2681 2340 2718 nomina
2369 2693 2466 2730 quae

1402 2734 1556 2784 proprie
1586 2733 1762 2770 dicuntur
1791 2734 1839 2771 de
1867 2734 1965 2781 Deo,
1995 2734 2202 2784 important
2231 2734 2467 2771 conditiones

1404 2788 1634 2837 corporales,
1663 2799 1743 2824 non
1770 2786 1809 2824 in
1837 2786 1921 2835 ipso
1951 2787 2161 2835 significato
2189 2787 2368 2834 nominis,
2399 2787 2466 2824 sed

1404 2848 1590 2890 quantum
1619 2840 1668 2877 ad
1696 2840 1858 2877 modum
1886 2840 2134 2888 significandi.
2165 2842 2223 2878 Ea
2251 2853 2345 2878 vero
2369 2852 2467 2890 quae

1405 2893 1664 2943 metaphorice
1694 2893 1740 2930 de
1769 2895 1855 2930 Deo
1885 2894 2071 2941 dicuntur,
2101 2894 2309 2943 important
2337 2893 2466 2930 condi-

1403 2948 1548 2985 tionem
1579 2947 1820 2995 corporalem
1848 2947 1888 2984 in
1916 2947 1999 2996 ipso
2029 2960 2099 2984 suo
2129 2947 2350 2995 significato.

336 3059 364 3092 α)
383 3060 475 3085 omnia
493 3061 603 3086 nomina
626 3061 699 3086 dicta
718 3061 751 3086 de
770 3061 837 3086 Deo.
855 3075 875 3082 -·
892 3062 1002 3087 nomina
1026 3064 1098 3088 dicta
1117 3063 1150 3088 de
1170 3063 1228 3088 Deo
1248 3063 1306 3087 PsD
1326 3068 1351 3087 et

281 3095 447 3122 ab.omn1·a
466 3095 539 3121 dicta
557 3096 591 3121 de
610 3097 667 3121 Deo
687 3097 737 3129 pD.

337 3128 362 3162 β)
382 3130 415 3155 de
434 3130 542 3156 Fide.—-
559 3132 592 3156 de
614 3132 749 3157 Trinitate
768 3132 870 3157 codices
890 3137 915 3157 et
933 3133 980 3159 ab.

335 3165 363 3199 γ)
383 3165 508 3198 igaun-
525 3173 588 3192 vero
604 3168 682 3193 BCD.

337 3200 362 3234 δ)
382 3201 437 3233 qui.
450 3215 468 3220 -
486 3201 555 3227 hunc
571 3203 619 3235 qui
636 3203 762 3229 ACDEG.

1458 3069 1480 3094 ε)
1500 3062 1651 3102 claudatur.
1665 3075 1683 3080 —
1696 3061 1842 3086 includitur
1860 3061 2007 3086 ABCDEG.
2019 3076 2037 3080 -
2051 3062 2118 3086 Ante
2132 3060 2283 3086 huiusmodi
2302 3060 2403 3085 codices
2423 3060 2469 3085 ad-

1406 3098 1606 3164 dunbagaDeo·
1625 3146 1644 3151 —
1663 3131 1695 3156 de
1715 3132 1772 3157 Deo
1795 3131 1849 3156 BD.
1867 3146 1886 3151 -
1905 3132 1967 3157 Post
1985 3132 2107 3157 convenit
2126 3132 2222 3156 addunt
2241 3131 2308 3159 Deo,
2329 3136 2353 3156 et
2372 3131 2396 3155 ei
2413 3139 2468 3156 om.

1406 3168 1551 3193 ABCDEF.

1460 3205 1486 3236 η)
1507 3204 1579 3228 Deus
1598 3206 1645 3228 est.
1663 3217 1682 3221 -
1700 3205 1740 3227 est
1759 3203 1822 3228 Pab.

967 3282 1299 3316 Commentaria
1323 3283 1573 3316 Cardinalis
1596 3282 1795 3315 Caietani

289 3370 336 3433 IN
359 3359 463 3395 titulo,
480 3359 512 3400 ly
522 3361 656 3400 proprie
670 3368 775 3401 potest
791 3363 875 3393 sumi
895 3363 1069 3403 dupliciter.
1095 3364 1168 3394 Uno
1192 3364 1301 3400 modo,
1319 3370 1354 3394 ut

318 3403 522 3444 distinguitur
545 3410 655 3434 contra
682 3408 914 3438 communiter:
937 3414 967 3438 et
995 3408 1038 3438 sic
1066 3408 1190 3438 animal
1219 3418 1285 3438 non
1309 3408 1354 3438 di-

287 3449 367 3479 citur
391 3448 517 3489 proprie
541 3448 580 3477 de
603 3447 744 3486 homine,
761 3451 836 3491 quia
851 3451 964 3482 dicitur
988 3452 1026 3482 de
1042 3452 1120 3482 aliis.
1146 3451 1219 3482 Alio
1243 3452 1352 3488 modo,

287 3499 323 3523 ut
355 3492 558 3532 distinguitur
587 3499 696 3523 contra
719 3495 950 3535 metaphorice:
974 3502 1005 3527 et
1028 3496 1071 3527 sic
1094 3497 1219 3527 animal
1242 3496 1355 3527 dicitur

287 3537 415 3577 proprie
440 3537 478 3567 de
502 3535 643 3572 homine,
659 3537 787 3587 florere
809 3545 915 3570 autem
935 3549 1011 3570 non.
1035 3540 1165 3581 Proprie
1182 3540 1267 3571 enirn
1283 3540 1353 3577 dici,

288 3587 334 3612 est
358 3580 568 3622 significatum
592 3581 731 3611 nominis
755 3581 887 3613 inveniri
906 3583 938 3613 in
962 3593 1000 3614 eo
1021 3585 1060 3614 de
1083 3595 1148 3626 quo
1167 3585 1289 3621 dicitur,
1306 3595 1353 3616 se-

1408 3363 1546 3394 cundum
1571 3370 1623 3393 se:
1646 3362 1860 3403 metaphorice
1884 3370 2004 3398 autem,
2030 3370 2075 3393 est
2098 3361 2307 3402 significatum
2330 3362 2470 3393 nominis

1408 3407 1539 3438 inveniri
1562 3406 1595 3436 in
1619 3416 1657 3436 eo
1677 3406 1715 3437 de
1739 3417 1805 3447 quo
1829 3407 1951 3443 dicitur,
1975 3407 2149 3437 secundum
2173 3416 2265 3437 suam
2289 3407 2470 3437 similitudi—

1409 3461 1479 3482 nem
1504 3456 1640 3481 tantum.
1664 3450 1725 3481 Hic
1749 3451 1884 3482 sumitur
1903 3452 2053 3491 proprie,
2080 3458 2114 3481 ut
2137 3450 2340 3491 distinguitur
2363 3458 2472 3482 contra

1408 3496 1631 3535 metaphorice.

1465 3540 1501 3570 11.
1519 3539 1610 3570 Circa
1625 3538 1770 3569 ordinem
1789 3539 1905 3569 horum
1925 3539 2140 3575 articulorum,
2161 3539 2298 3571 dubium
2319 3538 2468 3569 occurlit:

1409 3584 1562 3625 quoniam
1574 3590 1794 3623 praeposterus
1804 3583 1927 3613 videtur
1939 3583 2018 3613 ordo
2032 3590 2171 3614 servatus
2183 3583 2215 3613 in
2230 3593 2246 3613 2
2259 3590 2289 3614 et
2302 3584 2317 3614 3
2328 3583 2470 3613 articulo.
