2768 4178
87 583 96 592 '
111 581 183 603 Num.
200 587 232 603 xi.

85 842 95 851 ‘¹
111 841 147 863 Cf.
158 847 222 865 num.
234 847 284 863 vni.

82 1603 92 1613 ·
108 1601 145 1624 Cf.
159 1608 224 1624 num.
240 1608 273 1624 rx.

333 278 408 313 308

383 356 434 386 Ad
457 356 629 386 secundam
652 365 727 386 vero
752 356 874 393 dicitur,
902 357 992 397 quod
1016 357 1157 397 aliquam
1181 357 1401 397 operationem

330 410 396 430 esse
420 400 578 430 actionem
611 400 832 440 productivam
866 401 1007 438 termini,
1030 401 1185 440 contingit
1216 401 1400 441 dupliciter:

330 454 396 474 uno
416 444 515 474 modo
532 444 716 480 necessario,
737 444 799 475 alio
824 445 923 476 modo
940 445 1134 485 permissive.
1160 446 1201 475 Et
1219 446 1308 485 quod
1325 456 1400 476 con-

330 489 489 519 ditionalis
513 495 676 528 assumpta
698 498 716 518 a
739 489 835 520 Scoto
860 500 926 520 non
951 496 997 520 est
1019 500 1092 520 vera
1115 490 1148 520 in
1176 489 1301 520 actione
1325 500 1399 530 pro-

329 532 455 564 ductiva
478 533 679 573 permissive,
704 533 806 574 qualis
831 540 877 564 est
903 534 1093 570 intellectio,
1117 541 1152 564 ut
1175 533 1208 563 in
1238 534 1398 565 solutione

329 577 423 617 primi
448 577 536 607 dubii
559 577 681 608 dictum
704 584 751 608 est
766 578 793 608 *.

381 622 432 651 Ad
456 621 585 652 tertium
604 628 711 652 autem
726 622 848 658 dicitur,
865 623 954 663 quod
970 622 1204 663 aequivocatur.
1221 622 1398 663 Intelligen-

328 665 371 696 tia
394 665 490 704 enim,
515 666 600 706 apud
624 667 852 706 Augustinum‚
874 677 939 697 non
955 667 1054 706 gignit
1071 667 1205 697 verbum
1224 673 1259 698 ut
1283 667 1397 707 princi-

328 710 419 750 pium
436 710 569 741 formale
586 720 641 741 seu
662 711 801 741 activum
826 717 861 742 ut
883 721 957 751 quo,
974 711 1029 741 sed
1053 711 1222 741 memoria:
1248 721 1324 741 cum
1335 712 1397 742 hoc

327 761 433 785 tamen
458 761 518 785 stat
541 755 631 795 quod
655 755 760 796 aliqua
783 755 987 795 intelligentia
1006 755 1046 786 sit
1061 755 1130 796 ipsa
1145 755 1277 796 gignitio
1299 756 1395 792 verbi,

328 805 364 829 ut
387 809 446 829 nos
471 799 615 830 dicimus.
1267 821 1269 823 ·

379 844 449 874 XV.
469 844 521 874 Ad
543 844 673 874 tertium
697 844 831 874 dubium
845 843 863 862 ⁴‘
888 844 1010 879 dicitur,
1037 843 1127 884 quod
1149 843 1182 884 ly
1205 844 1397 884 quicumque

327 888 484 919 distribuit
506 895 631 919 tantum
655 898 714 928 pro
735 889 915 919 hominibus
939 889 1133 919 viatoribus.-
1153 887 1287 918 intendit
1309 888 1396 918 enim

326 942 363 963 ex
386 932 434 963 his
455 942 537 974 quae
561 933 594 963 in
613 933 706 963 nobis
728 932 884 968 videntur,
906 932 1025 963 elevare
1049 933 1089 962 ad
1111 932 1279 962 invisibilia
1303 931 1395 962 etin-

326 977 621 1017 comprehensibilia
644 977 712 1008 Dei.
730 977 797 1007 Nos
817 977 912 1013 enim,
932 977 1148 1017 intelligendo,
1170 986 1296 1016 semper
1318 986 1395 1007 con-

326 1028 455 1061 ceptum
478 1021 616 1062 aliquem
641 1021 828 1058 formamus,
845 1022 1058 1062 adaequatum
1076 1021 1127 1051 vel
1147 1021 1393 1061 inadaequatum

325 1065 408 1096 actui
424 1066 537 1106 primo,
555 1066 730 1106 perfectum
745 1065 795 1096 vel
811 1065 1042 1105 imperfectum,
1060 1072 1118 1096 etc.
1140 1066 1232 1096 Unde
1252 1065 1292 1095 ad
1308 1065 1394 1096 obie-

326 1110 445 1140 ctiones
469 1120 535 1140 non
559 1117 606 1140 est
629 1110 718 1140 aliter
740 1110 1018 1150 respondendum;
1045 1110 1099 1140 sed
1123 1110 1325 1140 concedenda
1349 1118 1395 1141 est

325 1164 434 1184 earum
458 1154 632 1190 conclusio,
658 1154 774 1185 scilicet
795 1155 885 1194 quod
909 1164 975 1185 non
999 1161 1126 1194 oportet
1148 1164 1280 1184 omnem
1303 1154 1393 1185 intel-

323 1199 442 1229 lectum
465 1198 498 1229 in
521 1205 592 1229 actu
616 1197 756 1239 proferre
779 1199 922 1229 verbum.
939 1199 981 1229 Et
1003 1208 1070 1229 non
1089 1199 1196 1229 solum
1219 1199 1252 1228 in
1276 1199 1345 1229 Deo
1363 1206 1394 1230 et

324 1243 432 1279 beatis,
448 1244 503 1273 sed
527 1243 622 1274 etiam
641 1243 673 1273 in
700 1242 922 1283 intelligentiis,
944 1244 1051 1284 quoad
1075 1243 1322 1273 intellectionem
1343 1244 1392 1274 sui

323 1287 440 1328 ipsius,
465 1288 527 1318 hoc
550 1297 661 1318 verum
683 1287 818 1318 videtur.
845 1287 960 1318 Beatus
984 1288 1071 1318 enim
1094 1289 1227 1318 verbum
1251 1288 1390 1328 partiale,

324 1342 391 1362 non
414 1339 521 1363 autern
540 1333 752 1373 adaequatum
768 1332 892 1368 visioni,
913 1331 1052 1372 proferre
1067 1339 1185 1372 potest:
1210 1332 1283 1372 plus
1306 1333 1392 1363 enim

322 1377 408 1407 videt
431 1387 530 1418 quam
554 1377 654 1407 dicere
677 1377 779 1417 possit
801 1386 1009 1417 quocumque
1033 1383 1136 1407 creato
1160 1378 1268 1408 verbo.
1285 1380 1391 1418 Ange-

323 1421 373 1452 lus
398 1429 514 1458 autem,
539 1421 680 1462 seipsum
703 1431 759 1462 per
781 1421 922 1462 seipsum
946 1420 1041 1452 etiam
1064 1421 1217 1452 obiective
1246 1432 1391 1462 praesen-

323 1465 437 1496 tialiter
459 1466 594 1502 habens,
622 1476 702 1496 vane
736 1466 869 1496 verbum
900 1465 1050 1496 formaret
1073 1466 1111 1496 de
1139 1475 1172 1496 se
1203 1466 1271 1498 sibi.
1299 1467 1391 1498 Unde

323 1510 539 1541 universaliter
562 1511 600 1540 de
625 1510 714 1541 omni
737 1510 896 1541 intellectu
920 1510 1094 1551 loquendo,
1124 1510 1177 1540 illa
1201 1512 1389 1552 propositio,

323 1556 513 1595 quicumque
536 1555 688 1596 intelligit
711 1561 779 1590 etc.‚
805 1555 920 1585 credita
944 1561 999 1591 est,
1020 1564 1087 1585 non
1111 1554 1196 1586 scita.

376 1600 459 1630 XVI.
481 1600 532 1630 Ad
544 1606 689 1640 quartam
706 1599 938 1629 dubitationem
948 1596 973 1635 ²¹,
991 1599 1064 1630 licet
1081 1599 1183 1635 multi,
1197 1609 1271 1630 cum
1282 1600 1389 1637 Scoto,

322 1643 355 1674 in
378 1654 461 1674 xxvn
485 1644 684 1674 distinctione
700 1643 807 1679 Primi,
832 1644 1045 1684 respondeant
1067 1643 1255 1675 affirmando
1279 1644 1390 1676 identi-

321 1694 419 1719 tatem
447 1695 619 1729 conceptus
643 1695 673 1719 et
696 1688 826 1719 actualis
856 1688 1077 1719 intellectionis
1100 1688 1286 1726 cuiusdam,
1310 1689 1391 1721 idest

321 1733 453 1773 genitae,
479 1739 547 1769 etc.‚
574 1742 598 1763 a.
614 1733 758 1763 Thomas
781 1739 903 1769 tamen,
928 1740 964 1763 ut
983 1742 1126 1773 expresse
1150 1733 1283 1764 habetur
1308 1734 1389 1764 infe-

286 1784 290 1790 “
321 1777 395 1814 rius,
414 1788 467 1818 qu.
483 1787 584 1813 xxxiv,
602 1783 658 1808 art.
681 1788 706 1813 1,
723 1777 762 1807 ad
781 1787 809 1813 2,
831 1784 917 1807 tenet
940 1784 1132 1817 conceptum
1156 1787 1223 1808 esse
1242 1778 1328 1808 aliud
1351 1779 1390 1809 ab

322 1828 392 1852 actu
417 1821 620 1862 intelligendi,
651 1828 687 1852 ut
715 1821 887 1852 terminum
911 1822 950 1852 ab
974 1831 1013 1852 eo
1037 1822 1127 1852 cuius
1156 1829 1202 1853 est
1225 1823 1388 1854 terminus.

375 1867 426 1896 Ad
441 1866 530 1897 cuius
554 1865 752 1901 evidentiam,
770 1865 935 1896 sciendum
959 1873 1006 1896 est
1024 1867 1113 1907 quod
1136 1866 1168 1897 in
1190 1874 1277 1907 parte
1301 1867 1390 1898 intel-

320 1910 440 1947 lectiva,
462 1917 583 1951 praeter
606 1910 772 1950 potentias,
790 1917 878 1941 actus
894 1917 925 1940 et
940 1910 1075 1946 habitus,
1091 1911 1200 1950 posuit
1217 1911 1390 1942 terminum

321 1962 418 1992 actus,
436 1965 472 1985 ea
495 1955 691 1991 necessitate,
715 1962 751 1985 ut
773 1954 934 1986 obiectum
959 1961 1046 1985 actus
1070 1955 1200 1985 secundi
1224 1956 1391 1987 haberetur

320 2009 467 2040 praesens
483 1999 543 2040 ipsi
560 1999 642 2029 actui
662 1999 824 2029 obiective.
846 1999 1018 2030 Obiectum
1038 1999 1124 2029 enim
1139 1999 1315 2031 intellectus
1332 2001 1390 2031 du-

320 2044 442 2085 pliciter
465 2050 570 2084 potest
586 2053 653 2074 esse
677 2053 823 2084 praesens
839 2044 1022 2074 intellectui.
1038 2044 1157 2080 Primo,
1178 2051 1214 2075 ut
1230 2045 1390 2085 comprin-

321 2089 441 2129 cipium
464 2095 552 2119 actus
575 2088 788 2128 intelligendi:
813 2095 844 2119 et
866 2088 928 2118 hoc
951 2087 986 2118 fit
1008 2098 1065 2128 per
1087 2089 1225 2128 speciem
1245 2089 1391 2130 intelligi·

319 2134 426 2164 bilem.
444 2133 601 2169 Secundo,
619 2139 655 2163 ut
670 2133 848 2163 obiectum:
869 2132 1032 2163 obiectum
1052 2133 1147 2170 enim,
1164 2140 1200 2164 ut
1216 2134 1388 2171 obiectum,

320 2188 387 2208 non
411 2177 564 2217 significat
587 2187 715 2208 causam
738 2177 788 2207 vel
811 2177 1004 2217 principium
1024 2184 1121 2214 actus,
1140 2179 1194 2208 sed
1218 2179 1391 2210 terminum

320 2229 418 2253 actus.
438 2223 479 2253 Et
494 2222 555 2252 hoc
569 2228 696 2262 oportet
710 2221 776 2252 fieri
793 2231 849 2261 per
868 2228 1070 2262 conceptum,
1088 2222 1144 2262 qui
1160 2223 1302 2259 verbum,
1321 2233 1390 2264 spe-

321 2267 446 2308 ciesque
464 2276 606 2306 expressa
630 2266 824 2306 quandoque
849 2265 975 2296 dicitur:
994 2266 1137 2307 alioquin
1157 2266 1319 2297 obiectum
1343 2267 1390 2298 in-

319 2311 462 2342 tellectus
479 2321 544 2341 non
559 2317 639 2341 esset
653 2310 733 2340 intra
749 2310 919 2346 actualiter,
940 2311 1118 2341 actualitate
1138 2317 1225 2341 actus
1249 2311 1389 2342 secundi.

321 2356 420 2393 Quod
443 2355 528 2385 enim
552 2355 591 2385 ad
615 2355 676 2385 hoc
700 2354 842 2384 officium
861 2364 927 2385 non
952 2354 1085 2385 sufficiat
1104 2355 1222 2395 species
1245 2355 1391 2396 intelligi-

321 2400 402 2436 bilis,
423 2409 459 2430 ex
483 2409 522 2430 eo
538 2405 632 2440 patet,
653 2399 729 2439 quia
751 2399 813 2429 hoc
829 2405 877 2429 est
900 2398 1042 2429 officium
1058 2399 1200 2436 termini,
1221 2399 1265 2430 illi
1283 2407 1390 2431 autem

321 2444 474 2484 competit
493 2444 572 2474 ratio
589 2443 748 2484 principii.
764 2443 862 2480 Quod
877 2443 973 2473 etiam
989 2446 1055 2473 non
1070 2442 1204 2474 sufficiat
1219 2444 1287 2484 ipse
1302 2451 1390 2475 actus

320 2488 525 2529 intelligendi,
543 2498 579 2519 ex
602 2498 641 2518 eo
666 2489 826 2528 probatur,
844 2488 933 2529 quod
957 2487 1100 2518 officium
1124 2488 1238 2519 obiecti
1262 2498 1328 2519 non
1345 2496 1391 2520 est

320 2533 463 2564 officium
477 2533 576 2573 ipsius
593 2539 680 2563 actus
696 2532 835 2568 secundi,
853 2531 913 2562 nisi
928 2532 1141 2563 intellectione
1157 2532 1279 2564 reflexa.
1298 2533 1390 2564 Unde

321 2585 492 2618 conceptus
509 2587 564 2608 seu
581 2577 723 2612 verbum,
748 2577 834 2616 apud
858 2586 927 2612 nos,
944 2583 991 2607 est
1013 2586 1071 2613 res,
1092 2587 1158 2607 non
1174 2577 1388 2617 intelligibilis,

321 2623 376 2653 sed
399 2622 557 2653 intellecta
580 2628 668 2657 actu,
692 2623 725 2651 In
749 2630 815 2651 esse
845 2620 1062 2651 intentionali:
1087 2628 1118 2652 et
1140 2631 1177 2652 ea
1207 2621 1390 2653 necessitate

320 2667 460 2707 ponitur,
478 2676 542 2707 qua
565 2665 695 2706 ponitur
718 2665 880 2696 obiectum
896 2665 1073 2696 intellectus
1097 2665 1129 2696 in
1153 2673 1224 2697 actu
1248 2666 1344 2697 intus.

374 2712 466 2742 Hanc
489 2717 595 2741 autem
627 2719 694 2741 esse
723 2717 863 2740 mentem
887 2720 911 2740 s.
932 2710 1079 2740 Thomae
1103 2710 1128 2741 si
1153 2710 1225 2751 quis
1250 2711 1388 2748 dubitat,

319 2756 402 2796 legat
417 2755 523 2796 ipsum
539 2755 571 2785 in
589 2755 599 2784 1
618 2754 722 2791 Cont„
743 2754 847 2791 Gent„
865 2764 933 2795 cap.
953 2765 1016 2790 Lm,
1037 2761 1068 2785 et
1090 2755 1123 2785 in
1143 2755 1195 2791 lv,
1216 2765 1285 2796 cap.
1301 2765 1340 2792 xr,
1359 2762 1391 2786 et

320 2800 353 2830 in
378 2800 440 2840 Qq.
458 2800 497 2830 de
520 2800 675 2835 Potentia,
701 2808 756 2839 qu.
772 2809 835 2834 vm,
861 2805 917 2829 art.
941 2809 965 2835 1,
982 2806 1012 2829 et
1027 2809 1082 2840 qu.
1099 2809 1141 2836 1x,
1167 2806 1222 2830 art.
1244 2801 1270 2830 5.
1296 2800 1388 2831 Unde

321 2851 407 2885 patet
430 2854 486 2874 eos
503 2842 556 2886 (de
580 2853 720 2884 quorum
739 2853 873 2874 numero
898 2843 1024 2874 videtur
1047 2843 1228 2880 Durandus,
1253 2843 1286 2874 in
1304 2854 1389 2875 xxvn

320 2889 520 2919 distinctione
539 2887 636 2918 Primi
651 2886 682 2929 ¹⁸²)
702 2887 757 2928 qui
777 2887 950 2928 imponunt
965 2887 1057 2918 nobis
1073 2888 1206 2918 verbum
1222 2888 1299 2929 poni
1316 2898 1388 2929 pro-

321 2940 390 2973 pter
413 2933 559 2963 notitiam
583 2931 822 2972 perfectiorem,
848 2939 902 2962 aut
925 2932 1154 2972 expressiorem
1177 2939 1388 2973 repraesenta-

320 2978 451 3013 tionem,
472 2977 579 3007 minus
603 2977 683 3007 bene
707 2976 828 3006 dixisse.

375 3022 472 3052 XVII.
493 3021 629 3052 Adverte
646 3028 761 3056 tamen,
783 3027 813 3051 et
828 3020 1000 3060 diligenter.
1018 3021 1107 3062 quod
1124 3027 1315 3061 conceptum
1331 3031 1387 3052 seu

319 3067 453 3097 verbum
477 3076 544 3096 esse
568 3065 728 3096 obiectum
752 3071 783 3095 et
805 3065 978 3095 terminum
997 3072 1085 3096 actus
1109 3065 1312 3105 intelligendi,
1329 3076 1387 3107 po-

320 3117 380 3142 test
402 3110 533 3150 intelligi
554 3109 729 3150 dupliciter.
748 3109 821 3140 Uno
847 3110 955 3146 modo,
974 3111 1162 3151 inquantum
1183 3111 1291 3151 imago
1310 3110 1388 3141 alte-

321 3157 401 3192 rius,
419 3155 499 3185 idest
522 3154 699 3185 secundum
718 3163 786 3184 rem
801 3161 1079 3194 repraesentatam:
1097 3154 1186 3190 idest,
1207 3155 1295 3195 quod
1319 3154 1388 3195 ipsa

320 3209 367 3229 res
392 3205 543 3239 concepta
567 3198 714 3230 terminat
738 3205 844 3229 actum
868 3198 1079 3238 intelligendi;
1102 3199 1219 3228 modus
1242 3207 1317 3229 vero
1341 3208 1387 3229 es-

321 3244 408 3274 sendi
433 3243 476 3274 sic
500 3243 702 3283 spiritualiter
723 3243 819 3279 intus,
837 3249 883 3273 est
906 3243 1047 3273 conditio
1064 3243 1106 3273 rei
1131 3242 1271 3274 obiectae
1295 3249 1326 3274 et
1340 3242 1387 3273 in-

320 3288 469 3318 tellectae.
490 3288 564 3318 Alio
585 3287 695 3323 modo,
713 3288 902 3328 inquantum
918 3296 970 3318 res
985 3288 1059 3318 talis
1075 3292 1131 3324 est,
1153 3293 1230 3327 puta
1254 3287 1387 3328 qualitas

321 3332 500 3372 spiritualis,
517 3339 573 3363 etc.
592 3332 632 3362 Et
648 3331 752 3372 primo
770 3331 900 3372 quidem
914 3332 1012 3362 modo
1028 3331 1221 3362 intendimus
1238 3341 1296 3362 nos
1311 3341 1387 3362 con-

322 3383 449 3416 ceptum
472 3386 538 3407 esse
557 3376 718 3407 obiectum
740 3376 916 3407 intellectus
938 3375 970 3406 in
987 3382 1074 3411 actu;
1101 3382 1131 3406 et
1150 3385 1215 3406 non
1235 3375 1386 3412 secundo,

321 3420 379 3450 nisi
403 3428 546 3460 respectu
571 3427 657 3451 actus
681 3420 795 3451 reflexi.
822 3420 914 3451 Unde
937 3427 1023 3461 patet
1055 3420 1145 3450 ruina
1170 3420 1318 3451 omnium
1341 3429 1388 3450 ar-

321 3471 547 3504 gumentorum
564 3472 671 3495 contra
687 3464 767 3495 hanc
783 3464 867 3494 viam
883 3464 1134 3505 procedentium,
1149 3471 1179 3495 et
1191 3474 1228 3495 ex
1244 3474 1282 3495 eo
1298 3463 1388 3505 quod

321 3518 369 3538 res
384 3508 479 3548 ipsae,
494 3516 570 3548 puta
585 3509 646 3545 leo,
664 3510 731 3545 bos,
750 3516 818 3545 etc.‚
836 3508 1054 3548 intelliguntur
1073 3516 1144 3540 actu
1161 3515 1257 3545 recto,
1274 3514 1305 3540 et
1321 3517 1386 3539 non

321 3552 439 3592 species
456 3552 488 3582 in
512 3553 633 3589 anima;
658 3560 688 3584 et
702 3563 738 3583 ex
762 3563 800 3583 eo
824 3553 912 3594 quod
928 3553 1014 3583 idem
1036 3553 1122 3594 quod
1136 3553 1213 3594 quid
1235 3557 1282 3584 est
1301 3552 1388 3583 obie-

322 3603 410 3627 ctum
426 3604 472 3627 est
495 3597 642 3627 omnium
658 3597 891 3633 intellectuum
916 3604 947 3628 et
962 3607 998 3628 ex
1017 3597 1085 3628 aliis
1102 3596 1296 3628 huiusmodi.
1313 3597 1387 3627 Non

322 3640 495 3671 discernere
519 3641 604 3671 enirn
621 3641 700 3671 inter
723 3641 884 3672 obiectum
901 3648 936 3672 ut
959 3652 1036 3678 rem,
1054 3649 1084 3672 et
1108 3641 1269 3672 obiectum
1290 3647 1327 3671 ut
1345 3639 1388 3671 rei

1014 277 1282 324 QUAESTIO
1311 278 1473 325 xxvn,
1503 279 1800 316 ARTlcULUS
1830 281 1844 316 1

1455 357 1637 398 imaginem,
1651 366 1687 389 ut
1703 359 1755 395 sic,
1770 369 1864 389 causa
1880 358 1993 389 erroris
2008 365 2063 389 est.
2081 358 2301 390 Discernentes
2316 366 2424 391 autem
2438 361 2526 397 haec,

1456 409 1487 433 et
1510 404 1705 434 attendentes
1733 404 1858 434 duabus
1887 403 2033 443 praefatis
2068 403 2304 434 conditionibus
2335 412 2524 445 conceptus,

1455 447 1572 478 scilicet
1594 448 1683 488 quod
1699 454 1746 478 est
1765 458 1813 478 res
1830 454 1860 478 et
1879 448 1969 488 quod
1985 454 2032 478 est
2056 447 2174 487 imago,
2201 448 2321 479 utendo
2337 448 2391 479 illa
2406 459 2525 490 propo-

1455 490 1568 522 sitione
1584 492 1772 529 Aristotelis,
1788 492 1821 523 in
1836 492 1876 523 de
1890 493 2052 523 Memoria
2071 497 2103 522 et
2123 492 2418 524 Reminiscentia*.·
2441 494 2524 524 idem
2554 498 2562 508 ·

1454 541 1501 566 est
1524 541 1629 567 motus
1652 538 1684 566 in
1709 538 1901 577 imaginem,
1926 542 1957 567 et
1980 546 2046 567 rem
2077 537 2169 567 cuius
2197 542 2246 567 est
2273 538 2400 578 imago,
2435 537 2524 568 facile

1454 579 1563 610 omnia
1586 581 1725 617 solvunt,
1742 588 1772 612 et
1794 581 2040 621 interpretantur
2061 591 2126 622 qua
2149 580 2271 611 ratione
2295 581 2409 612 dicitur
2434 582 2524 622 quod

1453 625 1586 655 verbum
1610 632 1656 656 est
1679 625 1858 662 obiectum,
1883 633 1940 657 etc.
1970 626 2012 656 Et
2034 625 2190 666 quoniam
2212 633 2300 656 actus
2330 625 2525 666 intelligendi

1453 674 1484 698 et
1507 676 1680 709 conceptus
1704 669 1800 700 simul
1823 677 1898 701 sunt
1921 677 1951 701 et
1974 679 2040 700 non
2063 676 2152 706 sunt,
2176 669 2273 700 simul
2295 679 2428 710 quoque
2450 677 2526 701 sunt

1453 718 1483 743 et
1506 723 1572 743 non
1596 721 1671 744 sunt
1693 714 1887 754 principium
1910 714 2057 745 alicuius:
2077 714 2120 744 ita
2141 714 2240 755 quod,
2265 713 2347 744 sicut
2370 714 2525 754 contingit

1452 763 1560 787 actum
1582 757 1776 797 intelligendi
1808 768 1875 789 esse
1899 769 2028 789 causam
2051 758 2179 789 alterius
2211 765 2300 789 actus
2327 758 2523 798 intelligendi

1451 800 1501 830 vel
1525 801 1663 838 volendi,
1680 802 1722 833 ita
1738 809 1770 833 et
1792 810 2003 843 conceptum:
2024 813 2083 844 pro
2103 813 2170 834 uno
2194 803 2280 833 enim
2296 809 2524 843 computantur

1451 846 1559 885 quoad
1583 855 1683 885 agere.

1504 890 1617 920 XVIII.
1645 890 1696 920 Ad
1719 890 1876 921 rationem
1904 897 2012 921 autem
2043 891 2130 922 Scoti
2159 891 2192 922 in
2223 891 2428 932 oppositum,
2455 901 2522 922 non

1450 940 1578 974 oportet
1600 934 1689 965 aliter
1711 934 1918 974 respondere:
1943 935 2138 966 satisfactum
2168 942 2215 967 est
2238 935 2325 966 enim
2347 935 2393 966 illi
2414 935 2448 966 in
2471 946 2520 966 se-

1450 978 1556 1008 cundo
1580 978 1680 1008 dubio
1696 978 1723 1008 *.

1502 1023 1554 1052 Ad
1575 1023 1767 1053 Durandum
1782 1029 1891 1053 autem
1914 1022 2038 1059 dicitur,
2053 1023 2144 1063 quod
2159 1023 2262 1064 prima
2276 1024 2357 1055 ratio
2376 1034 2434 1055 sua
2449 1034 2521 1064 pec-

1449 1073 1498 1098 cat
1521 1066 1778 1108 quadrupliciter.
1795 1066 1914 1103 Primo,
1931 1066 1964 1097 in
1980 1066 2200 1098 fundamento·
2225 1067 2307 1105 Quia
2327 1078 2396 1099 esse
2418 1068 2520 1099 mani-

1448 1111 1674 1147 nifestativum,
1692 1111 1839 1152 quamvis
1863 1111 1903 1142 sit
1926 1111 1965 1141 de
1995 1111 2116 1142 ratione
2139 1111 2242 1148 verbi,
2265 1121 2332 1142 non
2355 1119 2462 1143 tamen
2485 1119 2521 1144 ut

1447 1155 1620 1187 differentia
1635 1155 1702 1186 eius
1718 1155 1931 1192 constitutiva,
1945 1165 2020 1186 cum
2035 1156 2203 1186 conveniat
2214 1155 2309 1186 etiam
2325 1166 2392 1186 non
2407 1157 2519 1193 verbm

1447 1207 1483 1231 ut
1506 1207 1591 1241 patet
1614 1200 1640 1230 si
1663 1200 1876 1240 intelligamus
1899 1200 2007 1230 Deum
2026 1200 2135 1241 quoad
2158 1200 2303 1231 absoluta
2325 1207 2461 1237 tantum,
2485 1207 2521 1232 ut

1446 1245 1632 1285 philosophi
1656 1244 1792 1281 faciunt;
1813 1244 1922 1275 omnia
1945 1244 2105 1286 siquidem
2120 1244 2314 1275 manifestari
2331 1244 2529 1285 intelligere-‘

1447 1299 1519 1320 mus
1535 1289 1672 1330 simplici
1687 1289 1910 1325 intellectione,
1926 1289 2046 1330 absque
2062 1296 2228 1329 conceptu.
2242 1306 2260 1312 -
2273 1288 2432 1326 Secundo,
2445 1289 2521 1330 quia

1445 1333 1525 1364 ratio
1556 1333 1796 1370 manifestativi‚
1821 1343 1896 1364 cum
1924 1333 1964 1363 ad
1987 1333 2226 1364 manifestatum
2249 1333 2306 1370 sit,
2333 1333 2520 1364 relation·-

1445 1385 1571 1409 tantum
1594 1378 1724 1409 rationis
1753 1377 1837 1409 dicit.
1863 1378 1956 1409 Unde
1982 1377 2114 1408 inferius
2133 1376 2148 1393 *
2172 1378 2294 1408 dicetur
2316 1378 2406 1418 quod
2428 1378 2520 1409 Pater

1446 1422 1626 1454 manifestat
1641 1432 1683 1459 se,
1701 1429 1732 1453 et
1747 1422 1902 1463 Spiritum
1925 1422 2092 1459 Sanctum,
2111 1429 2141 1453 et
2156 1422 2275 1458 omnia,
2298 1431 2359 1453 suo
2374 1422 2483 1453 verbo.
2497 1439 2519 1446 -

1445 1467 1566 1504 Tertio,
1585 1466 1661 1508 quia
1684 1477 1751 1498 esse
1768 1466 2037 1497 manifestativum
2061 1476 2128 1497 non
2144 1466 2420 1507 qualitercumque
2441 1476 2518 1497 con-

1444 1511 1531 1542 venit
1552 1512 1667 1548 verbo;
1698 1512 1753 1542 sed
1777 1521 1844 1542 esse
1867 1511 2136 1542 manifestativum
2165 1520 2352 1551 expressum
2376 1511 2417 1541 ab
2439 1511 2516 1549 alio,

1445 1563 1481 1587 ut
1503 1556 1634 1587 inferius
1657 1556 1675 1575 '¹‘
1697 1556 1826 1596 patebit.
1851 1555 1945 1587 Unde
1969 1565 2035 1586 non
2058 1561 2185 1596 oportet
2207 1555 2274 1585 fieri
2298 1555 2518 1586 reductionem

1445 1600 1484 1630 ad
1508 1600 1797 1631 manifestationem
1821 1599 2006 1640 simpliciter
2028 1609 2086 1640 per
2108 1599 2288 1638 essentiam,
2312 1600 2367 1630 sed
2390 1600 2429 1630 ab
2453 1600 2517 1630 alio

1445 1655 1632 1685 expressam.
1649 1645 1728 1676 Tale
1742 1651 1851 1675 autem
1867 1654 1933 1675 non
1944 1651 1990 1675 est
2004 1644 2186 1680 intellectio,
2204 1653 2312 1685 quam,
2329 1650 2366 1675 ut
2379 1644 2411 1674 in
2424 1653 2518 1675 xxxxv

1445 1689 1631 1730 quaestione
1641 1687 1656 1705 *
1672 1688 1900 1725 manifestatur,
1915 1695 2038 1720 constat
2053 1698 2119 1719 non
2132 1688 2294 1719 includere
2306 1698 2374 1719 esse
2388 1689 2427 1719 ab
2439 1688 2513 1720 alio.

1444 1751 1463 1756 -
1477 1734 1611 1771 Quarto,
1629 1733 1714 1775 quia,
1731 1733 1791 1764 nisi
1812 1734 1982 1764 abutamur
1995 1733 2170 1769 vocabulis,
2193 1733 2218 1763 si
2232 1733 2367 1763 verbum
2382 1739 2430 1764 est
2447 1743 2516 1764 ma-

1444 1777 1659 1809 nifestativum
1674 1778 1717 1808 rei
1733 1777 1843 1814 dictae,
1860 1777 2074 1808 manifestatio
2089 1784 2320 1818 consequenter
2334 1777 2414 1808 nihil
2428 1777 2515 1808 aliud

1444 1829 1491 1853 est
1514 1832 1610 1863 quam
1631 1823 1699 1863 ipsa
1715 1822 1851 1864 prolatio
1869 1821 1966 1852 verbi.
1987 1821 2123 1852 Constat
2145 1828 2253 1852 autem
2276 1821 2367 1861 quod
2381 1822 2516 1853 verbum

1444 1877 1510 1897 non
1535 1867 1628 1897 debet
1642 1866 1750 1897 reduci
1773 1866 1813 1896 ad
1829 1865 2042 1906 prolationem
2066 1875 2105 1896 eo
2127 1865 2238 1896 ordine
2258 1865 2430 1896 reducendi
2443 1875 2516 1907 quo

1445 1911 1635 1952 participans
1662 1910 1823 1941 reducitur
1846 1911 1886 1940 ad
1910 1919 1974 1951 per
1995 1911 2185 1947 essentiam,
2214 1909 2253 1940 de
2276 1919 2343 1952 quo
2371 1909 2517 1951 loquitur

1445 1965 1589 1995 arguens.
1618 1955 1851 1986 Reducendum
1875 1962 1922 1986 est
1943 1954 2039 1995 igitur
2053 1954 2188 1985 verbum
2211 1960 2296 1986 extra
2311 1954 2351 1985 ad
2373 1954 2515 1992 interius,

1444 2006 1598 2041 tanquam
1628 2000 1811 2040 dependens
1835 1999 1875 2029 ad
1897 1999 1931 2030 id
1954 2009 1973 2029 a
1996 2009 2063 2040 quo
2087 1999 2260 2039 dependet:
2285 2005 2316 2029 et
2339 1998 2420 2030 inter
2447 1998 2516 2040 ipsa

1443 2045 1538 2075 verba
1555 2044 1667 2080 cordis,
1684 2043 1852 2085 quodlibet
1867 2050 2007 2074 creatum
2023 2043 2184 2074 reducitur
2199 2043 2239 2074 ad
2255 2043 2409 2080 divinum,
2426 2043 2517 2085 quod

1445 2089 1552 2120 solum
1569 2095 1616 2120 est
1629 2099 1686 2130 per
1701 2088 1880 2124 essentiam,
1890 2088 1976 2119 iuxta
1992 2087 2088 2118 illud:
2109 2093 2140 2119 et
2153 2087 2244 2119 Deus
2259 2093 2332 2119 erat
2346 2088 2478 2119 verbum
2486 2087 2515 2120 ¹⁸¹.

1498 2134 1548 2165 Ad
1572 2133 1744 2165 secundam
1775 2133 2003 2173 respondetur,
2021 2132 2111 2174 quod
2133 2132 2237 2163 maior
2259 2141 2326 2162 non
2355 2138 2402 2163 est
2423 2141 2515 2170 vern,

1445 2178 1506 2209 nisi
1530 2185 1566 2209 ut
1582 2187 1664 2219 aque
1688 2177 1791 2208 forma
1814 2177 1854 2208 sit
1876 2177 2002 2217 praevia
2026 2176 2130 2208 actui:
2151 2184 2325 2218 conceptus
2348 2183 2456 2208 autem
2469 2182 2518 2209 est

1445 2222 1558 2259 forma,
1574 2232 1642 2252 non
1653 2221 1789 2263 praevia,
1803 2221 1857 2252 sed
1873 2221 2044 2252 terminans
2057 2228 2173 2258 actum,
2190 2227 2226 2252 ut
2236 2227 2323 2262 patet
2337 2231 2374 2252 ex
2390 2221 2480 2253 dicti·
2487 2221 2515 2253 ⁴⁸.

1498 2267 1550 2297 Ad
1573 2266 1697 2297 tertiam
1725 2275 1801 2296 vero
1833 2265 1960 2302 dicitur,
1990 2266 2080 2306 quod
2109 2271 2282 2306 conceptus
2310 2272 2341 2297 et
2369 2272 2458 2297 actus
2485 2271 2518 2299 et

1445 2310 1565 2351 species
1595 2320 1662 2340 non
1686 2315 1760 2340 sunt
1783 2309 1904 2340 formae
1928 2309 2072 2340 eiusdem
2095 2309 2211 2350 speciei
2234 2309 2267 2340 in
2291 2310 2440 2347 essendo:
2461 2310 2516 2342 sed

1445 2355 1564 2396 species
1588 2361 1635 2385 est
1658 2353 1888 2394 completivum
1911 2353 2053 2390 subiecti,
2074 2360 2162 2384 actus
2181 2360 2229 2384 est
2247 2363 2324 2390 esse,
2343 2361 2515 2395 conceptus

1445 2399 1621 2430 obiectum:
1657 2398 1730 2429 licet
1759 2398 1790 2428 in
1824 2398 2089 2438 repraesentando
2119 2407 2176 2428 seu
2205 2397 2408 2438 attingendo,
2435 2397 2516 2430 idest

1445 2443 1608 2480 obiective,
1635 2442 1744 2473 omnia
1771 2442 1834 2473 sint
1856 2442 1999 2473 eiusdem
2022 2442 2168 2479 rationis,
2197 2449 2351 2483 tanquam
2373 2442 2516 2483 partialis

1445 2487 1664 2519 concurrentia
1686 2487 1726 2518 ad
1749 2492 1852 2517 unum
1877 2487 2075 2527 completum
2098 2496 2165 2517 esse
2188 2485 2221 2517 in
2245 2492 2316 2517 actu
2340 2486 2411 2524 tale,
2433 2493 2491 2518 etc.

1500 2532 1583 2563 XIX.
1613 2531 1663 2562 Ad
1691 2531 1838 2572 quintam
1866 2531 2099 2562 dubitationem
2121 2530 2140 2549 ⁴*
2168 2530 2339 2562 dicendum
2362 2537 2424 2568 est,
2451 2537 2515 2563 tres

1445 2587 1511 2608 esse
1534 2576 1586 2608 hic
1610 2572 1789 2617 opiniones.
1813 2575 1919 2606 Prima
1942 2582 2005 2612 est,
2030 2575 2119 2616 quod
2142 2575 2255 2606 notitia
2275 2584 2358 2616 quae
2380 2585 2515 2606 concur-

1444 2621 1483 2652 rit
1505 2621 1545 2652 ad
1573 2620 1819 2662 productionem
1847 2627 2020 2660 conceptus
2046 2629 2102 2650 seu
2129 2619 2233 2656 verbi,
2258 2626 2295 2650 ut
2325 2619 2428 2650 forma
2450 2628 2516 2661 qua

1443 2675 1538 2706 agens
1561 2665 1634 2706 agit,
1651 2671 1698 2695 est
1721 2671 1808 2695 actus
1831 2665 1999 2701 secundus,
2023 2664 2140 2695 scilicet
2162 2663 2345 2704 intelligere.
2369 2664 2410 2695 Et
2433 2663 2516 2696 hane

1443 2710 1528 2741 viam
1550 2710 1675 2740 videtur
1698 2709 1788 2750 sequi
1812 2709 1969 2740 Henricus
1983 2709 2011 2739 *.
2036 2726 2057 2731 -
2080 2708 2226 2740 Secunda
2249 2715 2305 2746 est,
2331 2709 2422 2750 quod
2444 2707 2515 2740 talis

1443 2754 1555 2786 notitia
1569 2761 1615 2785 est
1629 2753 1716 2784 velut
1731 2760 1818 2784 actus
1834 2753 1956 2794 primus
1972 2759 2106 2784 tantum.
2131 2752 2173 2784 Et
2191 2752 2273 2784 hanc
2288 2752 2374 2784 viam
2391 2753 2516 2785 videtur

1443 2799 1533 2840 sequi
1557 2798 1685 2834 Scotus,
1705 2798 1738 2828 in
1763 2798 1791 2836 1,
1815 2798 1886 2828 dist.
1903 2808 1939 2834 11,
1956 2807 2011 2839 qu.
2028 2808 2081 2828 vn.
2098 2814 2119 2820 —
2134 2797 2243 2829 Tertia
2266 2804 2322 2834 est,
2345 2797 2435 2838 quod
2460 2806 2515 2829 ne-

1443 2843 1576 2874 cessario
1602 2849 1648 2874 est
1676 2842 1788 2873 notitia
1812 2852 1868 2882 per
1891 2843 2028 2873 modum
2056 2848 2144 2872 actus
2166 2841 2272 2882 primi,
2297 2841 2516 2882 contingenter

1442 2895 1549 2919 tamen
1572 2894 1620 2918 est
1643 2887 1838 2928 quandoque
1862 2886 1992 2917 actualis
2017 2885 2199 2917 intellectio.
2229 2885 2271 2916 Et
2292 2885 2369 2916 haec
2392 2892 2441 2916 est
2462 2885 2514 2916 via

1443 2943 1466 2963 s.
1488 2932 1645 2963 Thomae.

1496 2977 1547 3007 Ad
1564 2976 1654 3007 cuius
1671 2974 1871 3011 evidentiam,
1890 2975 1968 3006 scito
1985 2984 2022 3006 ex
2038 2975 2100 3016 Qq.
2115 2974 2156 3005 de
2176 2974 2260 3011 Ver„
2277 2983 2331 3014 qu.
2347 2983 2388 3011 ιν,
2406 2979 2462 3005 art.
2482 2983 2511 3011 2,

1442 3021 1531 3062 quod
1555 3020 1668 3052 notitia
1683 3030 1702 3050 a
1719 3029 1784 3061 qua
1807 3019 1950 3060 procedit
1972 3025 2155 3060 conceptus,
2175 3024 2282 3058 potest
2302 3027 2369 3049 esse
2389 3017 2511 3059 triplex,

1441 3065 1527 3096 iuxta
1550 3064 1706 3105 triplicem
1725 3064 1862 3094 modum
1885 3073 1952 3104 quo
1976 3069 2122 3094 causatur
2136 3062 2170 3093 in
2190 3062 2282 3093 nobis
2307 3062 2436 3094 actualis
2452 3072 2513 3094 no-

1442 3109 1516 3140 titia.
1543 3109 1649 3140 Prima
1679 3115 1725 3139 est
1752 3108 1843 3149 quasi
1867 3107 2050 3144 habitualis,
2074 3107 2154 3138 idest
2177 3116 2233 3147 per
2264 3107 2400 3138 modum
2424 3113 2512 3138 actus

1441 3153 1552 3194 primi:
1576 3152 1611 3184 fit
1636 3153 1722 3183 enim
1738 3152 1910 3193 intelligere
1933 3162 1970 3183 ex
1993 3158 2064 3183 actu
2083 3151 2199 3192 primo.
2216 3151 2361 3182 Secunda
2384 3157 2431 3182 est
2453 3160 2512 3182 no-

1441 3197 1508 3229 titia
1529 3197 1693 3238 complexa
1717 3196 1961 3238 principiorum:
1985 3195 2021 3228 fit
2040 3195 2126 3227 enim
2146 3205 2183 3226 ex
2205 3195 2274 3236 ipsa
2293 3195 2380 3227 scire.
2403 3195 2512 3227 Tertia

1442 3248 1488 3273 est
1519 3241 1653 3282 simplex
1687 3241 1892 3281 intelligentia
1924 3240 2036 3281 prioris
2068 3239 2267 3281 quidditatis:
2292 3239 2328 3271 fit
2358 3239 2444 3270 enim
2474 3249 2512 3271 ex

1441 3286 1510 3327 ipsa
1535 3286 1645 3317 notitia
1669 3285 1861 3326 posterioris.
1879 3285 1919 3316 Et
1939 3284 2094 3326 quoniam
2116 3284 2149 3315 hi
2174 3284 2278 3315 ultimi
2301 3284 2391 3315 modi
2414 3284 2510 3315 talem

1441 3336 1624 3371 conceptum
1658 3329 1844 3370 respiciunt,
1867 3335 1898 3360 et
1926 3338 1991 3360 non
2021 3335 2213 3369 conceptum
2237 3327 2398 3366 absolute,
2426 3327 2509 3364 ideo,

1442 3375 1584 3405 absolute
1608 3375 1772 3415 loquendo
1797 3380 1827 3404 et
1849 3384 1906 3414 per
1928 3383 1970 3410 se,
1987 3380 2160 3413 conceptus
2184 3384 2203 3404 a
2224 3372 2337 3404 notitia
2361 3381 2417 3413 per
2440 3380 2510 3402 mo-

1442 3419 1521 3449 dum
1544 3418 1639 3459 primi
1662 3425 1749 3449 actus
1773 3417 1917 3459 procedit
1938 3424 2072 3448 tantum.
2100 3418 2188 3449 Talis
2207 3424 2314 3448 tamen
2338 3422 2510 3456 conceptus

1442 3469 1547 3503 potest
1570 3463 1697 3493 aliunde
1728 3462 1907 3503 procedere.
1933 3462 2025 3493 Unde
2049 3471 2115 3493 non
2147 3467 2275 3503 oportet
2296 3460 2347 3492 hic
2369 3459 2510 3491 multum

1443 3506 1614 3538 sollicitum
1638 3517 1714 3538 esse.

1500 3551 1569 3582 XX.
1592 3551 1643 3582 Ad
1668 3550 1824 3582 rationem
1848 3556 1954 3581 tamen
1978 3550 2121 3588 Durandi
2145 3549 2316 3581 dicendum
2339 3554 2396 3584 est,
2419 3547 2508 3588 quod

1443 3595 1562 3635 species
1579 3605 1633 3626 seu
1650 3594 1785 3630 habitus,
1803 3600 1834 3625 et
1850 3601 1946 3631 actus,
1972 3594 2139 3635 dupliciter
2162 3593 2338 3634 comparari
2356 3597 2507 3634 possunt:

1444 3649 1510 3670 uno
1535 3639 1643 3676 modo,
1668 3639 1774 3679 quoad
1798 3639 1925 3670 modum
1950 3639 2075 3670 essendi
2079 3649 2094 3678 ;
2118 3645 2149 3670 et
2171 3638 2234 3669 alio
2257 3637 2373 3673 modo,
2403 3635 2510 3676 quoad

2550 982 2559 990 “
2573 980 2610 1003 Cf.
2624 986 2690 1005 num.
2699 987 2744 1005 xn-

2547 1378 2557 1390 ’
2568 1378 2617 1406 Qu.
2626 1384 2707 1406 xxxxv,
2716 1382 2760 1401 art.

2545 1410 2562 1432 1,
2578 1404 2607 1427 nd
2622 1411 2642 1434 3.

2543 1557 2626 1582 ’ἰδίει
2639 1562 2711 1582 emt.

2543 1691 2728 1719 ‘Amnadz

2542 2089 2647 2118 Ἴου..
2667 2095 2757 2118 ειμι,

2543 2121 2592 2138 mi.

2543 2222 2553 2232 ·
2561 2220 2633 2244 Num.
2642 2226 2691 2250 xvi,
2698 2227 2756 2245 xvn.

2545 2541 2555 2550 '
2566 2539 2604 2562 ef.
2617 2545 2683 2563 uum.
2693 2547 2717 2563 x.

2543 2713 2553 2724 ·
2559 2711 2688 2741 Quodam,
2694 2719 2734 2742 qu.
2739 2718 2756 2736 ¹.
