2768 4178
57 1166 66 1175 ·
80 1165 145 1186 Loco
160 1164 199 1186 cit.

296 222 374 270 476

297 301 385 337 tatio
406 298 600 336 Trinitatis
624 309 694 346 per
712 296 875 333 modum
894 295 1052 343 vestigii,
1077 295 1304 343 inquantum
1325 293 1365 331 in

298 353 464 403 qualibet
491 359 662 389 creatura
680 349 925 387 inveniuntur
945 349 1070 396 aliqua
1089 359 1188 396 quae
1208 359 1364 384 necesse

299 414 353 443 est
381 406 561 443 reducere
581 404 620 441 in
640 403 786 441 divinas
814 404 1003 439 Personas
1023 401 1118 438 sicut
1136 401 1175 437 in
1195 412 1363 437 causam.

299 459 501 506 Quaelibet
520 457 622 494 enim
644 464 815 494 creatura
843 455 1008 493 subsistit
1035 454 1075 491 in
1103 466 1173 491 suo
1204 465 1298 500 esse,
1330 460 1366 489 et

297 513 412 549 habet
426 512 590 548 formam
606 522 674 559 per
689 522 806 559 quam
822 508 1095 546 determinatur
1113 508 1163 544 ad
1183 506 1364 555 speciem,

299 573 335 602 et
370 565 486 602 habet
519 563 694 601 ordinem
727 563 775 600 ad
809 561 950 611 aliquid
987 561 1100 598 aliud.
1141 559 1364 597 Secundum

297 619 407 667 igitur
425 617 532 666 quod
551 625 606 654 est
625 616 815 666 quaedam
836 614 1044 652 substantia
1063 621 1200 660 creata,
1216 625 1366 662 reprae-

297 678 418 709 sentat
447 682 601 708 causam
622 678 658 707 et
676 669 903 718 principium
925 668 954 704 ξε
985 675 1022 704 et
1049 667 1102 713 sic
1130 667 1366 704 demonstrat

296 726 508 761 Personam
528 723 659 771 Patris,
682 723 747 772 qui
767 730 823 759 est
845 721 1074 771 principium
1093 732 1172 757 non
1197 720 1245 756 de
1264 719 1366 768 prin-

298 778 408 827 cipio.
431 776 654 814 Secundum
674 784 803 813 autem
819 775 924 824 quod
938 774 1054 811 habet
1073 774 1270 821 quandam
1290 772 1366 809 for-

296 843 402 868 mam
418 838 455 868 et
473 830 653 879 speciem,
671 836 928 878 repraesentat
940 828 1129 874 Verbum3
1151 825 1365 863 secundum

296 884 403 934 quod
423 884 547 922 forma
566 882 750 920 artificiati
771 889 825 919 est
854 894 900 918 ex
928 880 1180 929 conceptione
1200 878 1364 916 artificis.

297 937 520 975 Secundum
554 943 683 973 autem
712 935 818 984 quod
845 935 962 972 habet
990 934 1184 980 ordinem,
1214 944 1365 981 reprae-

296 998 417 1028 sentat
446 989 627 1039 Spiritum
657 990 852 1035 Sanctum,
882 988 1111 1036 inquantum
1141 994 1196 1023 est
1222 987 1364 1023 Amor:

296 1044 384 1092 quia
414 1043 509 1080 ordo
540 1042 696 1079 effectus
717 1042 766 1079 ad
786 1041 926 1091 aliquid
955 1041 1116 1078 alterum
1147 1048 1203 1077 est
1231 1051 1276 1076 ex
1294 1051 1365 1077 vo-

295 1098 437 1134 luntate
467 1096 638 1133 creantis.

348 1151 396 1187 Et
425 1150 512 1187 ideo
543 1149 630 1186 dicit
658 1147 905 1196 Augustinus,
926 1147 965 1184 in
983 1147 1035 1184 VI
1055 1147 1119 1184 lib.
1140 1147 1186 1183 de
1212 1148 1249 1183 T
1244 1146 1316 1183 rin.
1332 1146 1363 1194 ³¹⁶,

295 1205 398 1253 quod
425 1202 627 1251 vestigium
647 1201 841 1239 Trinitatis
865 1200 1057 1239 invenitur
1075 1200 1113 1237 in
1132 1212 1366 1249 unaquaque

295 1264 486 1304 creatura,
517 1257 731 1293 secundum
766 1255 871 1304 quod
905 1266 1023 1292 unum
1057 1253 1201 1302 aliquid
1227 1259 1299 1300 est,
1331 1261 1366 1290 et

294 1310 509 1347 secundum
529 1309 635 1358 quod
654 1309 782 1357 aliqua
803 1308 925 1357 specie
940 1309 1154 1356 formatur,
1175 1314 1212 1344 et
1231 1319 1365 1344 secun-

295 1364 388 1401 dum
408 1363 513 1413 quod
541 1362 728 1412 quendam
757 1362 927 1399 ordinem
952 1366 1058 1398 tenet.
1080 1381 1104 1388 -
1126 1361 1176 1397 Et
1199 1360 1249 1397 ad
1267 1361 1364 1397 haec

295 1417 408 1454 etiam
442 1416 674 1454 reducuntur
709 1415 772 1452 illa
805 1415 895 1462 tria,
925 1426 1126 1460 numerus,
1150 1414 1301 1462 pondus
1329 1420 1365 1451 et

346 1532 371 1564 ζ)
391 1535 417 1557 et
430 1531 604 1564 principium.
622 1545 641 1549 -
660 1534 690 1556 ut
704 1529 868 1562 principium
887 1529 943 1554 eius
962 1529 993 1554 B.

346 1568 372 1600 η)
387 1567 559 1600 quod.-quid
568 1566 658 1591 ABCE
668 1565 709 1591 hic
724 1570 749 1590 et
759 1573 819 1590 mox
833 1570 946 1597 utroque
959 1563 1139 1589 leem-Omne
1148 1563 1220 1596 quod
1231 1567 1278 1592 est,
1289 1563 1365 1588 aliud

294 1607 333 1629 est
351 1611 402 1637 quo
416 1606 529 1633 constat,
544 1602 621 1627 aliud
634 1609 686 1635 quo
700 1601 874 1629 discernitur,
887 1600 963 1625 aliud
976 1607 1029 1634 quo
1043 1600 1178 1633 congruit.
1193 1599 1363 1632 Augustinus.

966 215 1232 263 QUAESTIO
1262 215 1379 262 XLV,
1409 215 1708 252 ARTICULUS
1737 214 1823 251 VIII

1419 305 1609 339 mensura,
1632 305 1730 342 quae
1749 300 1945 342 ponuntur
1963 294 2052 342 Sap.
2072 305 2108 329 XI
2127 292 2163 330 ³⁸²:
2193 305 2285 330 nam
2313 305 2492 331 mensura

1420 347 1579 387 refertur
1598 346 1648 383 ad
1667 346 1916 383 substantiam
1946 346 1999 383 rei
2028 346 2226 383 limitatam
2256 345 2332 383 suis
2354 346 2493 394 princi-

1419 400 1502 448 piis,
1533 411 1713 437 numerus
1741 399 1790 436 ad
1819 399 1997 448 speciem,
2012 399 2164 447 pondus
2188 398 2238 436 ad
2257 398 2445 436 ordinem.
2467 420 2491 428 -

1421 453 1471 490 Et
1498 453 1548 490 ad
1575 453 1671 489 haec
1701 452 1815 490 etiam
1835 452 2069 490 reducuntur
2087 452 2160 489 alia
2178 452 2247 489 tria
2268 464 2366 501 quae
2385 452 2494 501 ponit

1421 505 1654 554 Augustinus
1668 505 1699 554 ³⁸,
1721 506 1866 552 modus,
1886 506 2025 554 species
2045 512 2081 542 et
2100 505 2205 542 ordo.
2222 526 2246 533 -
2263 506 2312 542 Et
2332 518 2378 543 ea
2393 518 2492 555 quae

1420 559 1528 607 ponit
1555 559 1595 596 in
1622 559 1717 596 libro
1752 559 1950 609 Octoginta
1978 559 2092 596 trium
2124 558 2274 601 Quaest.
2294 557 2330 606 ²¹⁶,
2360 559 2463 607 quod
2478 564 2493 583 '¹

1421 618 1575 659 constat,
1601 613 1703 661 quod
1728 613 1962 659 discernitur,
1991 613 2093 661 quod
2118 612 2317 662 congruit:
2347 619 2494 649 constat

1422 665 1524 702 enim
1554 665 1696 713 aliquid
1723 678 1794 714 per
1821 678 1931 703 suam
1968 665 2239 713 substantiam,
2270 664 2494 702 discernitur

1419 730 1490 767 per
1509 718 1686 765 formam,
1713 718 1886 766 congruit
1911 731 1981 768 per
2009 718 2197 756 ordinem.
2218 739 2242 746 -
2264 719 2313 755 Et
2331 718 2493 756 in'idem

1422 771 1469 808 de
1485 771 1583 808 facili
1598 770 1729 808 reduci
1743 778 1905 819 possunt
1919 784 2188 821 quaecumque
2208 771 2262 809 sic
2277 771 2453 809 dicuntur
2466 769 2490 809 ⁰.

1474 826 1534 861 AD
1562 836 1700 861 PRthJM
1729 835 1828 861 ERGO
1857 837 2042 862 DJCENDUM
2062 825 2166 874 quod
2195 824 2492 874 repraesentatio

1420 877 1566 925 vestigii
1608 877 1813 915 attenditur
1854 878 2069 915 secundum
2111 878 2380 927 appropriata:
2425 889 2494 927 per

1420 943 1537 980 quem
1565 930 1728 968 modum
1754 942 1799 967 ex
1829 931 2008 968 creaturis
2027 930 2067 968 in
2095 931 2323 969 Trinitatem
2347 931 2492 969 divina-

1421 996 1506 1021 rum
1526 991 1535 1004 ‘
1562 985 1822 1021 Personarum
1850 983 1973 1021 veniri
2001 991 2139 1033 potest,
2159 992 2202 1021 ut
2221 984 2366 1022 dictum
2386 992 2442 1023 est
2459 984 2491 1022 ³¹⁶.

1474 1039 1534 1074 AD
1562 1049 1754 1074 SECUNDUM
1782 1049 1967 1074 Diei-:Noun
1995 1037 2101 1086 quod
2141 1045 2312 1074 creatura
2349 1045 2405 1074 est
2433 1050 2493 1075 res

1419 1090 1573 1140 proprie
1603 1090 1830 1138 subsistens,
1859 1090 1900 1127 in
1927 1103 2006 1139 qua
2035 1098 2091 1127 est
2117 1090 2311 1140 praedicta
2338 1091 2410 1128 tria
2438 1091 2493 1128 in-

1421 1145 1564 1182 venire.
1603 1145 1742 1192 Neque
1772 1151 1924 1193 oportet
1957 1143 2063 1193 quod
2090 1143 2130 1181 in
2158 1144 2329 1192 quolibet
2357 1156 2492 1182 eorum

1421 1210 1518 1247 quae
1548 1197 1582 1235 ei
1610 1197 1749 1246 insunt,
1769 1198 1865 1234 haec
1884 1198 1954 1234 tria
1978 1197 2241 1235 inveniantur:
2271 1197 2340 1235 sed
2359 1210 2493 1235 secun-

1421 1252 1515 1289 dum
1545 1264 1590 1288 ea
1617 1250 1820 1299 vestigium
1850 1251 1903 1287 rei
1932 1251 2148 1288 subsistenti
2176 1250 2397 1288 attribuitur.

1473 1307 1533 1342 An
1561 1316 1723 1342 TERTIUM
1750 1316 1936 1342 DICENDUM
1956 1304 2063 1354 quod
2092 1303 2206 1341 etiam
2225 1304 2493 1354 processiones

1419 1361 1679 1396 Personarum
1700 1365 1788 1395 sunt
1807 1370 1923 1395 causa
1937 1364 1950 1379 ¹
1971 1365 2007 1394 et
2026 1357 2121 1395 ratio
2143 1357 2344 1395 creationis
2363 1357 2493 1407 aliquo

1419 1412 1551 1459 modo,
1580 1419 1623 1449 ut
1652 1411 1796 1448 dictum
1826 1419 1881 1448 est
1897 1411 1929 1449 ²¹³.

1472 1525 1497 1560 Θ)
1517 1527 1652 1552 dicuntur.
1670 1540 1689 1546 -
1706 1526 1912 1560 distinguuntur
1929 1527 1959 1551 Β.

1474 1563 1491 1596 ι)
1512 1562 1676 1588 divinarum.
1694 1576 1713 1581 —
1731 1562 1793 1587 Om.
1813 1561 1931 1595 CDEpA.

1472 1598 1498 1631 κ)
1517 1605 1608 1624 causa.
1626 1612 1645 1617 —
1662 1604 1745 1623 causa
1764 1604 1854 1623 rerum
1874 1597 1903 1622 B.

978 1687 1310 1721 Commentariis.
1334 1685 1586 1719 Cardinalis
1609 1685 1810 1719 Caietam

324 1801 344 1821 N
367 1788 476 1825 titulo,
502 1789 669 1829 vestigium
698 1785 914 1827 metaphorice
938 1785 1075 1816 sumitur
1102 1795 1161 1825 pro
1184 1794 1365 1825 repraesen-

297 1803 440 1870 Itativo,
475 1842 530 1873 per
553 1833 691 1863 modum
713 1841 780 1872 quo
802 1829 972 1870 vestigium
999 1835 1211 1870 repraesentat
1233 1828 1364 1868 impres-

293 1885 398 1910 sorem
419 1877 496 1908 eius.
522 1877 562 1907 Et
579 1883 746 1916 sumptum
761 1881 807 1905 est
823 1885 860 1905 ex
882 1885 916 1904 111
935 1874 1135 1905 distinctione
1151 1873 1248 1903 Primi
1263 1872 1364 1911 Sem„

294 1923 348 1954 ubi
372 1933 390 1953 a
412 1921 570 1961 theologis
594 1921 656 1951 hoc
678 1926 839 1951 tractatur.

351 1967 386 1998 In
411 1975 544 2006 corpore
573 1965 649 1996 tria:
674 1964 796 2005 primo,
821 1963 899 2004 quid
922 1963 1059 1994 nominis
1081 1961 1204 2002 vestigii
1232 1968 1263 1992 et
1285 1961 1365 1992 ima-

292 2012 388 2052 ginis;
419 2010 576 2047 secundo,
602 2008 844 2040 conclusionem
871 2007 1091 2048 responsivam
1121 2006 1230 2048 quoad
1253 2005 1365 2046 imagi-

293 2065 385 2092 nem3
411 2055 516 2091 tertio,
542 2054 651 2095 quoad
673 2053 852 2093 vestigium.

350 2100 387 2131 II.
413 2099 531 2137 Quoad
547 2099 705 2139 primum,
727 2106 900 2128 commune
915 2103 962 2127 est
974 2095 1108 2136 vestigio
1125 2102 1156 2126 et
1169 2094 1300 2136 imagini
1317 2104 1366 2125 re-

293 2150 505 2185 praesentare:
530 2143 606 2184 quia
622 2142 727 2173 omnis
746 2141 874 2172 effectus
890 2147 1102 2182 repraesentat
1117 2150 1209 2170 suam
1225 2149 1363 2170 causam.

292 2189 474 2220 Differentia
488 2194 535 2219 est
557 2187 638 2218 inter
661 2196 706 2223 ea,
731 2185 807 2226 quia
829 2185 999 2225 vestigium
1022 2191 1234 2225 repraesentat
1257 2193 1365 2215 causa-

292 2234 423 2269 litatem,
436 2233 543 2272 imago
560 2231 698 2262 formam
710 2230 818 2261 eius.-
829 2230 1028 2260 Declaratur:
1049 2229 1205 2270 quoniam
1220 2227 1268 2258 his
1285 2228 1365 2258 duo—

293 2279 353 2308 bus
376 2277 482 2307 modis
505 2275 710 2306 inveniuntur
733 2274 860 2305 effectus
876 2280 1107 2314 repraesentare
1132 2282 1270 2309 causam,
1287 2278 1318 2303 et
1331 2271 1365 2302 hi

294 2328 475 2362 congruunt
496 2319 618 2360 vestigii
642 2325 673 2350 et
695 2318 841 2359 imaginis
865 2318 1051 2349 rationibus.

350 2366 487 2396 Adverte
510 2364 561 2395 hic
584 2363 683 2404 quod,
708 2363 784 2404 quia
807 2363 977 2404 vestigium
1001 2361 1216 2402 metaphorice
1240 2367 1366 2392 tantum

294 2410 430 2441 sumitur
452 2409 485 2440 in
509 2408 691 2449 proposito,
716 2413 747 2438 et
769 2406 930 2438 translatio
954 2405 1171 2446 metaphorica
1194 2411 1301 2445 potest
1319 2414 1365 2435 se-

294 2455 436 2485 cundum
452 2453 568 2484 multas
585 2451 783 2484 conditiones
799 2450 880 2487 fieri;
906 2450 978 2481 ideo
995 2460 1062 2481 non
1077 2449 1261 2481 inconvenit
1276 2449 1366 2490 quod

293 2499 462 2539 vestigium
491 2497 612 2529 dicatur
639 2503 676 2527 ut
698 2495 999 2536 repraesentativum
1026 2494 1216 2526 causalitatis
1245 2500 1276 2525 et
1298 2503 1365 2524 non

294 2543 431 2580 formae;
455 2542 506 2574 vel
529 2548 565 2573 ut
589 2540 891 2582 repraesentativum
914 2539 1011 2580 partis
1035 2545 1065 2570 et
1089 2549 1155 2569 non
1179 2538 1291 2575 totius3
1315 2537 1366 2568 vel

294 2586 594 2629 repraesentativum
617 2584 850 2626 imperfectum,
874 2584 955 2615 idest
978 2583 1156 2614 secundum
1180 2582 1366 2614 communia

294 2632 444 2663 omnibus
469 2630 632 2667 creaturis,
658 2636 688 2660 et
711 2639 777 2660 non
802 2628 930 2669 propria
953 2627 1177 2664 rationalibus,
1203 2634 1260 2658 etc.
1285 2626 1363 2658 Uni-

294 2677 409 2718 cuique
425 2685 564 2717 namque
576 2675 609 2706 in
621 2674 683 2705 hoc
698 2684 758 2705 suo
775 2673 935 2704 abundare
948 2682 1042 2704 sensu
1058 2671 1251 2709 conceditur,
1264 2671 1364 2702 modo

294 2731 312 2751 a
334 2731 410 2752 vero
434 2730 500 2751 non
524 2719 707 2751 declinetur.

1479 1783 1530 1815 111.
1556 1782 1674 1821 Quoad
1689 1782 1878 1821 secundum,
1900 1782 2063 1814 conclusio
2088 1788 2150 1814 est:
2176 1781 2212 1812 In
2236 1781 2384 1813 creaturis
2401 1782 2494 1815 ratio-

1420 1827 1545 1859 nalibus
1568 1834 1615 1858 est
1633 1827 1741 1868 imago
1760 1826 1935 1858 Trinitatis.
1952 1845 1973 1850 —
1990 1827 2155 1858 Probatur.
2179 1826 2401 1858 Processiones
2417 1827 2495 1858 divi-

1420 1882 1479 1903 nae
1503 1878 1578 1903 sunt
1600 1871 1696 1903 Verbi
1720 1878 1751 1902 et
1773 1871 1903 1902 Amoris
1926 1870 2164 1902 intellectualis:
2190 1881 2265 1911 ergo
2288 1871 2322 1902 in
2347 1871 2495 1903 creaturis

1420 1916 1627 1948 rationalibus
1651 1923 1698 1947 est
1720 1915 1828 1955 imago
1852 1925 1972 1946 earum.
1996 1916 2168 1947 Probatur:
2197 1915 2274 1956 quia
2296 1915 2330 1946 in
2353 1915 2397 1946 eis
2421 1922 2496 1948 sunt

1419 1962 1554 1992 verbum
1578 1967 1609 1992 et
1631 1970 1731 1991 amor.
1748 1978 1770 1984 -
1786 1960 1848 1991 Sed
1876 1959 2032 2001 quoniam
2061 1960 2100 1991 de
2123 1969 2156 1990 re
2179 1959 2238 1990 hac
2262 1959 2320 1991 erit
2348 1960 2494 2001 quaestio

1420 2005 1628 2046 nonagesima
1650 2004 1750 2041 tertia,
1775 2004 1847 2035 ideo
1871 2011 2078 2035 transeamus.

1478 2050 1531 2082 IV.
1557 2049 1675 2088 Quoad
1691 2050 1834 2086 tertium,
1855 2049 2020 2080 conclusio
2040 2055 2100 2080 est:
2126 2048 2162 2079 In
2177 2048 2326 2080 creaturis
2342 2048 2494 2080 omnibus

1419 2094 1579 2126 invenitur
1596 2093 1766 2134 vestigium
1782 2093 1956 2124 Trinitatis.
1974 2111 1994 2116 -
2011 2093 2176 2124 Probatur.
2202 2093 2238 2124 In
2254 2093 2395 2134 qualibet
2411 2103 2494 2125 crea-

1420 2146 1491 2170 tura
1518 2138 1724 2170 inveniuntur
1747 2138 1854 2179 aliqua
1884 2148 1966 2179 quae
1994 2144 2121 2178 oportet
2144 2137 2292 2168 reducere
2315 2138 2349 2169 in
2372 2137 2494 2169 divinas

1419 2184 1574 2215 Personas
1598 2183 1679 2214 sicut
1701 2182 1734 2213 in
1759 2191 1905 2213 causam:
1931 2192 2006 2222 ergo
2030 2182 2063 2212 in
2087 2182 2229 2223 qualibet
2256 2188 2303 2213 est
2324 2182 2495 2223 vestigium

1420 2227 1594 2259 Trinitatis,
1607 2245 1627 2250 -
1642 2227 1841 2258 Antecedens
1860 2226 2080 2257 manifestatur
2098 2227 2276 2257 secundum
2292 2232 2432 2267 quatuor
2447 2237 2494 2258 as-

1421 2271 1614 2312 signationes
1629 2271 1816 2311 triplicitatis
1828 2270 1974 2302 inventae
1989 2270 2023 2301 in
2039 2270 2179 2312 qualibet
2194 2277 2348 2302 creatura:
2366 2278 2397 2303 et
2413 2270 2495 2303 clare

1420 2323 1506 2357 patet
1528 2315 1640 2347 littera.

1456 2386 1459 2388 .
1478 2361 1616 2391 Adverte
1631 2359 1664 2390 in
1681 2359 1884 2391 antecedente
1907 2359 1984 2390 duo.
2008 2358 2127 2396 Primo,
2152 2359 2242 2400 quod
2256 2359 2289 2400 ly
2304 2360 2338 2390 in
2353 2359 2495 2401 qualibet

2522 305 2531 313 ·’
2547 303 2615 325 Vers.
2630 309 2661 326 21.

2520 512 2531 523 ⁴
2545 512 2582 534 De
2595 511 2651 534 Nat.
2663 512 2733 540 Boni,

2520 544 2676 593 Saffuiuivm.

2619 602 2634 625 η

2625 989 2633 1005 ῑ

2522 1015 2531 1024 ·
2550 1014 2576 1036 Iu
2599 1019 2706 1042 corpore.
2722 1025 2734 1030 -

2521 1040 2556 1064 ef.
2563 1046 2682 1090 qni-xxxix,
2691 1043 2734 1063 art.

2521 1073 2538 1096 1,
2553 1073 2566 1089 ι
2597 1073 2614 1090 ι.

2522 1416 2532 1426 '
2546 1415 2599 1438 Ast.
2614 1415 2723 1444 praeced.

1420 2410 1573 2436 creatura
1591 2403 1750 2435 distribuit
1772 2403 1867 2435 etiam
1890 2413 1950 2444 pro
1974 2403 2190 2434 rationalibus.
2216 2403 2382 2441 Quoniam
2395 2404 2430 2435 in
2443 2403 2494 2436 his
2546 2415 2549 2418 ·

1419 2449 1514 2480 habet
1532 2449 1643 2480 locum
1657 2448 1775 2488 imago,
1792 2455 1829 2479 ut
1843 2447 1924 2479 infra
1939 2447 1957 2467 *
1980 2447 2109 2488 patebit,
2126 2447 2306 2478 secundum
2320 2447 2493 2486 rationum

1419 2500 1451 2524 et
1461 2493 1642 2534 vestigium,
1658 2492 1836 2524 secundum
1853 2491 2109 2533 proportionales
2123 2491 2323 2524 conditiones
2339 2501 2450 2524 earum
2464 2499 2495 2524 et

1420 2545 1595 2569 ceterarum
1620 2543 1844 2574 creaturarum,
1865 2543 1943 2578 puta
1958 2536 2057 2573 modi,
2071 2536 2187 2577 speciei
2203 2543 2234 2568 et
2249 2536 2380 2574 ordinis,
2397 2543 2455 2568 etc.
2472 2555 2494 2561 -

1420 2582 1568 2613 Secundo
1592 2570 1698 2623 quod,
1725 2591 1799 2612 cum
1823 2581 1938 2612 dicitur
1956 2581 2045 2623 quod
2070 2587 2197 2622 oportet
2219 2581 2369 2612 reducere
2391 2580 2425 2612 in
2448 2581 2494 2614 di·

1419 2626 1508 2657 vinas
1524 2627 1678 2657 Personas
1694 2633 1729 2657 ut
1746 2636 1884 2662 causam,
1902 2625 2087 2666 intelligitur
2109 2625 2210 2656 modo
2229 2625 2294 2656 iam
2310 2625 2328 2645 *
2346 2625 2495 2658 determi-
2521 2634 2531 2644 ·

1419 2677 1505 2708 nato,
1531 2671 1648 2702 scilicet
1666 2670 1699 2700 in
1723 2670 1844 2701 divinas
1867 2670 2022 2701 Personas
2050 2671 2176 2701 ratione
2197 2671 2495 2713 appropriatur-um,

1419 2715 1542 2746 ratione
1564 2724 1706 2757 quorum
1729 2721 1804 2746 sunt
1827 2724 1940 2746 causae
1964 2721 2189 2746 creaturarum.

1078 2878 1396 2923 ARTICULUS
1426 2878 1702 2922 OCTAVUS

650 2975 807 3007 UTRUM
831 2973 1025 3006 CREATIO
1049 2972 1363 3005 ADMISCEATUR
1386 2972 1430 3004 IN
1453 2944 1664 3004 opemaus
1687 2972 1897 3004 NATURAE
1922 2972 1980 3003 ET
2003 2958 2131 3003 ART1s

615 3055 635 3079 11
655 3055 738 3084 Sent„
759 3053 817 3079 dist.
835 3061 859 3084 1,
879 3061 923 3086 qu.
942 3060 959 3084 1,
980 3057 1027 3079 an.
1048 3051 1076 3083 3,
1095 3053 1128 3078 ad
1148 3051 1176 3083 55
1196 3057 1243 3078 art.
1261 3060 1287 3085 4,
1309 3052 1341 3077 ad
1360 3059 1390 3084 43
1410 3051 1453 3077 De
1470 3051 1539 3082 Pol„
1560 3059 1604 3085 qu.
1623 3058 1664 3081 m,
1685 3056 1731 3076 art.
1751 3050 1781 3082 85
1800 3050 1845 3076 VII
1865 3050 2028 3085 Metaphys„
2049 3051 2107 3076 lect.
2126 3057 2171 3075 vn.

336 3159 391 3200 ,³31
418 3164 486 3204 „ng
508 3157 531 3182 D
551 3156 724 3182 ocTAthM
744 3155 797 3180 sm
817 3154 1057 3180 PROCEDITUR.
1077 3141 1240 3179 Videtur
1258 3141 1364 3190 quod
1418 3141 1468 3178 Et
1495 3140 1549 3178 sic
1577 3140 1616 3178 in
1645 3140 1814 3191 qualibet
1833 3140 2055 3190 operatione
2084 3147 2242 3178 naturae
2263 3146 2300 3177 et
2328 3138 2417 3176 artis
2437 3145 2494 3177 est

510 3198 649 3235 creatio
674 3196 930 3235 admisceatur
949 3196 987 3233 in
1007 3195 1186 3245 operibus
1206 3202 1364 3232 naturae

425 3269 430 3271 <
459 3253 481 3290 (ι
511 3258 547 3288 et
588 3250 687 3288 artis.
723 3252 767 3288 In
804 3249 972 3300 qualibet
1008 3249 1110 3286 enim
1140 3248 1363 3299 operatione

469 3294 667 3342 naturae
687 3311 724 3341 et
743 3303 831 3341 artis
845 3302 1068 3352 producitur
1082 3301 1209 3351 aliqua
1229 3302 1362 3339 forma.

299 3358 376 3395 Sed
404 3370 482 3395 non
508 3357 731 3407 producitur
760 3369 805 3394 ex
834 3356 974 3405 aliquo,
1001 3368 1089 3393 cum
1119 3368 1198 3393 non
1225 3355 1367 3393 habeat

298 3411 498 3448 materiam
513 3419 660 3460 partem
681 3410 740 3448 sui
754 3416 782 3448 α.
804 3411 907 3458 Ergo
927 3409 1149 3459 producitur
1169 3421 1215 3447 ex
1234 3408 1363 3446 nihilo.

351 3549 378 3581 α)
399 3549 539 3574 materiam
554 3553 661 3582 partem
680 3550 731 3575 sui.
747 3564 767 3570 —
781 3553 888 3582 partem
908 3550 950 3575 sui
970 3550 1052 3582 ἱρείης
1071 3550 1103 3581 F,
1120 3553 1227 3582 partem
1246 3549 1289 3575 sm·
1307 3556 1364 3574 ma-

271 3582 275 3586 ”
297 3585 392 3610 teriam
412 3585 453 3610 ed.
471 3592 497 3610 α.

1420 3194 1572 3231 creatio.

1475 3259 1510 3285 2.
1526 3248 1761 3295 PRAETEREA,
1774 3246 1932 3285 effectus
1947 3259 2027 3284 non
2042 3253 2098 3284 est
2111 3246 2239 3296 potior
2253 3258 2322 3284 sua
2337 3243 2491 3284 causass.

1421 3301 1497 3338 Sed
1526 3300 1566 3338 in
1594 3300 1709 3338 rebus
1743 3300 1977 3338 naturalibus
2011 3312 2090 3338 non
2125 3299 2320 3338 invenitur
2351 3298 2493 3349 aliquid

1421 3366 1537 3402 agens
1553 3353 1625 3391 nisi
1639 3354 1763 3391 forma
1778 3353 2030 3397 accidentalis,
2042 3365 2141 3403 quae
2158 3361 2214 3391 est
2229 3353 2354 3391 forma
2368 3352 2492 3390 activa

1419 3408 1483 3446 vel
1511 3407 1677 3456 passiva.
1708 3407 1801 3444 Non
1829 3419 1919 3456 ergo
1947 3419 2018 3456 per
2046 3406 2311 3456 operationem
2334 3413 2491 3444 naturae

1473 3546 1498 3580 β)
1515 3547 1607 3579 potior
1628 3554 1679 3572 sua
1703 3553 1794 3572 causa.
1812 3559 1831 3565 -
1844 3546 1938 3578 potior
1954 3538 2036 3579 §uam
2061 3553 2111 3572 sua
2135 3553 2218 3572 causa
2237 3547 2270 3576 Β,
2285 3545 2424 3579 potentior
2441 3551 2490 3571 sua

1418 3589 1500 3609 causa
1520 3583 1560 3608 ed.
1579 3588 1604 3612 a,
1620 3582 1701 3615 prior
1718 3589 1769 3607 sua
1786 3588 1869 3608 causa
1887 3581 1932 3607 Pb.

2524 2456 2533 2466 ·
2540 2455 2588 2484 Qu.
2593 2461 2660 2483 πω,
2666 2455 2734 2478 art.6.

2522 2633 2722 2683 affiefflffia
