2768 4178
0 1156 218 1191 flammea.

17 2277 30 2288 ⁶
35 2274 166 2301 &Th-bct·
171 2281 234 2299 xm.

915 245 1182 291 QUAESTIO
1211 246 1381 294 XLVIII,
1411 247 1705 284 ARTICULUS
1733 248 1784 284 VI

2363 260 2441 296 497

1077 415 1393 457 ARTICULUS
1423 417 1629 459 SEXTUS

651 507 808 538 UTRUM
832 507 1010 538 HABEAT
1033 508 1139 538 PLus
1162 508 1219 538 DE
1244 509 1437 540 RATIONE
1461 511 1565 540 MALI
1589 511 1733 542 POENA
1757 512 1882 550 QUAM
1907 512 2048 543 CULPA

707 585 738 609 ΙΙ·
759 585 810 615 ΙΙ“·,
831 593 875 617 qu.
895 593 944 614 xix.
964 590 1010 610 art.
1029 593 1056 616 1;
1077 586 1097 610 11
1117 586 1201 615 Seni„
1222 586 1281 611 dist.
1300 595 1391 618 xxxvn,
1412 596 1455 619 qu.
1474 596 1511 617 111,
1531 594 1578 614 art.
1598 597 1627 620 2;
1647 590 1688 614 De
1706 590 1789 621 Malo,
1809 598 1853 623 qu.
1872 598 1889 622 1,
1909 596 1954 615 art.
1976 590 2000 615 5.

380 716 389 725 ,Ἰ
413 705 420 711 ,
474 687 497 712 D
522 686 663 711 SEXTUM
692 686 745 710 sm
774 685 1013 710 PROCEDITUR.
1043 673 1203 710 Videtur
1222 674 1327 722 quod

388 731 389 734 ’
409 766 414 774 -.
442 746 452 776 .'
473 728 612 764 habeat
626 728 712 776 plus
733 727 780 764 de
796 727 942 763 ratione
958 727 1047 763 mali
1062 739 1190 776 poena
1211 739 1326 775 quam

448 780 596 830 culpa.
618 781 742 829 Culpa
762 780 864 817 enim
884 792 923 817 se
944 781 1059 817 habet
1078 781 1127 817 ad
1146 792 1326 829 poenam,

308 858 317 872 .=
432 827 515 872 &ut
542 834 719 870 meritum
757 833 807 870 ad
841 834 1070 882 praemium.
1111 834 1186 870 Sed
1219 845 1328 882 prae-

259 887 383 925 mium
403 887 519 924 habet
536 888 623 936 plus
653 887 700 924 de
720 887 865 924 ratione
885 886 978 923 boni
997 891 1114 935 quarn
1135 886 1326 932 meritum,

260 949 349 978 cum
370 940 415 978 sit
434 940 522 977 finis
542 940 634 977 eius.
665 941 767 988 Ergo
795 952 924 989 poena
950 940 1037 989 plus
1063 940 1180 976 habet
1204 940 1251 976 de
1272 951 1329 975 ra-

259 994 363 1031 tione
393 994 483 1030 mali
512 1006 630 1042 quam
660 994 782 1042 culpa.

315 1059 349 1084 2.
380 1048 623 1094 PRAETEREA,
660 1047 751 1084 illud
781 1053 836 1082 est
864 1045 988 1082 maius
1020 1046 1189 1092 malum,
1224 1045 1329 1094 quod

260 1100 468 1150 opponitur
496 1100 769 1137 maiori'bono.
801 1099 878 1136 Sed
897 1111 1040 1147 poena,
1071 1098 1166 1135 sicut
1186 1098 1329 1135 dictum

261 1161 317 1191 est
334 1153 366 1201 ²¹²,
388 1154 595 1203 opponitur
623 1154 728 1190 bono
749 1152 911 1200 agentis:
942 1153 1054 1200 culpa
1074 1159 1202 1188 autem
1224 1152 1328 1188 bono

260 1207 431 1245 actionis.
462 1207 563 1244 Cum
593 1218 683 1254 ergo
713 1206 849 1243 melius
869 1205 915 1242 sit
933 1217 1049 1252 agens
1078 1217 1196 1253 quam
1217 1204 1328 1252 actio,

260 1260 414 1300 videtur
431 1259 539 1308 quod
557 1259 667 1309 peius
687 1259 733 1296 sit
750 1271 878 1307 poena
897 1270 1015 1306 quam
1036 1259 1158 1307 culpa.

316 1314 351 1351 3.
372 1315 606 1360 ΡΜΕΤΕΚΕΑ,
623 1312 705 1362 ipsa
718 1311 880 1361 privatio
896 1311 984 1348 finis
998 1323 1126 1360 poena
1141 1311 1330 1359 quaedam

260 1373 332 1414 est,
353 1379 451 1416 quae
472 1366 607 1404 dicitur
627 1365 791 1403 carentia
810 1363 968 1402 visionis
989 1364 1150 1401 divinae.
1181 1365 1329 1400 Malum

260 1427 389 1458 autem
419 1420 552 1468 culpae
582 1426 637 1456 est
663 1431 733 1468 per
760 1417 1016 1467 privationem
1046 1417 1188 1454 ordinis
1210 1418 1258 1454 ad
1287 1417 1331 1454 fi-

259 1485 364 1511 nem.
395 1473 498 1521 Ergo
518 1484 645 1524 poena
665 1479 722 1508 est
746 1471 871 1508 maius
896 1471 1043 1507 malum
1064 1483 1180 1519 quarn
1205 1471 1328 1519 culpa.

315 1527 390 1564 SED
419 1537 578 1572 CONTRA,
608 1525 759 1574 sapiens
788 1524 919 1561 artifex
938 1523 1084 1560 inducit
1104 1523 1229 1560 minus
1250 1536 1332 1560 ma-

259 1579 340 1616 lum
360 1579 410 1616 ad
428 1579 630 1616 vitandum
659 1577 803 1624 maius3
834 1577 929 1614 sicut
957 1577 1129 1614 medicus
1148 1577 1331 1626 praecidit

260 1633 494 1679 membrum,
515 1643 564 1668 ne
593 1638 861 1680 corrumpatur
889 1643 1039 1679 corpus,
1071 1630 1149 1667 Sed
1177 1630 1250 1667 Dei
1274 1643 1331 1667 sa-

257 1685 401 1736 pientia
419 1685 532 1722 infert
549 1697 719 1734 poenam
740 1684 790 1721 ad
807 1684 1006 1722 vitandam
1036 1684 1200 1732 culpam.
1227 1684 1330 1732 Ergo

261 1739 373 1789 culpa
402 1746 458 1776 est
486 1738 611 1776 maius
639 1738 786 1775 malum
815 1749 932 1786 quam
960 1749 1100 1786 poena.

314 1791 542 1830 Rsspomsso
571 1803 756 1828 DICENDUM
777 1790 883 1839 quod
913 1791 1024 1839 culpa
1042 1790 1158 1827 habet
1178 1790 1262 1838 plus
1282 1789 1329 1827 de

237 1869 241 1872 ·
261 1845 408 1883 ratione
428 1844 519 1882 mali
539 1857 656 1892 quam
677 1857 822 1894 poena:
853 1851 890 1880 et
907 1850 924 1865 ‘²‘
953 1856 1032 1880 non
1057 1844 1182 1880 solum
1212 1855 1329 1892 quam

259 1911 388 1948 poena
412 1898 610 1945 sensibilis,
641 1910 740 1947 quae
770 1897 937 1934 consistit
955 1897 994 1934 in
1013 1896 1227 1946 privatione
1248 1909 1331 1933 cor-

259 1952 452 2002 poralium
481 1951 688 1999 bonorum,
719 1950 935 1988 cuiusmodi
961 1962 1108 1999 poenas
1128 1950 1257 1998 plures
1276 1949 1331 1986 in-

260 2005 450 2054 telligunt;
481 2004 548 2042 sed
569 2004 683 2042 etiam
711 2003 975 2041 universaliter
994 2002 1218 2052 accipiendo
1238 2015 1331 2052 poe-

261 2071 364 2106 nam,
380 2058 595 2096 secundum
615 2057 720 2107 quod
749 2057 911 2106 privatio
940 2057 1079 2105 gratiae
1098 2057 1160 2093 vel
1189 2056 1330 2104 gloriae

259 2124 411 2161 poenae
442 2111 632 2160 quaedam
662 2118 750 2147 sunt
768 2109 796 2147 β.
828 2110 947 2147 Cuius
977 2117 1033 2147 est
1061 2110 1201 2158 duplex
1221 2109 1328 2147 ratio.

261 2165 391 2202 Prima
410 2165 567 2214 quidem
589 2171 655 2212 est,
676 2163 767 2213 quia
787 2176 833 2200 ex
851 2164 955 2200 malo
977 2164 1111 2212 culpae
1130 2163 1174 2200 fit
1193 2162 1329 2211 aliquis

261 2219 406 2266 malus,
436 2231 515 2255 non
544 2225 673 2255 autem
704 2230 749 2254 ex
778 2217 882 2254 malo
910 2229 1078 2265 poenae;
1114 2217 1330 2254 secundum

259 2271 352 2309 illud
371 2271 558 2320 Dionysii,
580 2283 616 2308 1v
635 2283 718 2319 cap.
734 2270 780 2307 de
792 2270 881 2307 Div.
901 2270 1019 2307 Nom.
1036 2269 1071 2306 *z
1100 2270 1238 2306 Puniri
1254 2282 1329 2306 non

261 2330 316 2362 est
331 2324 496 2371 malum,
524 2324 591 2361 sed
605 2324 702 2372 fieri
721 2335 848 2372 poena
877 2323 1048 2373 dignum.
1079 2323 1128 2359 Et
1148 2323 1222 2359 hoc
1242 2322 1328 2359 ideo

261 2385 318 2416 est
336 2377 436 2427 quia,
459 2390 548 2415 cum
568 2377 716 2414 bonum
736 2376 955 2425 simpliciter
975 2375 1154 2413 consistat
1173 2376 1211 2412 in
1231 2383 1328 2422 actu,

261 2438 298 2468 et
316 2431 452 2468 nonin
471 2430 651 2480 potentia,
681 2429 836 2466 ultimus
865 2436 994 2466 autern
1023 2436 1129 2466 actus
1159 2437 1213 2466 est
1239 2441 1330 2478 ope-

261 2484 367 2531 ratio,
396 2485 460 2521 vel
478 2496 571 2520 usus
591 2495 922 2532 quarumcumque
942 2495 1071 2519 rerum
1091 2482 1328 2528 habitarum;

261 2538 408 2574 bonum
436 2536 602 2574 hominis
631 2536 849 2585 simpliciter
878 2536 1138 2573 consideratur
1161 2536 1200 2573 in
1227 2536 1330 2572 bona

262 2590 497 2640 operatione,
526 2590 589 2626 vel
608 2589 712 2627 bono
742 2602 814 2627 usu
838 2602 966 2626 rerum
994 2589 1223 2626 habitarum.
1253 2588 1330 2626 Uti-

261 2656 350 2681 mur
368 2651 497 2680 autem
518 2643 632 2680 rebus
661 2642 840 2680 omnibus
859 2655 929 2691 per
946 2643 1196 2680 voluntatem.
1218 2642 1329 2679 Unde

262 2709 308 2734 ex
336 2697 440 2734 bona
461 2697 671 2744 voluntate,
693 2707 768 2743 qua
795 2697 915 2733 homo
945 2697 1044 2733 ben'e
1072 2696 1188 2733 utitur
1217 2696 1329 2732 rebus

316 2828 344 2862 α)
363 2826 397 2854 et.
415 2842 434 2848 -
453 2829 515 2853 Om.
535 2828 646 2853 codiceS.
663 2832 683 2847 '-
701 2828 781 2853 Iidem
800 2832 859 2853 ante
877 2836 945 2861 quae
964 2830 1062 2854 addunt
1081 2829 1130 2857 vel,
1150 2833 1175 2853 et
1193 2836 1240 2860 pro
1256 2828 1331 2852 intel-

261 2864 350 2898 ligurit
367 2864 463 2889 habent
481 2864 632 2889 attendunt.

316 2899 341 2933 β)
355 2907 461 2932 poenae
478 2900 610 2932 quaedam
629 2903 699 2924 sunt.
717 2912 736 2919 —
749 2906 840 2932 poena
858 2900 990 2932 quaedam
1009 2902 1049 2925 est
1067 2899 1099 2924 D.

314 2936 342 2969 γ)
361 2937 448 2968 culpa.
465 2949 484 2954 —
503 2936 561 2967 ipsa
579 2935 658 2967 culpa
676 2935 738 2960 Pab.

283 2994 285 2997 .
314 2970 339 3004 ὃ)
354 2978 467 3003 poenae.
484 2984 503 2991 —-
521 2971 667 3003 opponitur
686 2971 753 2995 bono
771 2974 912 2996 creaturae
930 2971 994 3003 quia
1012 2971 1081 2996 addit
1100 2971 1129 2995 B.

1382 675 1529 723 habitis,
1561 677 1695 715 dicitur
1721 679 1840 715 homo
1871 680 2014 725 bonus;
2046 687 2081 716 et
2109 693 2154 716 ex
2175 681 2285 727 mala,
2306 682 2439 718 malus.

1382 729 1512 765 Potest
1537 730 1638 766 enim
1658 731 1720 779 qui
1743 732 1857 768 habet
1881 734 2020 768 malam
2049 734 2296 781 voluntatem,
2327 734 2440 770 etiam

1384 781 1487 817 bono
1509 783 1612 830 quod
1632 784 1757 830 habet,
1779 785 1876 820 male
1905 785 1979 830 uti;
2010 785 2104 822 sicut
2124 786 2154 822 si
2173 786 2441 833 grammaticus

1383 835 1594 871 voluntarie
1623 836 1827 884 incongrue
1856 838 2041 885 loquatur.
2073 838 2173 885 Quia
2194 851 2282 886 ergo
2304 840 2412 887 culpa
2428 844 2441 865 ⁷

1385 887 1551 924 consistit
1587 889 1623 924 in
1663 890 1886 926 deordinato
1924 898 2009 927 actu
2045 891 2274 938 voluntatis,
2316 904 2442 940 poena

1383 951 1476 976 vero
1507 940 1543 976 in
1571 942 1782 990 privatione
1811 943 1966 979 alicuius
1997 956 2129 980 eorum
2159 944 2296 992 quibus
2327 945 2442 981 utitur

1383 993 1580 1040 voluntas;
1614 995 1814 1043 perfectius
1848 997 1962 1032 habet
1990 997 2175 1033 ration'em
2209 997 2298 1033 mali
2332 999 2442 1045 culpa

1386 1057 1501 1093 quarn
1530 1059 1667 1095 poena.

1440 1100 1615 1136 Secunda
1643 1101 1734 1136 ratio
1764 1101 1862 1137 sumi
1890 1108 2014 1150 potest
2043 1114 2087 1138 ex
2106 1102 2191 1148 hoc,
2213 1102 2317 1150 quod
2336 1103 2441 1139 Deus

1386 1159 1441 1187 est
1460 1160 1591 1189 auctor
1610 1153 1699 1189 mali
1726 1166 1886 1201 poenae,
1908 1167 1985 1190 non
2006 1162 2133 1191 autem
2153 1155 2242 1191 mali
2262 1156 2393 1203 culpae
2407 1155 2438 1191 ²¹².

1386 1204 1504 1241 Cuius
1534 1206 1626 1242 ratio
1657 1214 1722 1251 est,
1743 1206 1832 1255 quia
1851 1208 1995 1243 malum
2014 1219 2162 1255 poenae
2182 1205 2195 1228 δ
2222 1208 2346 1256 privat
2373 1209 2441 1244 bo-

1386 1270 1479 1294 num
1503 1266 1693 1295 creaturae
1709 1259 1744 1295 *z
1766 1259 1844 1295 sive
1865 1260 2066 1307 accipiatur
2084 1261 2229 1297 bonum
2251 1269 2440 1297 creaturae

1386 1310 1526 1359 aliquid
1556 1319 1736 1358 creatum,
1757 1312 1851 1348 sicut
1871 1312 2028 1349 caecitas
2048 1313 2170 1361 privat
2191 1313 2335 1359 visum;
2361 1313 2440 1350 sive

1386 1363 1432 1400 sit
1451 1364 1598 1400 bonum
1618 1364 1838 1411 increatum,
1863 1365 1956 1401 sicut
1977 1378 2044 1414 per
2064 1366 2266 1402 carentiam
2285 1366 2441 1403 visionis

1387 1416 1535 1454 divinae
1557 1417 1696 1454 tollitur
1725 1425 1915 1454 creaturae
1945 1418 2090 1455 bonum
2110 1418 2328 1455 increatum.
2359 1420 2442 1455 Ma-

1386 1470 1466 1506 lum
1481 1483 1574 1507 vero
1597 1471 1729 1519 culpae
1750 1471 1954 1519 opponitur
1971 1471 2123 1520 proprie
2143 1472 2212 1520 ipsi
2240 1472 2343 1508 bono
2358 1477 2369 1492 ²
2388 1472 2442 1508 in-

1387 1531 1534 1560 creato:
1565 1523 1812 1560 contrariatur
1840 1524 1941 1560 enim
1969 1524 2176 1573 impletioni
2197 1524 2344 1562 divinae
2372 1537 2440 1561 vo-

1386 1576 1548 1623 luntatis,
1579 1584 1615 1613 et
1644 1576 1771 1613 divino
1793 1577 1913 1619 amori
1933 1589 2009 1624 quo
2039 1578 2185 1614 bonum
2214 1577 2383 1614 divinum
2405 1578 2442 1614 in

1386 1629 1512 1678 seipso
1551 1637 1720 1675 amatur3
1758 1637 1794 1666 et
1822 1642 1898 1666 non
1932 1631 2055 1666 solum
2090 1630 2299 1667 secundum
2337 1631 2442 1678 quod

1385 1682 1630 1732 participatur
1648 1695 1670 1719 a
1686 1690 1866 1719 creatura.
1890 1683 1951 1719 Sic
1970 1683 2080 1730 igitur
2093 1691 2195 1731 patet
2213 1683 2317 1732 quod
2333 1685 2442 1732 culpa

1385 1737 1500 1773 habet
1527 1737 1612 1785 plus
1642 1736 1687 1772 de
1718 1736 1860 1772 ratione
1889 1736 1978 1772 mali
2007 1749 2121 1784 quarn
2146 1748 2282 1784 poena.

1438 1792 1497 1826 AD
1531 1801 1668 1826 PR1MUM
1700 1801 1797 1825 ERGO
1830 1801 2012 1826 DlCENDUM
2050 1790 2173 1836 quod,
2212 1789 2296 1825 licet
2333 1790 2442 1837 culpa

1384 1842 1609 1879 terminetur
1637 1842 1684 1879 ad
1713 1855 1900 1890 poenam,
1935 1842 2028 1878 sicut
2057 1841 2231 1879 meritum
2261 1843 2308 1879 ad
2335 1854 2442 1890 prae-

1386 1896 1520 1942 mium,
1550 1903 1677 1932 tamen
1706 1896 1816 1944 culpa
1845 1908 1922 1932 non
1942 1895 2144 1932 intenditur
2171 1903 2325 1944 propter
2351 1907 2442 1943 poe*-

1385 1962 1488 1996 nam,
1506 1949 1598 1985 sicut
1614 1948 1790 1985 meritum
1810 1956 1964 1997 propter
1982 1948 2212 1997 praemium:
2233 1949 2299 1985 sed
2318 1948 2442 1997 potius

1387 2015 1406 2039 e
1437 2015 1626 2039 converso
1653 2014 1779 2051 poena
1807 2002 1995 2038 inducitur
2017 2009 2058 2038 ut
2077 2001 2214 2038 vitetur
2243 2002 2363 2050 culpa.
2394 2002 2442 2037 Et

1385 2055 1438 2093 sic
1468 2056 1578 2104 culpa
1608 2063 1662 2091 est
1689 2055 1797 2104 peius
1826 2068 1941 2104 quam
1970 2067 2106 2103 poena.

1439 2111 1498 2146 An
1527 2121 1716 2146 SECUNDUM
1745 2120 1927 2145 DICENDUM
1947 2108 2050 2156 quod
2075 2107 2169 2144 ordo
2190 2107 2357 2153 actionis,
2378 2107 2442 2156 qui

1385 2162 1527 2199 tollitur
1553 2175 1623 2211 per
1643 2162 1806 2210 culpam,
1829 2169 1883 2197 est
1901 2161 2102 2210 perfectius
2122 2161 2267 2197 bonum
2288 2161 2441 2208 agentis,

1386 2228 1475 2253 cum
1504 2215 1550 2252 sit
1576 2215 1756 2264 perfectio
1789 2215 1976 2260 secunda,
2014 2226 2131 2263 quarn
2164 2214 2310 2250 bonum
2339 2213 2443 2261 quod

1385 2269 1526 2306 tollitur
1544 2282 1613 2318 per
1632 2280 1810 2317 poenam,
1833 2267 1936 2316 quod
1957 2275 2012 2303 est
2031 2266 2209 2316 perfectio
2228 2266 2362 2315 prima.

1438 2325 1497 2359 An
1517 2334 1675 2358 TERTmM
1695 2333 1878 2358 DICENDUM
1902 2322 2004 2369 quod
2024 2332 2102 2357 non
2123 2327 2177 2356 est
2210 2318 2442 2368 comparatio

1386 2376 1519 2423 culpae
1557 2375 1604 2412 ad
1641 2386 1808 2423 poenam
1843 2373 1937 2409 sicut
1964 2372 2050 2409 finis
2088 2380 2123 2409 et
2155 2372 2295 2409 ordinis
2324 2372 2372 2408 ad
2399 2372 2443 2408 fi-

1385 2441 1474 2464 nem
1491 2427 1520 2464 g:
1550 2428 1639 2476 quia
1658 2435 1861 2474 utrumque
1879 2433 2004 2474 potest
2020 2425 2160 2474 privari
2179 2425 2304 2472 aliquo
2324 2425 2441 2461 modo

1386 2489 1421 2517 et
1439 2494 1508 2530 per
1528 2482 1691 2529 culpam,
1709 2487 1745 2516 et
1762 2492 1831 2528 per
1849 2491 2028 2527 poenam.
2059 2478 2135 2515 Sed
2154 2486 2169 2508 η
2190 2490 2258 2526 per
2275 2490 2442 2526 poenam

1385 2535 1557 2583 quidem,
1587 2533 1798 2570 secundum
1827 2531 1932 2580 quod
1969 2531 2048 2580 ipse
2077 2532 2196 2567 homo
2224 2538 2443 2567 removetur

1385 2600 1406 2624 a
1426 2588 1514 2634 fine,
1546 2594 1581 2623 et
1609 2587 1656 2623 ab
1678 2586 1809 2622 ordine
1830 2585 1876 2621 ad
1896 2585 2036 2621 finem:
2064 2597 2133 2632 per
2161 2584 2311 2631 culpam
2334 2595 2440 2630 vero,

1385 2641 1595 2677 secundum
1625 2640 1727 2688 quod
1755 2638 1824 2675 ista
1860 2637 2020 2686 privatio
2047 2636 2208 2686 pertinet
2245 2636 2292 2672 ad
2329 2636 2442 2672 actio-

1385 2706 1485 2740 nem,
1516 2705 1614 2742 quae
1643 2704 1721 2729 non
1750 2691 1943 2728 ordinatur
1970 2690 2019 2727 ad
2046 2690 2164 2726 finem
2193 2689 2373 2726 debitum.

1438 2826 1460 2858 ε)
1480 2826 1532 2858 ipsi
1550 2826 1626 2850 bono.
1644 2839 1663 2845 -
1681 2825 1747 2849 bono
1767 2824 1829 2848 Pab.

1438 2861 1463 2894 ζ)
1483 2861 1623 2894 sicutfinis
1638 2863 1663 2885 et
1676 2860 1778 2884 ordinis
1791 2859 1828 2883 ad
1838 2859 1932 2891 finem.
1951 2870 1969 2876 —-
1986 2857 2128 2882 secundum
2136 2857 2218 2889 finem
2233 2859 2259 2881 et
2272 2856 2390 2881 ordinem
2405 2857 2443 2881 ad

1378 2898 1463 2929 finem
1482 2897 1608 2926 ABCDE,
1629 2896 1669 2920 vel
1685 2895 1724 2920 sic
1741 2894 1883 2919 secundum
1900 2894 1985 2926 finem
2004 2896 2030 2918 et
2049 2892 2168 2917 ordinem
2190 2892 2259 2917 sicut
2268 2892 2336 2924 finis
2354 2895 2380 2916 et
2398 2899 2442 2916 or-

1386 2933 1456 2958 dinis
1474 2932 1606 2964 adfinem
1626 2931 1657 2955 G.

1438 2968 1464 2999 η)
1485 2968 1548 2992 Sed.
1565 2981 1584 2986 -
1603 2968 1663 2990 Om.
1682 2966 1735 2990 FG.

942 3059 1277 3091 Commentario.
1299 3056 1549 3090 Cardinalis
1571 3054 1771 3087 Caietam

265 3157 431 3220 TITULUs
454 3146 556 3177 clarus
579 3157 616 3177 ex
644 3146 913 3187 praecedentibus.
937 3164 958 3168 -
982 3146 1018 3176 In
1041 3155 1174 3185 corpore
1198 3155 1261 3175 una
1285 3151 1331 3174 est
1356 3143 1359 3195 Ι
1385 3143 1459 3173 mali
1483 3142 1574 3181 culpa
1605 3151 1703 3181 quam
1732 3150 1845 3180 poena.
1862 3157 1883 3161 —
1900 3138 2004 3169 Prima
2027 3137 2250 3177 consequentia
2272 3137 2439 3177 probatur:

324 3191 487 3221 conclusio
521 3191 706 3232 responsiva
739 3190 899 3232 quaesito:
933 3190 1038 3231 Culpa
1066 3190 1138 3230 plus
1166 3189 1261 3219 habet
1293 3189 1330 3218 de

261 3235 382 3266 ratione
405 3235 482 3265 mali
505 3245 603 3276 quam
626 3245 731 3275 poena
754 3245 991 3276 quaecumque,
1015 3241 1081 3265 tam
1102 3244 1212 3264 sensus
1232 3243 1330 3273 quam

263 3279 380 3309 damni.
393 3279 468 3309 —Et
490 3280 642 3319 probatur
666 3279 840 3319 dupliciter.

317 3323 436 3353 Primo.
460 3323 508 3353 Ex
531 3323 616 3354 malo
641 3324 752 3363 culpae
768 3322 803 3354 fit
817 3322 930 3363 aliquis
946 3323 1059 3358 malus,
1085 3332 1121 3352 ex
1145 3321 1229 3351 malo
1254 3331 1328 3360 poe-

262 3377 337 3403 nae,
363 3376 444 3397 non:
471 3377 555 3407 ergo.
579 3385 600 3390 -
623 3368 822 3398 Antecedens
846 3368 998 3407 probatur
1021 3366 1195 3406 dupliciter.
1221 3366 1329 3395 Primo

263 3411 446 3442 auctoritate
469 3411 625 3452 Dionysii.
651 3410 797 3442 Secundo
820 3411 951 3447 ratione,
977 3411 1029 3441 sic.
1054 3411 1183 3440 Bonum
1207 3409 1329 3448 simpli-

263 3456 338 3486 citer
368 3455 510 3485 consistit
539 3455 572 3485 in
602 3462 693 3486 actu:
728 3466 802 3496 ergo
833 3457 957 3486 bonum
984 3454 1123 3485 hominis
1148 3453 1330 3493 simpliciter

262 3499 404 3530 consistit
427 3499 460 3529 in
483 3500 570 3529 bono
590 3509 651 3530 usu
668 3509 774 3530 rerum
789 3500 983 3530 habitarum:
1009 3509 1082 3538 ergo
1107 3508 1144 3528 ex
1166 3498 1251 3527 bona
1274 3507 1328 3526 vo-

261 3544 391 3580 luntate,
409 3553 473 3584 qua
489 3543 589 3574 homo
612 3543 692 3574 bene
712 3543 810 3574 utitur
824 3545 917 3574 rebus
941 3543 1063 3578 habitis,
1089 3542 1202 3572 dicitur
1225 3542 1328 3571 bonus

260 3588 372 3624 homo,
398 3594 428 3618 et
447 3597 483 3617 ex
505 3588 599 3624 mala,
624 3588 743 3618 malus:
769 3597 842 3627 ergo
867 3587 1034 3628 perfectius
1057 3587 1151 3616 habet
1174 3585 1328 3616 rationem

404 3651 514 3675 Summa
533 3650 634 3674 Τὶιεοι.
654 3649 684 3673 D.
697 3649 812 3674 ΤΗοΜΔΕ
831 3649 864 3674 Τ.
883 3649 901 3674 Ι.

1385 3187 1459 3228 quia
1475 3186 1605 3217 ultimus
1621 3192 1708 3215 actus
1725 3191 1770 3214 est
1789 3183 1940 3223 operatio,
1965 3192 2020 3212 seu
2037 3192 2113 3212 usus
2136 3191 2249 3211 rerum.
2263 3198 2283 3203 -
2297 3181 2441 3211 Secunda

1384 3240 1475 3261 vero:
1500 3230 1575 3270 quia
1598 3229 1716 3259 utimur
1739 3229 1832 3258 rebus
1855 3227 2003 3257 omnibus
2027 3235 2082 3265 per
2104 3226 2309 3255 voluntatem.
2333 3225 2374 3255 Et
2389 3235 2440 3255 ex-

1384 3276 1528 3315 planatur
1551 3274 1686 3303 secunda
1709 3282 1780 3311 pars
1804 3270 2023 3311 consequentis
2047 3269 2128 3305 eius,
2152 3268 2267 3299 scilicet
2290 3278 2331 3298 ex
2353 3270 2440 3299 mala

1384 3319 1505 3349 malus:
1527 3317 1601 3358 quia
1620 3323 1723 3356 potest
1739 3316 1810 3356 quis
1830 3316 1922 3345 etiam
1942 3315 2028 3344 bono
2052 3313 2133 3343 male
2158 3312 2211 3348 uti„
2237 3319 2271 3342 ut
2294 3319 2379 3351 patet
2402 3313 2440 3342 de

1383 3362 1597 3403 grammatico.
1615 3378 1634 3383 -
1651 3360 1756 3390 Tertia
1779 3366 1901 3390 autem:
1926 3357 1999 3398 quia
2018 3357 2110 3396 culpa
2131 3356 2272 3386 consistit
2293 3356 2326 3385 in
2350 3357 2440 3386 deor-

1385 3408 1490 3437 dinato
1515 3412 1585 3435 actu
1610 3404 1797 3439 voluntatis,
1822 3412 1924 3443 poena
1947 3411 2022 3432 vero
2046 3401 2079 3430 in
2102 3400 2276 3440 privatione
2308 3399 2439 3430 alicuius

1384 3460 1495 3481 eorum
1519 3449 1634 3489 quibus
1658 3448 1756 3478 utitur
1778 3447 1933 3477 voluntas.

1441 3495 1477 3524 II.
1503 3493 1646 3524 Secunda
1661 3502 1735 3522 vero
1759 3491 1838 3522 ratio
1863 3497 1916 3520 est.
1940 3490 2026 3519 Deus
2050 3495 2095 3518 est
2114 3494 2200 3518 actor
2215 3486 2289 3516 mali
2306 3497 2436 3527 poenae,

1383 3545 1413 3569 et
1436 3548 1501 3567 non
1524 3536 1598 3566 mali
1618 3536 1746 3576 culpae:
1771 3545 1845 3574 ergo
1869 3533 1990 3564 malum
2009 3532 2118 3572 culpae
2142 3538 2188 3562 est
2210 3531 2438 3571 incomparabi-

1382 3583 1450 3613 liter
1468 3581 1567 3621 peius.

2263 3635 2296 3660 63

2495 1155 2523 1177 D.
2538 1162 2587 1184 503.

2469 1269 2480 1280 ¹⁶
2493 1269 2523 1291 D.
2537 1270 2592 1296 840.
