2768 4178
81 2826 142 2847 'De
151 2825 205 2848 Diu.
215 2825 291 2852 Nom„

81 2858 192 2901 {23:1¹⁸
212 2852 236 2874 ⁵
247 2842 291 2873 '¹¹¹

82 3145 93 3156 ⁸
108 3145 175 3167 Vera.
188 3145 224 3167 26.

80 3305 90 3314 ·
105 3303 203 3326 Primae.

321 283 394 331 376

318 359 478 408 sanctim,
498 367 534 398 et
558 362 676 398 Filius
705 366 759 397 est
781 365 941 397 sanctus.
964 381 987 387 -
1009 359 1188 396 Secundo
1208 372 1316 407 vero,
1338 372 1382 396 ex

319 414 473 464 propria
493 413 777 462 significatione.
800 414 903 450 Nam
920 425 1063 449 nomen
1082 413 1243 461 spiritus,
1265 412 1302 449 in
1323 425 1379 448 re-

320 470 391 505 bus
412 467 615 515 corporeis,
642 466 912 515 impulsionem
942 466 1134 513 quandam
1154 470 1167 485 ⁰
1187 473 1223 501 et
1246 465 1382 502 motio-

320 533 408 558 nem
443 520 641 568 sgnificare
673 519 844 556 videtur:
875 531 965 555 nam
993 518 1128 555 flatum
1158 525 1194 554 et
1220 525 1380 555 ventum

319 573 489 622 spiritum
510 572 764 609 nominamus.
787 573 855 608 Est
870 579 998 608 autem
1013 570 1211 619 proprium
1227 570 1380 618 amoris,

320 626 425 676 quod
453 633 610 662 moveat
639 633 674 662 et
703 625 871 673 impellat
898 625 1134 661 voluntatem
1164 624 1325 660 amantis
1344 623 1383 660 in

320 686 501 716 amatum.
532 678 716 715 Sanctitas
743 690 838 714 vero
868 677 936 714 illis
965 682 983 698 π
1013 677 1126 713 rebus
1155 676 1377 723 attribuitur,

320 744 418 780 quae
447 731 485 767 in
512 732 639 768 Deum
676 730 907 768 ordinantur.
936 729 1037 776 Quia
1072 729 1183 776 igitur
1217 741 1384 778 persona

319 784 446 822 divina
482 783 654 832 procedit
685 796 755 832 per
787 783 949 820 modum
988 782 1127 819 amoris
1161 794 1238 831 quo
1276 783 1383 819 Deus

319 845 479 885 amatur,
501 836 773 874 convenienter
793 836 952 885 Spiritus
973 836 1132 872 Sanctus
1152 835 1381 871 nominatur.

372 891 431 927 AD
461 902 598 927 PRIMUM
617 901 715 926 ERGO
735 901 919 926 DICENDUM
943 888 1048 937 quod
1067 889 1143 925 hoc
1170 887 1276 936 quod
1296 887 1382 924 dico

318 943 468 992 spiritus
485 948 646 989 sanctus,
675 950 789 991 prout
809 941 970 979 sumitur
997 941 1035 978 in
1056 941 1193 978 virtute
1218 941 1382 978 duarum

320 996 540 1042 dictionum,
571 1007 776 1032 commune
806 1002 861 1031 est
880 994 948 1031 toti
966 994 1152 1031 Trinitati.
1184 994 1285 1041 Quia
1313 1006 1382 1030 no-

319 1049 421 1085 mine
448 1049 598 1097 spiritus
625 1048 854 1096 significatur
873 1054 897 1097 θ’χ
915 1047 1212 1084 immaterialitas
1232 1046 1382 1084 divinae

319 1101 566 1138 substantiae:
589 1101 738 1150 spiritus
758 1101 860 1137 enim
877 1113 1084 1149 corporeus
1102 1100 1299 1137 invisibilis
1314 1107 1381 1147 est,

320 1161 355 1191 et
382 1166 519 1203 pamm
538 1155 654 1190 habet
682 1154 729 1191 de
755 1153 933 1200 materia;
953 1154 1057 1191 unde
1086 1153 1267 1190 omnibus
1295 1154 1383 1190 sub-

318 1207 459 1244 stantiis
487 1206 800 1244 immaterialibus
821 1214 857 1243 et
875 1206 1124 1243 invisibilibus
1145 1207 1221 1243 hoc
1240 1219 1383 1243 nomen

319 1260 569 1297 attribuimus.
599 1261 674 1296 Per
700 1260 776 1297 hoc
804 1271 898 1296 vero
927 1260 1033 1308 quod
1059 1259 1194 1297 dicitur
1219 1266 1381 1306 sanctus,

319 1313 549 1361 significatur
575 1313 718 1362 puritas
748 1313 898 1350 divinae
927 1313 1116 1350 bonitatis.
1138 1334 1162 1340 -
1185 1312 1225 1350 Si
1254 1320 1381 1350 autem

319 1366 524 1416 accipiatur
551 1367 626 1403 hoc
655 1366 760 1415 quod
790 1366 874 1403 dico
902 1366 1060 1414 Spiritus
1079 1366 1248 1412 Sanctus,
1278 1366 1317 1404 in
1344 1366 1384 1403 vi

373 1498 398 1530 ο)
418 1498 600 1530 impulsionem
619 1498 764 1530 quandam.
783 1512 802 1516 —
821 1498 1004 1530 impulsionem
1023 1499 1086 1524 Pab-

372 1534 401 1565 π)
422 1534 482 1558 illis.
499 1547 519 1552 —
537 1533 669 1558 naturalis
688 1534 718 1558 B.
735 1547 755 1552 -
773 1534 840 1558 Ante
858 1533 1022 1559 ordinantur
1034 1534 1057 1558 A
1077 1533 1146 1558 addit
1159 1541 1212 1566 per
1230 1541 1358 1559 amorem.

372 1569 397 1602 ρ)
416 1569 592 1602 significatur.
609 1582 629 1589 ·-
647 1569 806 1602 designatur
823 1574 884 1601 post
901 1569 1066 1594 substantiae
1084 1569 1206 1594 ABCDE.

373 1604 399 1637 σ)
418 1604 525 1630 scilicet.
543 1618 563 1625 ·-
581 1604 643 1629 Om.
663 1603 772 1636 codices,
791 1604 891 1630 scilicet
904 1612 1050 1637 personam
1070 1605 1110 1629 ed.
1129 1612 1155 1629 a.

983 280 1250 327 QUAESTIO
1280 281 1458 328 XXXVI,
1488 280 1785 317 ARTICULUS
1815 281 1847 316 II

1437 360 1550 396 unius
1579 359 1763 407 dictionis,
1785 359 1837 396 sic
1867 371 1912 395 ex
1940 370 2013 395 usu
2046 358 2240 395 Ecclesiae
2270 366 2325 396 est
2353 371 2504 396 accom-

1438 413 1638 450 modatum
1668 412 1718 449 ad
1746 411 2035 460 significandam
2072 423 2189 448 unam
2225 411 2339 449 trium
2372 423 2502 460 perso-

1438 478 1585 512 narum,
1606 465 1745 502 scilicet
1765 471 1779 485 ‘¹
1798 477 1897 514 quae
1916 464 2089 514 procedit
2116 477 2185 513 per
2205 465 2368 502 modum
2397 476 2504 501 amo-
2632 480 2647 497 σ

1438 518 1502 566 ris,
1533 518 1678 555 ratione
1706 518 1783 555 iam
1813 518 1910 555 dicta
1935 517 1965 554 *.
2533 523 2543 532 '
2558 521 2584 544 1¹¹
2599 527 2707 550 mmm·

1490 573 1549 608 AD
1579 583 1769 608 SECUNDUM
1801 583 1986 610 DJCENDUM
2015 570 2140 619 quod,
2170 569 2256 607 licet
2282 571 2358 607 hoc
2396 570 2504 618 quod

1438 624 1523 662 dico
1544 625 1702 673 Spiritus
1722 625 1891 670 Sanctus,
1921 624 2076 661 relative
2096 635 2175 660 non
2197 623 2353 670 dicatur,
2374 630 2504 660 tamen

1436 690 1507 726 pro
1537 677 1696 714 relativo
1724 677 1896 726 ponitur,
1923 677 2150 725 inquantum
2180 684 2236 713 est
2273 676 2506 713 accomoda-

1437 738 1519 767 tum
1548 730 1596 767 ad
1631 730 1920 778 significandam
1957 742 2164 779 personam
2203 730 2284 766 sola
2323 729 2504 766 relatione

1438 783 1486 819 ab
1506 782 1586 819 aliis
1607 782 1834 820 distinctam.
1855 804 1879 810 -
1901 784 2030 820 Potest
2044 790 2173 820 tamen
2192 782 2344 831 intelligi
2365 781 2476 819 etiam
2490 787 2506 803 ²
2631 788 2647 806 τ

1438 835 1476 872 in
1504 835 1659 872 nomine
1693 835 1818 883 aliqua
1852 835 2001 883 relatio,
2031 835 2063 872 si
2091 836 2250 884 Spiritus
2277 835 2504 883 intelligatur

1438 887 1545 937 quasi
1573 888 1748 936 spiratus.

1490 943 1550 978 AD
1578 952 1737 978 TERTIUM
1766 951 1951 978 mcaNnUM
1980 940 2113 989 quod
2104 953 2142 978 1n
2162 941 2319 979 nomine
2341 940 2424 978 Filii
2448 941 2506 978 in-

1437 994 1611 1050 telligitur
1639 994 1719 1030 sola
1744 993 1874 1030 relatio
1904 993 1984 1030 eius
2004 993 2070 1042 qui
2095 1000 2151 1030 est
2177 1006 2200 1031 a
2226 994 2425 1044 principio,
2455 994 2505 1031 ad

1436 1047 1683 1106 principium:
1714 1046 1809 1084 sed
1801 1059 1839 1083 1n
1858 1046 2017 1083 nomine
2039 1046 2160 1083 Patris
2179 1046 2392 1095 intelligitur
2411 1048 2505 1084 rela-

1436 1100 1488 1137 tio
1508 1099 1699 1149 principii;
1722 1107 1758 1136 et
1777 1099 1971 1136 similiter'
1962 1112 2001 1136 1n
2021 1098 2179 1136 nomine
2200 1100 2372 1149 Spiritus,
2392 1107 2507 1149 prout

1435 1153 1614 1202 importat
1652 1152 1848 1201 quandam
1884 1153 1966 1189 vim
2002 1152 2200 1190 motivam.
2229 1153 2337 1190 Nulli
2375 1160 2504 1190 autem

1438 1214 1631 1244 creaturae
1653 1206 1834 1254 competit
1854 1218 1938 1243 esse
1966 1205 2195 1254 principium
2214 1214 2388 1255 respectu
2407 1211 2422 1226 ¹²
2441 1206 2506 1242 ali-

1438 1259 1544 1296 cuius
1573 1259 1724 1296 divinae
1753 1271 1953 1307 personae,
1978 1259 2045 1296 sed
2075 1271 2096 1295 e
2116 1271 2318 1296 converso.
2340 1260 2390 1296 Et
2417 1258 2505 1296 ideo

1435 1319 1561 1362 potest
1590 1312 1662 1349 dici
1689 1313 1804 1349 Pater
1831 1318 1967 1358 noster,
2000 1319 2036 1348 et
2064 1312 2223 1360 Spiritus
2251 1318 2397 1349 noster.-
2427 1323 2506 1349 non

1437 1374 1566 1403 tamen
1593 1373 1718 1414 potest
1745 1365 1819 1402 dici
1847 1365 1966 1402 Filius
1995 1370 2120 1402 noster
2138 1370 2164 1402 ι’.
2633 1370 2652 1397 9

1493 1499 1518 1531 τ)
1539 1498 1653 1531 intelligi
1670 1498 1760 1524 etiam.
1778 1510 1797 1518 -·
1816 1497 1931 1531 intelligi
1949 1497 2011 1522 Pab.
2023 1511 2043 1516 -
2056 1498 2123 1522 Ante
2139 1497 2306 1531 intelligatur
2320 1497 2340 1522 P
2355 1497 2426 1522 addit
2437 1496 2508 1522 San-

1439 1537 1518 1602 ctusi»)
1539 1571 1667 1601 respectu.
1683 1581 1703 1588 -
1721 1568 1784 1593 Om.
1798 1568 1854 1593 BG.

1493 1605 1522 1638 φ)
1541 1612 1594 1629 non
1613 1607 1702 1629 tamen
1754 1607 1854 1629 noster.
1871 1617 1890 1622 -
1909 1603 1972 1629 Om.
1983 1604 2038 1629 FG.

997 1693 1330 1727 Commenta-ria
1353 1693 1604 1728 cardinalis
1626 1693 1828 1727 Caietani

350 1792 370 1812 N
389 1782 493 1818 titulo,
513 1782 639 1812 adverte
654 1782 744 1822 quod
757 1781 790 1822 ly
805 1781 946 1822 Spiritus
961 1781 1100 1813 Sanctus
1116 1782 1282 1823 dupliciter
1298 1782 1382 1813 sumi

323 1793 465 1867 Ipotest.
497 1825 622 1862 Primo,
646 1825 679 1856 in
708 1826 739 1856 vi
763 1826 899 1856 duarum
923 1825 1119 1862 dictionum,
1144 1833 1180 1857 ut
1209 1826 1327 1857 scilicet
1349 1827 1382 1867 ly

318 1871 452 1911 spiritus
476 1870 515 1901 sit
542 1869 790 1906 substantivum,
824 1877 854 1901 et
876 1870 909 1911 ly
932 1876 1064 1901 sanctus
1086 1870 1286 1901 adiectivum.
1311 1870 1385 1901 Alio

319 1915 434 1951 modo,
459 1914 492 1944 in
514 1914 546 1944 vi
576 1913 671 1944 unius
695 1913 852 1944 nominis:
885 1913 966 1945 sicut
989 1914 1015 1944 si
1046 1914 1139 1945 alicui
1169 1914 1387 1955 imponeretur

319 1967 438 1989 nomen
461 1958 629 1999 proprium
650 1957 760 1988 Homo
781 1958 890 1989 bonus.
916 1958 951 1988 In
974 1958 1152 2000 proposito,
1168 1958 1230 1989 hoc
1246 1959 1386 1989 secundo

319 2003 418 2033 modo
443 2002 619 2043 quaeritur:
644 2002 684 2032 ad
707 2002 796 2043 quod
821 2002 1050 2039 denotandum,
1075 2002 1189 2033 dicitur
1211 2003 1243 2033 in
1271 2002 1383 2034 titulo:

319 2047 435 2078 Utrum
458 2047 517 2077 hoc
539 2055 665 2084 nomen,
690 2053 749 2077 etc.

377 2091 414 2122 11.
438 2091 474 2121 In
502 2100 634 2130 corpore
666 2100 730 2121 una
759 2097 805 2121 est
828 2090 1007 2126 conclusio,
1031 2091 1215 2130 responsiva
1244 2090 1388 2132 quaesito

319 2135 518 2166 affirmative:
543 2135 615 2166 Hoc
634 2144 754 2165 nomen
769 2134 909 2175 Spiritus
927 2134 1067 2166 Sanctus
1090 2142 1137 2166 est
1159 2135 1327 2175 proprium
1343 2135 1388 2166 di-

318 2179 409 2210 vinae
432 2188 585 2219 personae
609 2179 807 2219 procedentis
830 2189 886 2219 per
909 2179 1046 2209 modum
1060 2179 1187 2216 amoris,
1212 2189 1249 2210 ex
1264 2189 1388 2210 accom-

320 2223 503 2254 modatione
527 2233 630 2253 sacrae
654 2222 841 2264 Scripturae.
858 2239 877 2246 —
893 2223 934 2254 Et
949 2223 1104 2264 quoniam
1125 2223 1288 2254 conclusio
1312 2223 1389 2254 haec

1441 1783 1506 1813 duo
1522 1782 1664 1819 includit,
1682 1782 1799 1813 scilicet
1814 1782 2033 1813 necessitatem
2056 1781 2372 1820 accommodationis,
2388 1787 2421 1814 et
2435 1791 2511 1813 con-

1439 1826 1631 1857 venientiam
1647 1826 1717 1857 talis
1733 1826 2057 1862 accommodationis,
2078 1826 2175 1857 ideo¹
2167 1836 2200 1856 in
2215 1826 2320 1858 littera
2335 1833 2510 1867 utrumque

1440 1870 1484 1901 fit.
1509 1871 1692 1902 Declaratur
1712 1870 1798 1901 enim
1813 1870 1918 1911 primo
1932 1870 2103 1902 necessitas
2122 1870 2436 1907 accommodationis,
2452 1870 2510 1903 sic.

1440 1915 1548 1945 Altera
1570 1914 1730 1956 processio
1753 1914 1787 1945 in
1811 1914 1943 1951 divinis,
1973 1924 2056 1955 quae
2079 1914 2196 1946 scilicet
2219 1921 2266 1946 est
2293 1924 2350 1955 per
2373 1914 2512 1946 modum

1441 1958 1568 1995 amoris,
1593 1965 1675 1990 caret
1698 1958 1829 1989 nomine
1852 1958 2001 2000 proprio:
2026 1968 2101 1999 ergo
2121 1965 2152 1990 et
2170 1958 2355 1992 relationes:
2379 1968 2454 2000 ergo
2478 1964 2510 1990 et

1442 2011 1577 2043 persona
1600 2003 1792 2043 procedens:
1819 2012 1909 2044 ergo,
1935 2003 2016 2034 sicut
2039 2002 2206 2034 relationes
2229 2002 2412 2035 nominatae
2436 2009 2512 2034 sunt

1443 2057 1479 2078 ex
1496 2046 1802 2084 accommodatione,
1819 2046 1862 2078 ita
1874 2053 1905 2078 et
1913 2057 2059 2087 persona.
2071 2065 2091 2070 —
2103 2046 2228 2078 Deinde
2239 2046 2416 2087 assignatur
2429 2046 2510 2078 ratio

1442 2091 1512 2122 talis
1535 2091 1842 2122 accommodationis
1858 2101 1896 2122 ex
1911 2091 2095 2132 partialibus
2119 2090 2415 2132 significationibus:
2439 2097 2512 2123 tum

1443 2135 1519 2176 quia
1549 2145 1738 2167 communes
1765 2135 1849 2166 Patri
1873 2142 1903 2167 et
1926 2135 2026 2172 Filio;
2056 2143 2127 2167 tum
2155 2135 2231 2177 quia
2261 2135 2378 2167 amoris
2401 2134 2510 2173 divini,

1444 2180 1553 2220 quoad
1575 2186 1758 2221 utrumque,
1776 2180 2001 2221 proprietatem
2024 2180 2196 2217 insinuant,
2220 2187 2257 2212 ut
2275 2180 2357 2211 clare
2375 2186 2463 2221 patet
2476 2179 2510 2211 in

1442 2223 1554 2254 littera.

1093 2385 1410 2428 ARTICULUS
1440 2385 1740 2429 SECUNDUS

846 2479 1003 2510 UTRUM
1028 2478 1218 2510 spmrrus
1242 2478 1437 2510 SANCTUS
1459 2477 1696 2510 PROCEDAT
1719 2481 1748 2510 A
1772 2478 1887 2510 F1L1o

780 2557 789 2582 1
810 2557 892 2586 sent„
913 2557 972 2582 dist.
986 2565 1019 2587 xl.
1039 2562 1085 2582 art.
1104 2565 1129 2588 ις
1149 2557 1183 2582 1v
1204 2557 1281 2582 Cont-
1298 2558 1385 2587 Geni„
1405 2565 1462 2590 cap.
1474 2565 1541 2589 xxxv,
1559 2565 1622 2588 xxv;
1643 2557 1684 2582 Dc
1702 2557 1770 2587 1³02„
1791 2565 1836 2590 qu.
1847 2565 1872 2589 x,
1892 2563 1939 2583 art.
1954 2565 1980 2590 4,
2002 2557 2015 2582 5
2026 2565 2034 2588 ;

489 2593 590 2619 Contra
608 2599 714 2618 errores
735 2593 838 2621 Graec„
858 2597 930 2624 parte
949 2592 978 2622 n,
998 2600 1055 2626 cap.
1066 2599 1134 2618 xxvn
1152 2600 1237 2625 usque
1256 2592 1288 2617 ad
1306 2600 1386 2623 xxxn;
1408 2592 1551 2625 Compend.
1574 2591 1671 2622 neat„
1691 2600 1747 2626 cap.
1762 2600 1833 2624 xL1x3
1856 2593 1957 2618 Contra
1981 2594 2107 2623 Graecos,
2126 2594 2264 2624 Armenes,
2285 2598 2342 2624 etc„

1018 2635 1074 2661 cap.
1086 2635 1125 2659 ιη
1144 2628 1170 2652 in
1190 2627 1273 2657 Ioan„
1293 2635 1350 2661 cap.
1361 2635 1402 2659 xv,
1421 2629 1480 2653 lect.
1494 2635 1534 2660 v1;
1554 2635 1610 2661 cap.
1623 2635 1676 2658 xw,
1697 2628 1754 2653 lect.
1767 2635 1801 2653 rv.

441 2739 491 2767 s:
533 2729 555 2754 D
571 2729 760 2754 SECUNDUM
775 2728 829 2753 sm
844 2728 1083 2755 PROCEDITUR.
1103 2716 1265 2754 Videtur
1280 2716 1386 2766 quod

438 2768 693 2867 §Spiritus
713 2770 873 2806 Sanctus
897 2781 977 2829 non
995 2770 1179 2819 procedat
1197 2782 1220 2807 a
1241 2769 1334 2807 Filio
1354 2776 1383 2806 ’ἢ

319 2928 519 2974 divinitate,
535 2934 689 2977 praeter
715 2940 760 2965 ea
788 2941 886 2977 quae
913 2929 1087 2966 divinitus
1115 2929 1221 2966 nobis
1248 2941 1298 2966 ex
1324 2941 1384 2966 sa-

319 2982 392 3018 cris
410 2981 564 3030 eloquiis
582 2987 670 3018 sunt
685 2993 874 3030 expressa.
906 2982 1015 3019 Sed'
1007 2994 1045 3019 in
1066 2981 1259 3030 Scriptura
1278 2993 1384 3019 sacra

318 3047 397 3072 non
417 3034 637 3084 exprimitur
655 3034 763 3082 quod
783 3034 940 3083 Spiritus
961 3035 1122 3072 Sanctus
1141 3047 1164 3072 a
1183 3034 1276 3072 Filio
1296 3046 1384 3084 pro-

319 3087 438 3134 cedat,
459 3088 528 3125 sed
547 3088 672 3124 solum
693 3088 799 3135 quod
818 3087 1000 3137 procedat
1019 3100 1042 3124 a
1060 3089 1192 3134 Patre;
1221 3095 1263 3125 ut
1281 3094 1384 3138 patet

319 3141 450 3177 Ioann.
470 3153 518 3178 xv
537 3140 573 3178 *ε
603 3141 781 3190 Spiritum
809 3141 984 3186 veritatis,
1014 3141 1080 3189 qui
1105 3153 1129 3178 a
1156 3142 1270 3179 Patre
1291 3152 1383 3190 pro-

319 3194 422 3230 cedit.
452 3194 554 3241 Ergo
585 3193 743 3242 Spiritus
768 3194 928 3230 Sanctus
948 3206 1026 3230 non
1044 3193 1218 3242 procedit
1233 3206 1254 3231 a
1274 3193 1381 3230 Filio.

373 3258 407 3283 2.
428 3247 661 3293 PRAETEREA,
682 3246 720 3283 in
742 3247 918 3295 symbolo
940 3246 1382 3297 Constantinopolitanae

320 3299 464 3347 Synodi
482 3299 502 3321 '³‘
530 3299 583 3336 sic
611 3299 760 3347 legitur:
794 3299 989 3336 Credimus
1018 3300 1054 3336 in
1083 3299 1263 3348 Spiritum
1289 3300 1383 3336 San-

318 3357 429 3398 ctum,
458 3352 665 3389 Dominum
695 3356 731 3388 e't
755 3352 834 3389 vivi
860 3357 1018 3398 cantem,
1039 3364 1089 3389 ex
1114 3353 1228 3390 Patre
1249 3363 1382 3402 proce-

319 3404 475 3450 dentem,
505 3416 590 3442 cum
618 3405 731 3441 Patre
758 3411 794 3441 et
845 3405 915 3441 'ilio
940 3405 1177 3442 adorandum
1206 3411 1242 3442 et
1266 3404 1383 3455 glori-

315 3457 519 3503 ficandum.
550 3458 665 3494 Nullo
686 3457 795 3505 igitur
821 3458 940 3495 modo
962 3458 1092 3495 debuit
1110 3458 1198 3495 addi
1219 3458 1258 3495 in
1281 3469 1384 3507 sym-

373 3588 400 3619 α)
421 3587 498 3613 Filio.
515 3601 534 3607 -
552 3588 633 3613 Patre
651 3591 676 3613 et
696 3589 764 3613 Filio
784 3589 837 3614 BD.

373 3622 398 3655 β)
419 3622 555 3647 Sanctum.
573 3636 592 3641 —
611 3624 671 3648 Om.
685 3624 786 3649 codices
805 3630 830 3649 et
849 3625 889 3649 ed.
904 3632 929 3650 a.

1439 2717 1530 2754 bolo
1565 2725 1694 2754 nostro
1731 2717 1836 2765 quod
1875 2717 2035 2766 Spiritus
2071 2719 2232 2756 Sanctus
2267 2717 2453 2767 procedat
2485 2730 2508 2756 a

1440 2769 1556 2807 Filio:
1586 2770 1654 2807 sed
1673 2769 1852 2807 videntur
1881 2782 1963 2808 esse
1992 2770 2242 2808 anathematis
2261 2770 2327 2818 rei,
2349 2771 2415 2820 qui
2432 2771 2508 2809 hoc

1439 2822 1667 2860 addiderunt
1684 2822 1716 2860 *.
2559 2831 2621 2857 vu·
2641 2833 2748 2861 conen..

1494 2877 1528 2913 3.
1558 2876 1801 2923 PRAETEREA,
1840 2877 2106 2914 Damascenus
2139 2875 2228 2914 dicit
2246 2875 2286 2914 *ε
2325 2876 2506 2925 Spiritum
2533 2859 2748 2936 &dim-5033

1439 2930 1617 2966 Sanctum
1649 2941 1701 2966 ex
1729 2930 1844 2966 Patre
1880 2930 2058 2975 dicimus,
2095 2935 2132 2967 et
2166 2929 2346 2978 Spiritum
2382 2930 2507 2968 Patris
2533 2939 2603 2968 tub-,1
2618 2945 2670 2968 eap-
2680 2929 2748 2962 vus-⁹

1438 2982 1697 3019 nominamus:
1725 2994 1775 3018 ex
1800 2982 1898 3019 Filio
1926 2988 2052 3020 autem
2081 2982 2259 3043 Spiritum
2288 2983 2469 3020 Sanctum
2487 2980 2507 3014 Ρ
2630 2988 2649 3023 ’β
2675 3002 2680 3006 ·

1438 3047 1512 3072 ηοη
1532 3035 1701 3081 dicimus,
1717 3035 1898 3084 szritum
1917 3047 2008 3072 uero
2026 3035 2117 3073 Filii
2129 3035 2380 3073 nominamus.
2402 3036 2504 3084 Ergo

1438 3087 1598 3136 Spiritus
1627 3088 1788 3125 Sanetus
1818 3100 1897 3125 non
1924 3087 2096 3137 procedit
2121 3100 2145 3125 a
2174 3087 2279 3125 Filio.

1489 3153 1526 3188 4.
1548 3142 1780 3187 PRAETEREA,
1801 3141 1892 3178 nihil
1916 3140 2088 3190 procedit
2107 3141 2156 3178 ab
2178 3153 2224 3178 eo
2244 3141 2281 3178 in
2301 3153 2380 3189 quo
2399 3141 2506 3190 quie-

1437 3193 1515 3230 scit.
1543 3193 1620 3230 Sed
1640 3193 1798 3243 Spiritus
1819 3194 1980 3231 Sanctus
2000 3193 2157 3242 quiescit
2175 3193 2213 3231 in
2234 3194 2339 3231 Filio.
2361 3194 2507 3231 Dicitur

1438 3246 1539 3284 enim
1567 3246 1606 3284 in
1635 3246 1795 3295 legenda
1823 3247 1923 3284 beati
1951 3246 2128 3284 Andreae
2147 3246 2184 3284 *z
2213 3247 2300 3284 Pax
2326 3247 2442 3293 vohis,
2471 3252 2508 3284 et
2531 3256 2542 3269 ‘
2558 3255 2724 3286 inprincipio.

1438 3299 1619 3336 universis
1655 3300 1722 3348 qui
1757 3300 1914 3336 credunt
1948 3299 1985 3336 in
2025 3311 2140 3336 unum
2178 3300 2301 3336 Deum
2328 3300 2503 3346 Patrem,

1437 3358 1473 3389 et
1499 3353 1535 3389 in
1566 3364 1682 3389 unum
1702 3357 1717 3379 ⁷
1743 3352 1883 3389 Filium
1912 3352 2001 3398 eius,
2033 3353 2185 3390 unicum
2209 3352 2418 3390 Dominum
2437 3364 2503 3390 no·
2585 3368 2590 3371 ·
2628 3361 2646 3388 τ

1435 3410 1554 3441 strum
1583 3406 1708 3442 Iesum
1739 3405 1938 3450 Christum,
1958 3410 1995 3441 et
2011 3404 2048 3441 in
2071 3417 2186 3442 unum
2207 3405 2387 3453 Spiritum
2407 3405 2502 3442 San-2

1438 3463 1557 3504 ctum,
1581 3458 1844 3506 procedentem
1882 3469 1933 3494 ex
1962 3458 2095 3504 Patre,
2134 3463 2171 3495 et
2187 3455 2202 3480 ⁸
2229 3458 2266 3495 in
2294 3458 2392 3496 Filio
2410 3469 2502 3507 per·
2627 3459 2643 3485 ὃ

1489 3590 1515 3622 γ)
1536 3589 1562 3614 in
1583 3597 1672 3614 unum.
1690 3602 1710 3608 -
1728 3596 1810 3614 unum
1829 3589 1874 3614 Pb.
1892 3602 1912 3609 -
1930 3590 2036 3615 unicum
2055 3598 2108 3616 om.
2128 3590 2238 3616 codices.

1440 3631 1447 3637 ·
1489 3623 1514 3656 δ)
1533 3627 1567 3649 et.
1585 3637 1604 3643 —
1622 3624 1684 3649 Om.
1703 3624 1732 3649 P.
