2768 4178
30 1000 33 1006 r
74 991 86 1002 '¹
101 989 170 1013 Vm.
183 995 221 1020 39.

986 280 1254 327 QUAESTIO
1283 281 1422 328 XLIII,
1451 281 1749 319 ARTICULUS
1777 282 1828 318 VI

1135 440 1453 482 ARTICULUS
1484 441 1691 483 SEXTUS

569 539 727 570 UTRUM
749 539 891 570 MISSIO
915 539 1146 572 INVISIBILIS
1169 541 1270 571 FIAT
1294 542 1352 572 AD
1377 541 1524 573 OMNES
1547 543 1622 580 Qui
1647 543 1761 574 SUNT
1783 543 2032 575 PARTlClPEs
2056 544 2247 575 GRATIAE

1182 630 1191 654 1
1211 630 1293 660 Sent„
1314 630 1373 655 dist.
1387 639 1427 662 xv,
1448 639 1493 663 qu.
1505 639 1529 662 v,
1550 637 1595 656 art.
1620 640 1642 657 1.

352 738 419 780 Pras&
437 742 510 788 εἶχες(
531 737 554 762 D
583 736 724 762 SEXTUM
752 737 805 761 51c
834 736 1073 763 PROCEDITUR.
1102 726 1261 763 Videtur
1280 727 1385 775 quod

347 767 509 838 §.5¹2⁴
532 777 664 815 missio
693 777 889 815 invisibilis
913 791 993 816 non
1011 779 1078 816 fiat
1097 781 1146 817 ad
1166 792 1302 816 omnes
1322 780 1386 829 qui

336 831 385 878 ’,ᾖ
399 846 459 873 κν,
476 821 503 873 ²6
533 838 620 867 sunt
645 830 847 880 participes
875 831 1026 879 gratiae.
1051 834 1182 869 Patres
1203 833 1302 869 enim
1321 845 1387 870 ve-

339 875 351 887 *
377 859 476 919 <⁷³33
491 876 619 921 Kteris
647 885 884 921 Testamenti
912 885 1051 933 gratiae
1078 885 1279 935 participes
1307 886 1386 922 fue-

316 943 420 976 runt.
437 935 515 972 Sed
535 936 585 973 ad
604 937 688 974 illos
708 949 788 974 non
806 937 958 975 videtur
976 938 1091 975 fuisse
1107 946 1124 960 '³‘
1139 939 1236 976 facta
1254 939 1384 976 missio

316 987 536 1026 invisibilis:
568 989 702 1027 dicitur
725 990 828 1027 enim
849 991 953 1028 Ioan.
974 1003 1023 1028 vu
1038 991 1076 1028 ³¹²:
1100 993 1284 1030 Nondum
1305 997 1388 1028 erat

316 1041 477 1090 Spiritus
503 1043 623 1089 datus,
653 1043 741 1092 quia
770 1044 937 1080 nondum
965 1050 1049 1081 erat
1064 1046 1171 1082 Iesus
1193 1045 1385 1095 glorifica-

316 1101 384 1132 tus.
415 1095 517 1142 Ergo
547 1096 675 1133 missio
705 1096 901 1134 invisibilis
930 1109 1009 1134 non
1033 1098 1077 1134 fit
1095 1098 1145 1135 ad
1165 1110 1301 1135 omnes
1321 1097 1386 1146 qui

318 1155 406 1186 sunt
431 1149 633 1197 participes
661 1149 813 1198 gratiae.

373 1213 407 1238 2.
437 1203 671 1250 PRAETEREA,
699 1203 892 1251 profectus
911 1202 950 1239 in
967 1202 1103 1240 virtute
1133 1215 1212 1240 non
1236 1210 1291 1240 est
1316 1202 1387 1240 nisi

317 1266 386 1304 per
410 1254 584 1302 gratiam.
615 1255 692 1292 Sed
724 1255 855 1292 missio
890 1255 1086 1292 invisibilis
1124 1268 1203 1293 non
1235 1256 1387 1293 videtur

313 1304 460 1345 ‘attendi
488 1308 702 1345 secundum
729 1309 944 1357 profectum
963 1308 1128 1345 virtutis:
1154 1308 1244 1357 quia
1262 1309 1386 1358 profe-

319 1367 400 1398 ctus
426 1360 574 1398 virtutis
601 1361 752 1398 videtur
780 1374 863 1398 esse
891 1361 1111 1409 continuus,
1135 1374 1223 1398 cum
1253 1361 1387 1398 caritas

317 1425 471 1462 semper
498 1421 563 1451 aut
595 1413 771 1463 proficiat
804 1421 869 1451 aut
903 1413 1075 1460 deficiat;
1105 1422 1142 1451 et
1170 1414 1223 1451 sic
1256 1414 1386 1451 missio

319 1473 417 1504 esset
445 1467 636 1504 continua.
666 1467 768 1515 Ergo
797 1466 928 1504 missio
956 1467 1155 1505 invisibilis
1174 1479 1253 1505 non
1277 1468 1321 1504 fit
1339 1467 1386 1504 ad

318 1531 456 1557 omnes
482 1519 684 1569 participes
711 1520 862 1567 gratiae.

373 1573 408 1610 3.
437 1573 672 1620 Pam-mm,
703 1572 875 1610 Chris-tus
901 1579 937 1610 et
956 1573 1056 1610 beati
1082 1573 1302 1622 plenissime
1322 1574 1388 1610 ha-

316 1625 408 1662 bent
426 1625 597 1673 gratiam.
620 1625 698 1663 Sed
717 1626 764 1662 ad
785 1638 853 1663 eos
872 1638 952 1663 non
969 1626 1121 1664 videtur
1139 1626 1223 1663 fieri
1241 1626 1386 1663 missio:

317 1678 407 1727 quia
426 1678 557 1715 missio
578 1679 621 1716 fit
645 1678 695 1716 ad
714 1679 856 1727 aliquid
877 1679 1036 1725 distans;
1057 1679 1228 1716 Christus
1247 1687 1387 1727 autem,

307 1731 531 1768 *secundum
560 1732 666 1781 quod
693 1732 832 1779 homo,
863 1739 900 1769 et
925 1745 1062 1770 omnes
1091 1732 1191 1769 beati
1223 1733 1388 1781 perfecte

317 1792 406 1822 sunt
432 1785 526 1822 uniti
554 1786 652 1822 Deo.
682 1785 775 1822 Non
808 1797 897 1833 ergo
933 1786 981 1823 ad
1016 1798 1152 1823 omnes
1189 1785 1388 1835 participes

309 1837 458 1886 gratiae
485 1838 529 1875 fit
556 1837 687 1875 missio
717 1838 925 1876 invisibilis.

370 1902 408 1938 4.
439 1892 682 1938 Pium-mm,
713 1892 961 1928 Sacramenta
992 1903 1118 1928 novae
1146 1891 1237 1939 legis
1270 1892 1387 1929 conti-

316 1952 408 1981 nent
426 1944 596 1992 gratiam.
618 1945 704 1982 Nec
722 1952 852 1982 tamen
868 1945 917 1982 ad
937 1957 982 1981 ea
1002 1944 1136 1982 dicitur
1153 1944 1237 1982 fieri
1256 1945 1386 1982 missio

316 1997 522 2035 invisibilis.
552 1998 645 2035 Non
674 2009 763 2046 ergo
793 1998 842 2035 ad
870 1997 1002 2035 omnia
1021 2010 1120 2047 quae
1145 1998 1288 2035 habent
1305 2010 1387 2046 gra-

315 2050 430 2098 tiam,
459 2051 502 2088 fit
530 2050 662 2087 missio
691 2050 901 2088 invisibilis.

371 2104 447 2141 SED
467 2115 614 2141 CONTRA
631 2115 698 2141 EST
717 2103 834 2153 quod,
855 2103 1068 2141 secundum
1087 2103 1342 2152 Augustinum
1352 2104 1383 2152 ⁹¹⁶,

268 2156 275 2163 '
316 2156 447 2194 missio
477 2156 672 2194 invisibilis
694 2157 738 2194 fit
755 2157 808 2194 ad
827 2157 1136 2205 sanctificandam
1156 2163 1383 2194 creaturam.

317 2210 456 2247 Omnis
467 2229 476 2231 ’ν
489 2217 619 2247 autem
654 2217 825 2247 creatura
856 2210 1003 2247 habens
1031 2210 1190 2257 gratiam
1222 2211 1385 2247 sanctifi-

316 2270 432 2300 catur.
462 2264 565 2311 Ergo
594 2263 644 2300 ad
671 2275 832 2301 ornnem
860 2270 1072 2299 creaturam
1100 2263 1322 2300 huiusmodi
1342 2264 1385 2300 fit

315 2316 448 2354 missio
474 2315 682 2354 invisibilis.
1106 2312 1115 2318 ⁷

369 2370 598 2407 Respounsso
631 2381 815 2406 mCENDUM
850 2368 975 2418 quod,
1012 2368 1108 2405 sicut
1139 2381 1253 2418 supra
1281 2369 1302 2391 '¹‘
1330 2369 1384 2406 di-

314 2429 418 2459 ctum
438 2428 505 2469 est,
525 2422 657 2459 missio
678 2422 727 2460 de
746 2422 804 2459 sui
822 2421 967 2459 ratione
995 2421 1174 2470 importat
1191 2421 1297 2470 quod
1325 2422 1384 2458 ille

314 2475 380 2524 qui
407 2475 565 2512 mittitur
590 2476 652 2512 vel
680 2474 834 2523 incipiat
861 2487 943 2511 esse
971 2475 1038 2511 ubi
1065 2474 1169 2523 prius
1196 2487 1275 2511 non
1304 2475 1382 2522 fuit,

315 2528 410 2565 sicut
437 2527 572 2565 accidit
600 2527 639 2564 in
667 2528 780 2564 rebus
809 2527 962 2574 creatis;
991 2528 1054 2564 vel
1074 2526 1091 2555 β
1119 2527 1271 2576 incipiat
1299 2539 1382 2564 esse

313 2580 381 2618 ubi
408 2580 512 2630 prius
540 2580 624 2628 fuit,
654 2580 723 2617 sed
754 2581 925 2630 quodam
954 2580 1072 2618 modo
1098 2592 1220 2627 novo,
1250 2592 1383 2617 secun-

315 2630 409 2672 dum
442 2634 549 2682 quod
574 2638 588 2660 ⁷
616 2633 747 2670 missio
782 2633 991 2670 attribuitur
1025 2633 1161 2670 divinis
1189 2633 1380 2670 Personis.

315 2687 380 2724 Sic
408 2699 496 2735 ergo
526 2686 564 2723 in
592 2698 639 2723 eo
669 2686 717 2723 ad
746 2699 862 2735 quern
891 2687 934 2723 fit
961 2686 1104 2733 missio,
1134 2693 1284 2734 oportet
1303 2686 1380 2723 duo

315 2740 572 2777 considerare:
602 2739 741 2776 scilicet
758 2739 1073 2777 inhabitationem
1093 2739 1244 2787 gratiae,
1273 2747 1308 2775 et
1326 2739 1381 2775 in-

258 2834 262 2842 ,
314 2793 564 2830 novationem
585 2792 779 2841 quandam
794 2804 864 2841 per
877 2792 1046 2840 gratiam.
1063 2792 1123 2829 Ad
1138 2804 1274 2828 omnes
1290 2804 1378 2840 ergo

314 2846 358 2883 fit
383 2846 513 2883 missio
542 2845 758 2892 invisibilis,
793 2845 831 2882 in
858 2845 997 2895 quibus
1030 2846 1126 2882 haec
1163 2845 1240 2882 duo
1275 2844 1380 2882 inve-

314 2907 479 2937 muntur.

367 3012 395 3045 α)
406 3012 504 3045 fuisse.
520 3025 541 3031 —
558 3012 620 3036 Om.
639 3011 741 3036 codices
760 3016 786 3035 et
804 3011 845 3036 ed.
858 3018 884 3036 a.

368 3045 393 3080 β)
413 3048 462 3072 vel.
479 3061 498 3067 -
517 3048 557 3072 vel
576 3050 606 3072 ut
623 3047 747 3071 ADEFG.

366 3082 393 3115 γ)
413 3082 492 3115 quod.
509 3096 529 3102 -
545 3090 622 3115 quem
642 3082 749 3107 modum
768 3082 799 3112 A,
818 3088 894 3114 quem
912 3081 1011 3107 BCDE.

1493 730 1552 764 AD
1581 740 1718 766 PRIMUM
1746 741 1844 766 ERGO
1873 741 2056 766 DtCENDUM
2084 729 2188 777 quod
2218 729 2346 767 missio
2375 730 2503 767 invisi-

1440 780 1522 817 bilis
1551 789 1606 818 est
1629 782 1726 818 facta
1744 782 1794 819 ad
1813 783 1943 819 Patres
1961 782 2100 828 veteris
2123 783 2370 820 Testamenti.
2391 783 2501 821 Unde

1441 833 1529 870 dicit
1556 834 1803 882 Augustinus,
1835 834 1886 872 IV
1904 835 1949 871 de
1972 836 2008 871 T
2004 835 2074 872 rin.
2095 834 2127 882 ³¹⁵,
2157 835 2262 883 quod
2290 836 2500 873 secundum

1440 887 1545 935 quod
1575 887 1690 924 Filius
1718 887 1874 924 mittitur
1901 888 2146 935 invisibiliter,
2164 889 2218 936 fit
2235 889 2271 925 in
2291 889 2502 926 hominibus

1440 946 1508 977 aut
1533 952 1619 977 cum
1647 941 1876 985 hominibus‚·
1903 942 1975 977 hoc
1997 947 2122 978 autem
2142 947 2252 978 antea
2266 942 2421 989 factum
2450 948 2504 979 est

1440 994 1478 1030 in
1497 994 1671 1030 Patribus
1690 998 1724 1030 et
1741 994 1947 1041 Prophetis.
1969 994 2085 1041 Quod
2101 992 2115 1015 δ
2134 1006 2223 1042 ergo
2245 994 2388 1042 dicitur,
2409 1007 2502 1032 non-

1440 1046 1529 1083 dum
1550 1052 1634 1083 erat
1650 1046 1757 1083 datus
1776 1047 1945 1094 Spiritus,
1970 1046 2184 1095 intelligitur
2204 1047 2250 1084 de
2270 1047 2331 1084 illa
2350 1047 2502 1084 datione

1442 1111 1530 1135 cum
1559 1099 1666 1147 signo
1694 1099 1846 1146 visibili,
1878 1112 1975 1148 quae
2004 1100 2101 1136 facta
2129 1107 2184 1136 est
2211 1099 2249 1136 in
2278 1099 2338 1137 die
2366 1101 2502 1137 Pente-

1441 1159 1576 1189 costes.

1493 1206 1552 1241 ΑΒ
1581 1216 1770 1242 SECUNDUM
1799 1216 1982 1242 DICENDUM
2002 1205 2106 1254 quod
2126 1205 2237 1241 etiam
2256 1211 2268 1225 ‘
2291 1205 2502 1242 secundum

1439 1257 1654 1306 profectum
1685 1257 1852 1303 virtutis,
1886 1265 1951 1294 aut
1987 1265 2235 1305 augmentum
2271 1258 2431 1306 gratiae,
2460 1259 2503 1295 fit

1441 1309 1570 1346 missio
1600 1309 1805 1347 invisibilis.
1840 1310 1952 1347 Unde
1985 1310 2216 1358 Augustinus
2246 1310 2347 1357 dicit,
2379 1311 2430 1348 IV
2457 1311 2503 1347 de

1445 1363 1482 1399 T
1477 1363 1548 1399 rin.
1560 1362 1591 1409 '¹‘,
1612 1363 1719 1411 quod
1738 1362 1752 1388 ζ
1780 1369 1867 1399 tunc
1895 1363 2070 1411 cuiquam
2090 1357 2245 1399 mittitur
2268 1363 2395 1410 Filius,
2416 1375 2501 1400 cum

1440 1427 1465 1452 a
1485 1426 1675 1464 quoquam
1695 1415 1933 1465 cognoscitur
1951 1421 2062 1464 atque
2079 1416 2296 1464 percipitur,
2321 1422 2502 1464 quantum

1441 1468 1622 1518 cognosci
1638 1474 1675 1504 et
1685 1469 1832 1516 percipi
1844 1473 1966 1516 potest
1975 1480 2050 1516 pro
2070 1474 2179 1517 captu
2197 1468 2258 1505 vel
2273 1469 2502 1517 proficientis

1442 1521 1480 1558 in
1505 1522 1641 1567 Deum,
1666 1521 1727 1558 vel
1748 1522 1940 1569 perfectae
1958 1522 1994 1558 in
2015 1523 2098 1558 Deo
2118 1521 2268 1558 animae
2295 1522 2500 1559 rationalis.

1443 1575 1519 1611 Sed
1554 1582 1683 1611 tamen
1718 1574 1930 1611 secundum
1958 1574 2049 1610 illud
2082 1582 2328 1622 augmentum
2362 1575 2500 1622 gratiae

1440 1627 1645 1676 praecipue
1665 1626 1795 1663 missio
1816 1627 2011 1664 invisibilis
2031 1627 2242 1674 attenditur,
2264 1627 2417 1676 quando
2438 1628 2501 1664 ali-

1442 1679 1526 1728 quis
1544 1680 1695 1729 proficit
1713 1680 1751 1716 in
1771 1679 1935 1729 aliquem
1954 1692 2100 1717 novum
2121 1685 2259 1727 actum,
2276 1681 2339 1717 vel
2354 1692 2502 1717 novum

1441 1740 1580 1770 statum
1609 1733 1749 1781 gratiae
1767 1732 1807 1769 ²¹³:
1838 1741 1878 1769 ut
1906 1740 1998 1781 puta
2018 1744 2106 1769 cum
2126 1733 2258 1781 aliquis
2286 1733 2437 1782 proficit
2464 1733 2502 1770 in

1442 1786 1599 1834 gratiam
1628 1786 1898 1823 miraculorum
1924 1793 1987 1822 aut
2015 1785 2248 1834 prophetiae,
2277 1787 2339 1822 vel
2364 1786 2402 1822 in
2428 1787 2503 1823 hoc

1442 1839 1545 1888 quod
1575 1851 1620 1875 ex
1648 1839 1798 1876 fervore
1828 1838 1988 1876 caritatis
2017 1838 2169 1887 exponit
2197 1850 2237 1875 se
2266 1835 2447 1887 martyrio
2472 1845 2500 1883 η,

1442 1900 1505 1929 aut
1533 1892 1772 1929 abrenuntiat
1794 1892 1851 1929 his
1872 1904 1970 1940 quae
1989 1891 2169 1940 possidet,
2199 1899 2263 1928 aut
2291 1892 2502 1940 quodcum-

1442 1958 1515 1995 que
1545 1958 1642 1994 opus
1671 1945 1833 1982 arduum
1863 1945 2085 1993 aggreditur.

1494 2000 1552 2035 AD
1580 2010 1740 2036 TERTIUM
1768 2010 1952 2035 D1CENDUM
1980 1998 2085 2045 quod
2106 1998 2154 2034 ad
2172 1998 2304 2034 beatos
2334 2004 2388 2034 est
2406 1997 2504 2034 facta

1440 2051 1569 2089 missio
1606 2051 1802 2088 invisibilis
1839 2051 1877 2087 in
1911 2051 1994 2099 ipso
2030 2050 2213 2099 principio
2251 2050 2500 2087 beatitudinis.

1440 2105 1695 2142 Postmodum
1723 2112 1851 2141 autem
1881 2104 1929 2141 ad
1959 2116 2024 2140 eos
2053 2104 2096 2140 fit
2123 2100 2252 2140 missio
2286 2103 2500 2150 invisibilis,

1438 2170 1518 2194 non
1536 2158 1749 2195 secundum
1764 2157 2016 2194 intensionem
2036 2156 2187 2204 gratiae,
2208 2157 2275 2193 sed
2290 2156 2503 2193 secundum

1440 2211 1544 2259 quod
1559 2211 1686 2259 aliqua
1699 2210 1880 2259 mysteria
1896 2210 1948 2246 eis
1963 2210 2178 2247 revelantur
2192 2210 2238 2247 de
2254 2221 2377 2246 novo:
2398 2209 2503 2258 quod

1440 2272 1495 2300 est
1517 2276 1639 2312 usque
1660 2264 1708 2301 ad
1728 2264 1829 2300 diem
1846 2263 1983 2300 iudicii.
2006 2262 2123 2309 Quod
2141 2262 2299 2310 quidem
2323 2274 2503 2309 augmen-

1438 2324 1521 2354 tum
1542 2316 1742 2354 attenditur
1756 2314 1769 2337 ⁰
1788 2315 2000 2353 secundum
2022 2315 2280 2352 extensionem
2300 2314 2437 2363 gratiae
2454 2315 2502 2351 ad

1438 2370 1547 2419 plura
1575 2382 1614 2406 se
1644 2369 1889 2406 extendentis.
1909 2390 1933 2396 -
1953 2369 2015 2406 Ad
2048 2368 2240 2405 Christum
2278 2376 2407 2405 autem
2435 2368 2503 2404 fuit

1439 2423 1536 2459 facta
1568 2422 1765 2460 invisibilis
1797 2422 1927 2459 missio
1957 2421 1996 2458 in
2026 2421 2210 2470 principio
2244 2433 2334 2457 suae
2367 2433 2502 2457 conce-

1438 2475 1587 2524 ptionis,
1618 2487 1696 2511 non
1724 2482 1852 2511 autem
1879 2481 2030 2523 postea:
2056 2486 2144 2510 cum
2164 2486 2186 2510 a
2204 2473 2388 2522 principio
2409 2486 2500 2510 suae

1440 2527 1698 2576 conceptionis
1713 2527 1822 2564 fuerit
1841 2528 1976 2575 plenus
1996 2526 2102 2563 omni
2117 2526 2298 2575 sapientia
2319 2534 2355 2563 et
2370 2527 2497 2573 gratia.

1490 2582 1549 2617 AD
1575 2592 1748 2623 QUARTUM
1775 2592 1958 2616 DICENDUM
1978 2579 2083 2628 quod
2102 2579 2217 2627 gratia
2236 2587 2291 2615 est
2309 2579 2347 2616 in
2368 2580 2500 2616 Sacra-

1436 2633 1573 2670 mentis
1605 2645 1732 2670 novae
1759 2632 1850 2680 legis
1877 2632 2224 2679 instrumentaliter,
2254 2632 2349 2669 sicut
2375 2632 2499 2669 forma

1436 2686 1620 2723 artificiati
1640 2693 1695 2722 est
1709 2686 1747 2722 in
1761 2685 2016 2722 instrumentis
2035 2685 2134 2731 artis,
2150 2685 2361 2722 secundum
2382 2697 2497 2734 quen—

1437 2739 1526 2776 dam
1556 2739 1759 2776 decursum
1778 2745 1786 2759 ¹
1805 2739 1853 2775 ab
1883 2745 2017 2786 agente
2036 2737 2075 2775 in
2092 2738 2250 2787 patiens.
2280 2738 2412 2775 Missio
2432 2751 2497 2774 au·
2528 2786 2530 2788 v

1435 2799 1513 2829 tem
1541 2804 1621 2829 non
1649 2791 1782 2829 dicitur
1808 2791 1890 2828 fieri
1909 2791 1979 2828 nisi
1998 2798 2169 2839 respectu
2197 2791 2357 2828 termini.
2387 2791 2498 2828 Unde

1435 2845 1565 2882 missio
1596 2845 1746 2882 divinae
1774 2845 1967 2881 Personae
1994 2856 2073 2881 non
2100 2844 2143 2880 fit
2170 2844 2218 2881 ad
2239 2845 2495 2891 Sacramenta,

1434 2897 1501 2934 sed
1521 2898 1569 2935 ad
1589 2910 1655 2934 eos
1675 2898 1740 2945 qui
1758 2910 1827 2946 per
1842 2898 2088 2934 Sacramenta
2106 2897 2262 2945 gratiam
2278 2897 2495 2945 suscipiunt.

1434 3010 1503 3035 dices
1523 3015 1548 3035 et
1565 3011 1618 3039 ab,·
1635 3011 1742 3036 animae
1760 3010 1856 3035 addunt
1875 3015 1935 3043 post
1948 3010 2113 3043 proficientis
2127 3010 2170 3039 Pb,
2190 3015 2250 3043 post
2268 3010 2294 3035 in
2311 3011 2398 3035 Deum
2411 3011 2451 3037 ed.
2463 3019 2482 3036 a
2488 3020 2498 3042 ,-

1434 3046 1460 3070 in
1477 3046 1535 3070 Deo
1554 3051 1614 3078 post
1632 3046 1774 3071 rationalis
1792 3051 1891 3078 ponunt
1908 3046 1954 3076 Pb,
1972 3053 2025 3070 om.
2045 3045 2085 3070 ed.
2099 3053 2124 3070 a.

1485 3081 1512 3113 η)
1532 3081 1645 3112 exponit
1662 3088 1690 3106 se
1708 3081 1850 3114 martyrio.
1867 3095 1887 3101 -
1905 3084 2052 3113 exponeret
2064 3087 2092 3105 se
2106 3081 2240 3113 martyrio
2254 3081 2401 3105 ABCDEG.
2414 3095 2433 3101 -
2445 3082 2495 3107 Pro

366 3116 392 3150 δ)
413 3118 501 3148 Quod.
518 3131 538 3137 -—
559 3118 625 3143 Cum
645 3117 709 3142 Pala.
727 3131 745 3135 —
764 3118 827 3141 Post
846 3117 964 3149 Spiritus
986 3117 1078 3142 ABCD
1101 3117 1198 3141 addunt
1220 3117 1344 3142 Sanctus.
1359 3130 1379 3135 -
1432 3116 1615 3146 abrenuntiat,
1639 3116 1841 3141 abrenuntiaret
1859 3116 1912 3147 BD,
1931 3116 2100 3141 abrenuntiet
2119 3116 2204 3140 ceteri.
2219 3129 2236 3134 -
2255 3116 2306 3140 Pro
2324 3117 2494 3149 aggreditur,

313 3153 365 3178 Pro
384 3153 551 3186 intelligitur,
571 3153 745 3186 intelligimus
764 3153 826 3177 Pab.

367 3188 390 3221 ε)
409 3188 499 3213 etiam.
517 3202 536 3207 -
554 3188 616 3213 Om.
634 3188 756 3213 ABCDE.

366 3223 392 3256 ζ)
413 3223 492 3256 quod.
509 3237 529 3243 —
547 3223 608 3248 Om.
626 3223 773 3248 ABCDEG.
792 3237 811 3242 -
829 3223 856 3248 In
875 3227 945 3248 textu
963 3223 1006 3248 cit.
1025 3230 1074 3256 pro
1087 3222 1222 3254 cuiquam,
1248 3222 1342 3255 cuique
1354 3229 1398 3246 co—

1431 3152 1610 3184 aggrediatur
1627 3151 1774 3176 ACDEFG.

1484 3185 1507 3219 θ)
1527 3186 1685 3212 attenditur.
1702 3200 1721 3206 -
1731 3186 1770 3219 fit
1787 3187 1817 3211 B.

1485 3221 1504 3254 ι)
1523 3222 1672 3247 decursum.
1690 3235 1709 3241 -
1727 3221 1876 3247 discursum
1895 3222 1956 3247 Pab.

983 3317 1316 3351 Commorim-ia
1338 3318 1588 3351 cardinalis
1611 3317 1811 3351 Caietam

375 3418 482 3438 rrumis
497 3408 597 3438 clarus
615 3414 670 3438 est.
688 3425 707 3430 -
725 3407 760 3438 In
781 3417 914 3447 corpore
936 3417 1000 3437 una
1020 3413 1067 3437 est
1088 3407 1250 3438 conclusio
1274 3406 1379 3447 impli-

316 3421 434 3483 Tcite
462 3452 645 3492 responsiva
675 3451 818 3492 quaesito
850 3450 1048 3482 affirmative:
1080 3450 1190 3482 Missio
1214 3451 1378 3482 invisibilis

313 3496 349 3528 fit
372 3497 411 3527 ad
435 3506 546 3526 omnes
570 3495 736 3536 participes
759 3495 885 3535 gratiae.

373 3541 536 3571 Probatur.
568 3539 678 3571 Missio
708 3539 860 3579 importat
890 3539 1127 3579 incoeptionem
1158 3538 1294 3575 essendi,
1326 3539 1376 3569 vel

314 3585 496 3625 simpliciter
512 3584 562 3614 vel
580 3594 667 3614 novo
686 3583 800 3614 modo:
826 3593 900 3623 ergo
922 3584 956 3614 in
979 3593 1018 3614 eo
1037 3583 1077 3613 ad
1095 3593 1194 3624 quem
1211 3582 1247 3614 fit
1265 3582 1374 3613 missio

312 3629 486 3665 invisibilis,
511 3634 638 3669 oportet
660 3637 778 3668 ponere
801 3627 943 3668 gratiam,
960 3634 991 3658 et
1006 3627 1072 3658 eius
1088 3627 1275 3658 novitatem:
1300 3637 1374 3667 ergo

1434 3406 1543 3436 missio
1566 3406 1730 3437 invisibilis
1753 3406 1789 3437 fit
1812 3407 1851 3436 ad
1875 3416 1986 3437 ornnes
2008 3406 2040 3436 in
2064 3406 2180 3447 quibus
2210 3413 2283 3437 sunt
2309 3406 2386 3438 haec
2409 3407 2491 3438 duo:

1434 3460 1507 3491 ergo
1531 3450 1571 3480 ad
1595 3460 1706 3480 omnes
1729 3450 1895 3490 participes
1918 3450 2043 3491 gratiae.

1491 3495 1527 3524 ΙΙ.
1552 3494 1688 3525 Adverte
1711 3494 1762 3525 hic
1785 3495 1874 3535 quod
1900 3494 2022 3525 novitas
2053 3494 2168 3534 gratiae
2196 3504 2262 3524 non
2286 3501 2332 3526 est
2355 3505 2372 3525 a
2395 3495 2492 3535 gratia

1432 3538 1594 3574 distincta,
1627 3545 1780 3579 tanquam
1802 3538 1899 3578 gratia
1927 3538 2027 3578 possit
2050 3548 2116 3568 esse
2146 3548 2212 3568 non
2240 3548 2341 3575 nova;
2375 3539 2429 3569 sed
2452 3540 2491 3569 ad

1431 3582 1664 3614 ostendendum
1686 3589 1812 3623 tempus
1836 3583 1964 3623 quando
1981 3581 2016 3613 fit
2030 3581 2192 3613 invisibilis
2216 3582 2336 3613 missio.
2360 3583 2411 3614 Ad
2429 3583 2491 3613 hoc

1431 3627 1515 3657 enim
1544 3637 1609 3656 non
1633 3625 1747 3657 sufficit
1771 3626 1837 3657 sola
1860 3626 2043 3657 inhabitatio
2066 3626 2200 3667 gratiae,
2222 3633 2258 3657 ut
2280 3634 2365 3667 patet
2386 3627 2419 3657 in
2442 3627 2490 3656 his

2531 843 2539 852 '¹
2557 842 2615 870 Cap.
2630 849 2671 865 xx.

2528 1373 2538 1382 ·
2555 1373 2614 1394 Ibid.

2532 1739 2540 1748 ·
2554 1738 2580 1760 D.
2598 1744 2651 1766 902.
