2768 4178
9 596 104 622 ’1nfra,
116 602 160 627 ffqu
171 601 215 616 xcv

10 626 53 645 ιη.
67 629 93 652 3,
115 622 139 644 iu
158 628 225 644 com-

9 653 82 672 ment.

9 686 20 696 ·
36 684 74 707 Cf.
89 690 154 706 num.
171 689 196 705 n.

35 1308 126 1338 Cup-¹,
141 1314 196 1338 n.3

17 2620 150 2661 vaga.

89 2897 120 2919 .1,
134 2897 180 2919 n.9
191 2897 227 2919 sq.

53 2933 61 2940 .
110 2933 117 2940 .
131 2918 183 2940 lect.
193 2923 220 2939 ιι.

972 249 1242 296 QUAESTIO
1273 250 1342 296 111,

253 329 292 359 de
307 329 452 359 motione
468 339 547 370 pure
558 329 652 361 locali
668 336 765 360 erant.
785 330 827 360 Et
843 329 881 360 de
894 328 1004 360 ceteris
1017 328 1150 369 quidem
1166 334 1261 368 patet.
1278 328 1327 358 De

253 380 399 413 magnete
415 380 523 404 autem
547 381 577 405 et
601 374 766 411 similibus,
783 373 880 404 habes
897 373 935 403 ab
952 375 1101 408 Averroe,
1115 372 1172 403 Vll
1184 372 1327 412 Phssic„

253 425 426 449 comment.
442 429 471 454 x,
489 419 579 460 quod
601 418 670 459 ipsa
694 428 760 449 non
783 424 925 454 movent,
943 417 999 448 sed
1018 416 1077 447 alia
1100 423 1272 447 moventur
1288 416 1327 446 ad

253 462 337 503 ipsa:
363 462 509 503 quamvis
533 472 600 493 non
623 463 859 503 undecumque,
878 468 1007 502 propter
1030 460 1242 501 privationem
1266 460 1326 490 dis-

254 506 432 547 positionis,
449 517 548 549 quam
571 507 610 538 ab
635 506 678 537 eis
700 515 758 547 per
780 506 916 537 modum
940 505 1133 536 alterationis
1156 504 1327 545 spiritualis

254 551 423 592 acquirunt
445 551 571 582 alicubi.
600 551 663 582 Sed
686 551 726 581 de
748 550 814 587 his,
839 560 914 581 cum
937 550 995 581 erit
1018 559 1123 580 sermo
1147 550 1186 580 de
1210 550 1327 589 depen-

220 596 360 627 dentia
378 596 578 637 reliquorum
593 602 745 626 motuum
761 605 779 625 a
795 602 887 626 motu
904 594 991 630 caeli,
1007 594 1147 634 amplius
1163 593 1285 624 dicetur
1296 593 1325 623 *:

254 651 340 671 nunc
363 641 440 672 haec
463 639 621 671 sufficiant
643 639 704 676 hic,
725 639 780 670 ubi
803 650 840 670 ex
863 639 957 670 locali
980 646 1072 670 motu
1096 638 1288 679 proceditur.

308 685 360 716 IV.
377 684 525 715 Secundo
540 682 566 715 *.
592 684 680 715 Deus
696 690 743 715 est
757 683 900 724 primum
916 693 988 714 ens:
1015 693 1090 723 ergo
1107 690 1196 714 actus
1212 684 1326 723 purus:

231 721 236 726 ⁵
254 739 328 770 ergo
353 739 419 760 non
436 735 483 759 est
503 738 630 769 corpus.
647 746 668 751 ·—
686 728 885 759 Antecedens
909 735 995 769 patet
1013 738 1050 759 ex
1066 727 1264 768 praecedenti
1281 737 1327 757 ar-

253 774 362 804 ticulo.
386 773 493 804 Prima
517 773 744 814 consequentia
763 773 925 813 probatur.
950 775 1049 804 Actus
1074 779 1120 803 est
1143 771 1328 812 simpliciter

253 818 340 858 prior
362 817 518 858 potentia:
544 827 620 858 ergo
639 817 781 858 primurn
798 827 854 848 ens
869 824 916 848 est
930 824 1018 848 actus
1035 818 1155 857 absque
1170 816 1325 857 potentia:

252 863 342 904 quod
361 869 407 894 est
422 872 490 893 esse
506 869 614 894 actum
635 872 764 902 purum.
789 864 1003 902 Assumptum
1020 862 1203 897 declaratur,
1221 868 1327 892 osten-

253 907 358 937 dendo
383 906 592 937 differentiam
615 906 736 937 ordinis
758 906 840 937 inter
863 914 970 937 actum
999 914 1029 937 et
1052 906 1229 947 potentiam
1253 906 1326 936 sim-

252 951 383 992 pliciter,
406 958 437 982 et
459 957 603 991 respectu
628 951 760 982 alicuius
787 951 838 982 cui
863 951 1012 982 convenit
1035 958 1227 991 utrumque:
1252 949 1328 991 quia

253 995 371 1027 scilicet
393 996 426 1026 in
446 1002 590 1036 respectu
607 996 646 1026 ad
666 996 737 1032 hoc,
755 996 898 1036 potentia
914 1003 960 1026 est
976 996 1075 1036 prior;
1101 996 1156 1026 sed
1177 994 1327 1035 simplici-

252 1047 308 1076 ter,
325 1050 391 1070 non
407 1040 440 1070 in
459 1040 521 1071 hoc
537 1041 587 1071 vel
606 1041 639 1071 in
662 1040 729 1077 illo,
747 1047 834 1071 actus
854 1048 900 1071 est
918 1040 1016 1081 prior.
1042 1040 1141 1078 Quod
1157 1040 1325 1080 probatur:

252 1084 328 1125 quia
351 1095 449 1115 omne
468 1085 558 1126 quod
583 1092 629 1116 est
652 1085 685 1115 in
701 1085 854 1126 potentia,
872 1095 938 1115 non
961 1083 1123 1116 reducitur
1146 1084 1186 1114 ad
1209 1090 1326 1119 actum,

252 1129 313 1160 nisi
328 1139 384 1169 per
400 1129 532 1170 aliquod
548 1140 603 1160 ens
623 1137 706 1161 actu.
719 1148 739 1153 -
755 1130 901 1160 Secunda
917 1139 992 1160 vero
1012 1128 1239 1169 consequentia
1255 1138 1327 1168 pro-

252 1174 353 1205 batur.
371 1173 478 1205 Omne
498 1184 614 1215 corpus
630 1181 676 1205 est
690 1174 723 1204 in
741 1174 899 1215 potentia:
920 1183 1006 1214 ergo.
1023 1176 1238 1212 Assumptutn
1254 1182 1326 1222 pro-

251 1219 359 1250 batur.
385 1218 462 1263 quia
484 1228 581 1252 omne
605 1229 722 1259 corpus
746 1226 792 1249 est
816 1218 1017 1253 continuum,
1035 1218 1067 1247 in
1092 1217 1182 1247 cuius
1206 1216 1328 1247 ratione

252 1263 336 1294 cadit
358 1263 502 1304 potentia
518 1264 558 1294 ad
581 1263 787 1299 divisionem;
812 1269 859 1293 est
877 1262 964 1292 enim
980 1261 1159 1292 divisibile
1151 1272 1184 1292 111
1204 1271 1329 1302 semper

252 1306 430 1344 divisibilia,
454 1314 491 1339 ut
514 1308 628 1338 dicitur
651 1307 684 1338 in
708 1307 750 1338 VI
774 1307 902 1348 Phssic.
920 1306 947 1337 *-

305 1352 344 1384 V.
366 1353 483 1383 Tertio.
502 1352 589 1383 Deus
605 1358 652 1382 est
667 1350 905 1382 nobilissimum
922 1350 1071 1381 omnium
1087 1350 1227 1382 entium:
1253 1360 1328 1391 ergo

252 1407 319 1428 non
335 1402 382 1427 est
405 1407 531 1437 corpus.
549 1414 570 1419 -
583 1395 783 1427 Antecedens
799 1402 886 1436 patet
906 1406 943 1426 ex
959 1395 1158 1437 praecedenti
1181 1395 1327 1426 articulo.

251 1440 491 1482 Consequentia
518 1441 687 1481 probatur:
713 1440 788 1482 quia
812 1440 938 1481 corpori
966 1447 1122 1481 repugnat
1145 1450 1213 1470 esse
1238 1439 1327 1470 nobi-

250 1484 422 1520 lissimum.
447 1485 547 1523 Quod
569 1485 732 1526 probatur.
758 1484 886 1525 Corpus
910 1491 966 1516 aut
989 1491 1035 1516 est
1050 1484 1170 1521 vivum,
1187 1491 1243 1515 aut
1261 1495 1327 1515 non

250 1530 377 1563 vivum:
402 1531 459 1561 sed
482 1536 634 1561 neutrum
657 1536 704 1560 est
724 1529 977 1560 nobilissimum:
1003 1529 1079 1570 quia
1102 1539 1168 1560 non
1191 1528 1264 1559 vivo
1283 1529 1328 1559 vi-

250 1584 330 1607 vum
345 1581 492 1615 praestat,
509 1581 540 1606 et
555 1574 628 1605 vivo
648 1580 785 1615 praestat
800 1573 832 1604 id
848 1584 915 1615 quo
931 1573 1017 1605 vivit.
1043 1574 1142 1612 Quod
1158 1583 1226 1604 esse
1242 1573 1328 1604 aliud

251 1630 270 1651 a
293 1629 428 1661 corpore
451 1619 620 1660 probatur:
646 1618 722 1660 quia
746 1628 873 1659 corpus,
897 1618 1091 1660 inquantum
1115 1628 1241 1659 corpu5‚
1262 1628 1328 1649 non

250 1663 343 1700 vivit3
368 1663 512 1705 alioquin
533 1674 630 1694 omne
655 1673 772 1704 corpus
796 1663 923 1695 viveret.
939 1682 959 1686 —
974 1663 1092 1695 Omnia
1114 1663 1196 1694 clara
1219 1670 1304 1694 sunt.

305 1709 359 1740 Vl.
387 1709 620 1744 Veruntamen,
645 1715 776 1749 propter
806 1708 989 1739 instantiam
1021 1708 1246 1749 quorundam,
1274 1707 1328 1737 illa

252 1752 450 1795 propositio,
475 1754 585 1784 vivens
615 1758 662 1784 est
691 1753 829 1784 nobilius
861 1762 924 1783 non
957 1753 1101 1790 vivente,
1134 1751 1328 1793 quibusdam

251 1807 319 1831 non
350 1796 476 1828 videtur
507 1807 598 1829 vera:
631 1798 708 1839 quia
741 1804 926 1839 sequeretur
957 1797 1047 1838 quod
1080 1796 1214 1828 formica
1248 1803 1329 1827 esset

251 1841 391 1873 nobilior
419 1842 543 1874 caelesti
572 1852 725 1883 corpore,
750 1842 840 1883 quod
871 1841 1086 1872 communiter
1113 1848 1238 1872 tenetur
1261 1851 1328 1871 non

251 1896 366 1918 vivere.

1372 249 1671 286 ARTICULUS
1703 251 1733 286 II
2405 252 2453 300 37

1434 328 1487 358 Ad
1505 327 1567 358 hoc
1592 327 1705 358 dicitur
1729 329 1818 369 quod
1842 339 1957 369 corpus
1989 331 2120 362 caeleste
2151 330 2231 361 forte
2263 337 2310 361 est
2332 331 2452 368 vivum,

1382 372 1560 402 secundum
1579 372 1751 403 veritatem.
1776 373 1817 404 Et
1836 380 1942 404 tamen
1958 374 1983 404 si
2004 382 2204 415 comparetur
2220 375 2259 405 ad
2276 375 2451 412 formicam,

1382 426 1448 446 non
1471 416 1665 457 inquantum
1687 416 1774 452 vivit,
1799 417 1853 447 sed
1877 417 2068 458 inquantum
2091 419 2222 449 caeleste
2246 429 2381 460 corpus,
2408 420 2453 450 fa-

1382 460 1448 491 cilis
1473 467 1519 491 est
1542 461 1720 502 responsio.
1744 460 1874 492 Dicetur
1893 462 1978 492 enim
2001 464 2089 503 quod
2113 463 2245 494 formica
2268 471 2304 494 ut
2326 464 2451 501 vivens,

1382 512 1428 535 est
1451 505 1591 536 nobilior
1614 515 1748 546 corpore
1768 506 1891 536 caelesti
1908 507 2028 536 seclusa
2042 507 2114 538 vita.
2139 508 2180 538 Et
2198 507 2260 538 hoc
2277 514 2323 538 est
2346 518 2453 539 neces-

1382 549 1514 580 sarium:
1539 550 1614 590 quia
1634 550 1695 580 hoc
1715 549 1794 580 nihil
1818 549 1904 580 aliud
1928 558 1974 581 est
1997 561 2094 591 quam
2119 551 2219 582 dicere
2239 553 2328 592 quod
2347 553 2453 583 anima

1382 601 1428 624 est
1451 594 1590 624 nobilior
1613 604 1822 635 quocumque
1846 604 1996 634 corpore;
2022 602 2108 626 totus
2131 606 2271 636 namque
2291 598 2370 627 ordo
2387 598 2452 628 ani-

1381 648 1508 668 marum
1532 646 1578 669 est
1601 649 1696 679 supra
1719 645 1825 669 totum
1849 639 1994 669 ordinem
2019 649 2205 680 corporum,
2230 648 2266 671 ut
2288 648 2384 680 patet.

1435 683 1497 714 Sed
1514 683 1539 713 si
1559 683 1737 714 secundum
1760 682 1923 714 veritatem
1948 684 2071 714 caelum
2095 694 2161 714 non
2180 691 2226 715 est
2240 685 2359 722 vivum,
2377 692 2453 717 tunc

1382 726 1539 758 difficilior
1562 734 1608 758 est
1632 727 1808 768 responsio.
1841 726 1916 757 Non
1941 727 2026 758 enim
2050 735 2154 768 potest
2184 729 2244 759 dici
2275 730 2364 770 quod
2394 730 2453 761 ista

1382 771 1577 812 comparatio
1607 778 1653 803 est
1679 781 1752 802 vera
1781 771 1971 808 formaliter,
1996 779 2027 803 et
2059 783 2125 802 non
2149 773 2348 813 simpliciter:
2373 774 2453 805 idest

1382 817 1470 857 quod
1493 816 1601 846 vivens
1626 823 1661 847 ut
1684 816 1738 852 sic¹
1759 823 1805 846 est
1827 816 1966 846 nobilius
1990 827 2056 846 non
2080 817 2204 848 vivente
2228 825 2263 848 ut
2286 818 2340 848 sic.
2364 819 2453 848 Tum

1382 861 1458 902 quia
1480 861 1539 892 ista
1563 860 1760 901 comparatio
1784 867 1865 891 esset
1895 860 2041 900 puerilis:
2067 871 2141 892 cum
2164 862 2244 901 lapis
2267 869 2302 892 ut
2326 862 2387 898 sic,
2415 863 2454 893 sit

1381 906 1476 936 etiam
1500 905 1639 936 nobilior
1658 915 1724 935 non
1743 905 1848 945 lapide
1866 912 1901 935 ut
1917 905 1977 941 sic;
2003 913 2032 936 et
2052 906 2266 936 universaliter
2282 916 2378 936 omne
2395 916 2453 946 po-

1381 950 1512 980 sitivum
1536 960 1593 980 sua
1612 949 1791 989 negatione.
1816 950 1905 980 Tum
1924 949 1998 990 quia
2022 960 2087 980 non
2107 950 2273 981 haberetur
2296 950 2454 981 intentum

1381 995 1413 1024 in
1438 994 1616 1034 proposito.
1643 994 1779 1024 Intendit
1803 993 1887 1024 enim
1912 994 2069 1024 destruere
2087 995 2193 1024 Deum
2208 1005 2274 1025 esse
2294 995 2326 1024 in
2349 995 2453 1026 latitu-

1382 1039 1455 1069 dine
1471 1049 1654 1079 corporum,
1675 1038 1751 1079 quia
1769 1038 1833 1069 vita
1854 1045 1900 1069 est
1919 1038 2057 1069 nobilior
2077 1039 2294 1079 corporeitate.
2320 1039 2454 1070 Constat

1382 1093 1521 1124 namque
1540 1083 1630 1124 quod
1648 1083 1764 1123 gradus
1778 1083 1881 1114 vitalis
1898 1083 1931 1113 in
1951 1083 2099 1114 universo
2124 1084 2267 1124 superior
2286 1090 2332 1114 est
2355 1084 2453 1123 gradu

1382 1135 1528 1163 naturae,
1554 1135 1589 1158 ut
1620 1127 1823 1167 distinguitur
1847 1134 1958 1158 natura
1982 1135 2090 1158 contra
2118 1128 2274 1158 animam:
2307 1135 2337 1159 et
2365 1129 2454 1168 quod

1381 1172 1587 1212 corporeitas,
1613 1172 1790 1202 secundum
1814 1179 1916 1202 totam
1939 1172 2139 1203 latitudinem
2163 1183 2270 1208 suam,
2299 1172 2454 1203 clauditur

1381 1216 1462 1246 infra
1481 1215 1627 1260 ordinem
1642 1216 1735 1246 vitae.
1762 1216 1858 1256 Igitur
1878 1227 1943 1247 non
1961 1217 2138 1247 secundum
2154 1217 2241 1257 quid,
2258 1218 2313 1247 sed
2337 1217 2455 1258 simpli-

1382 1261 1466 1297 citer,
1486 1267 1553 1291 tota
1576 1260 1711 1291 latitudo
1737 1260 1878 1301 corporis
1902 1268 1948 1292 est
1971 1260 2052 1291 infra
2075 1261 2274 1292 latitudinem
2297 1261 2389 1292 vitae.
2413 1262 2454 1292 Et

1381 1312 1559 1346 propterea,
1584 1305 1609 1335 si
1634 1305 1721 1336 Deus
1745 1312 1791 1336 est
1814 1305 2051 1336 nobilissimum
2075 1316 2144 1342 ens,
2170 1316 2236 1336 non
2260 1312 2364 1346 potest
2387 1316 2454 1336 esse

1382 1359 1515 1390 corpus:
1540 1349 1616 1391 quia
1639 1349 1731 1380 datur
1759 1349 1838 1380 ordo
1863 1350 2018 1390 superior,
2049 1350 2165 1381 scilicet
2188 1350 2304 1386 vitalis,
2331 1350 2364 1380 in
2387 1360 2453 1391 quo

1382 1401 1468 1435 patet
1491 1404 1559 1425 esse
1582 1393 1728 1425 viventia.

1435 1438 1616 1469 Dicendum
1640 1448 1715 1479 ergo
1745 1446 1790 1469 est
1813 1439 1903 1480 quod
1926 1439 2062 1470 viventia
2092 1446 2166 1470 sunt
2189 1439 2374 1479 simpliciter
2397 1449 2453 1470 no-

1382 1483 1494 1514 biliora
1517 1493 1584 1514 non
1607 1483 1796 1519 viventibus,
1814 1490 1849 1514 ut
1866 1484 1986 1514 ratione
2006 1484 2141 1514 adducta
2161 1490 2255 1524 patet,
2273 1490 2303 1514 et
2326 1484 2397 1515 XVI
2415 1484 2454 1515 de

1381 1526 1616 1559 Animalibus*
1640 1527 1789 1559 habetur:
1816 1535 1846 1559 et
1869 1528 1969 1569 quod,
1987 1528 2012 1558 si
2033 1529 2158 1559 caelum
2181 1539 2247 1558 non
2269 1535 2315 1559 est
2333 1529 2452 1565 vivum,

1381 1573 1471 1613 quod
1500 1571 1633 1603 formica
1662 1579 1708 1603 est
1731 1572 1915 1612 simpliciter
1948 1572 2087 1603 nobilius
2111 1583 2166 1603 ens
2189 1583 2287 1614 quam
2318 1573 2451 1604 caelum.

1382 1617 1519 1649 Caelum
1542 1624 1648 1648 tamen
1673 1624 1719 1648 est
1743 1617 1882 1648 nobilius
1907 1627 2024 1658 corpus
2040 1628 2138 1658 quam
2158 1617 2306 1648 formica:
2332 1625 2363 1648 et
2380 1628 2453 1658 pro-

1382 1669 1450 1702 pter
1473 1661 1555 1692 hanc
1579 1661 1777 1692 nobilitatem
1801 1661 1832 1692 in
1857 1672 1970 1702 genere
1995 1672 2177 1703 corporum,
2202 1663 2321 1693 multae
2340 1662 2453 1693 nobili-

1381 1714 1459 1738 tates
1483 1706 1661 1737 secundum
1684 1706 1762 1748 quid
1786 1713 1929 1747 respectu
1954 1707 2045 1743 vitae,
2070 1706 2128 1737 sibi
2153 1707 2356 1743 conveniunt,
2376 1714 2453 1747 puta

1381 1750 1672 1791 incorruptibilitas»,
1698 1757 1756 1781 etc.

1433 1795 1618 1826 Aristoteles
1634 1802 1751 1831 tamen,
1762 1795 1805 1826 Vl
1821 1795 1925 1826 Ethic.
1937 1794 1963 1831 *,
1984 1795 2061 1826 dicit
2077 1806 2212 1836 corpora
2227 1796 2370 1827 caelestia
2386 1806 2452 1826 esse

1379 1840 1537 1871 nobiliora
1551 1839 1647 1870 etiam
1663 1839 1804 1876 homine,
1820 1839 1896 1881 quia
1911 1846 1996 1871 tenet
2015 1839 2068 1870 illa
2082 1840 2234 1877 viventia;
2259 1848 2294 1871 ut
2310 1850 2452 1881 expresse

1379 1885 1411 1915 in
1437 1884 1463 1915 11
1490 1884 1582 1915 Caeli
1597 1884 1614 1903 *
1638 1885 1890 1925 supponendum
1914 1895 1980 1915 esse
2006 1884 2089 1915 dicit.

1031 2065 1351 2108 ARTICULUS
1382 2064 1681 2107 SECUNDUS

617 2170 796 2200 UTRUM
829 2169 872 2199 IN
905 2168 1004 2200 uno
1036 2168 1111 2199 εῖτ
1148 2166 1461 2199 COMPOSITIO
1493 2167 1698 2198 FORMAE
1732 2166 1794 2197 ET
1830 2168 2091 2198 MATERIAE

727 2257 736 2281 1
757 2257 841 2286 Sent„
861 2257 920 2282 dist.
939 2264 1012 2287 xxxv,
1031 2261 1078 2281 art.
1097 2263 1119 2286 ις
1140 2256 1148 2280 l
1171 2256 1248 2281 Cont.
1270 2256 1357 2286 Geni„
1377 2263 1432 2287 cap.
1451 2262 1515 2285 xvu3
1534 2255 1678 2287 compend.
1697 2254 1722 2280 T
1723 2254 1798 2284 heoI.,
1819 2262 1875 2288 cap.
1894 2262 1981 2280 xxvm.

276 2368 342 2408 μὴ·
366 2368 437 2411 μᾷ(
466 2359 488 2383 1)
508 2358 699 2384 SECUNDUM
719 2358 773 2383 sn:
787 2357 1028 2382 PROCEmTUR.
1045 2345 1206 2382 Videtur
1223 2345 1329 2393 quod

279 2396 331 2446 ἐὺ
344 2392 442 2462 χὲῇ·
467 2401 505 2437 ἰη
532 2401 618 2438 Deo
648 2399 694 2436 sit
723 2399 953 2459 compositio
972 2399 1121 2436 formae
1151 2406 1187 2435 et
1210 2405 1329 2434 mate-

270 2447 389 2500 ,γ’χρὲ,
401 2439 451 2496 'f‘
467 2454 555 2491 riae.
586 2453 715 2490 Omne
741 2452 845 2490 enim
874 2453 981 2501 quod
1001 2453 1118 2490 habet
1146 2451 1328 2498 animam,

275 2503 452 2545 13³⁴&
422 2501 523 2544 &est
557 2506 817 2556 compositum
847 2519 891 2544 ex
929 2505 1089 2544 materia
1118 2514 1153 2543 et
1182 2506 1327 2542 forma:

253 2561 342 2610 quia
357 2560 486 2598 anima
501 2568 558 2598 est
575 2561 700 2598 forma
719 2560 904 2609 corporis.
926 2560 1004 2597 Sed
1021 2559 1215 2609 Scriptura
1229 2558 1330 2596 attri-

252 2614 336 2652 buit
353 2613 524 2651 animam
543 2615 653 2651 Deo:
667 2613 919 2651 introducitur
938 2614 1042 2651 enim
1061 2614 1114 2650 ad
1125 2614 1247 2650 Hebr.
1264 2612 1328 2659 x*,

254 2679 301 2705 ex
328 2679 495 2717 persona
523 2667 614 2703 Dei:
644 2667 760 2704 iustus
779 2673 906 2704 autem
926 2679 1032 2704 meus
1051 2679 1101 2703 ex
1115 2667 1199 2715 fide
1217 2666 1330 2711 vivit,·

254 2721 357 2770 quod
382 2720 418 2757 si
441 2721 676 2758 subtraxerit
690 2731 742 2767 se,
763 2732 838 2757 non
853 2721 1023 2769 placebit
1042 2721 1195 2758 animae
1209 2732 1327 2757 meae.

254 2774 358 2823 Ergo
388 2774 495 2811 Deus
525 2781 581 2811 est
610 2773 846 2823 compositus
866 2786 911 2811 ex
940 2774 1098 2811 materia
1128 2782 1164 2811 et
1191 2774 1328 2811 forma.

310 2839 346 2865 2.
367 2828 603 2874 Pam-mam,
623 2827 691 2874 ira,
713 2827 909 2876 gaudium,
932 2835 969 2865 et
987 2827 1222 2873 huiusmodi,
1244 2835 1331 2864 sunt

255 2881 454 2931 passiones
483 2880 686 2928 coniuncti,
707 2888 750 2918 ut
773 2881 907 2918 dicitur
931 2883 944 2918 I
965 2882 1012 2918 de
1029 2882 1170 2918 Anima
1190 2881 1219 2917 *.
1252 2881 1329 2918 Sed

256 2934 480 2972 huiusmodi
509 2934 765 2971 attribuuntur
787 2934 901 2971 Deo
893 2947 931 2971 1n
953 2934 1164 2983 Scriptura:
1196 2934 1332 2971 dicitur

257 2988 362 3026 enim
390 2988 430 3025 in
457 2988 613 3025 Psalmo
633 2987 670 3024 *z
701 2987 820 3025 iratus
847 2994 902 3026 est
914 2990 1060 3037 furore
1082 2988 1271 3025 Dominus
1291 2988 1327 3024 in

251 3041 437 3091 populum
464 3054 589 3078 suum.
620 3042 723 3089 Ergo
752 3036 870 3078 Deus
889 3054 936 3079 ex
963 3041 1124 3078 materia
1150 3049 1187 3078 et
1206 3041 1331 3080 forma

259 3102 315 3132 est
342 3095 590 3144 compositus.

314 3149 348 3185 3.
370 3148 604 3195 PRAETEREA,
620 3148 780 3185 materia
794 3156 851 3185 est
865 3148 1096 3197 principium
1116 3148 1331 3185 individua-

258 3201 382 3238 tionis.
418 3201 494 3238 Sed
531 3203 638 3238 Deus
665 3202 817 3239 videtur
846 3213 928 3238 esse
956 3201 1221 3239 individuum:
1251 3214 1331 3238 non

260 3254 362 3292 enim
387 3253 435 3291 de
463 3255 591 3291 multis
609 3254 860 3304 praedicatur.
891 3255 994 3303 Ergo
1016 3262 1071 3292 est
1095 3254 1330 3304 compositus

260 3321 306 3345 ex
334 3307 496 3345 materia
523 3316 560 3345 et
587 3308 723 3346 forma.

315 3362 390 3398 SED
419 3372 579 3408 CONTRA,
598 3373 716 3399 omne
745 3361 1005 3411 compositum
1035 3373 1080 3398 ex
1109 3361 1267 3398 materia
1296 3370 1332 3398 et

260 3414 386 3451 forma
414 3421 470 3450 est
499 3426 655 3462 corpus:
685 3415 875 3463 quantitas
904 3414 1006 3462 enim
1033 3414 1246 3452 dimensiva
1275 3422 1332 3452 est

260 3479 359 3516 quae
396 3467 522 3516 primo
557 3467 729 3505 inhaeret
765 3468 958 3506 materiae.
996 3468 1073 3505 Sed
1108 3469 1214 3505 Deus
1251 3481 1331 3505 non

316 3600 344 3631 α)
362 3603 403 3624 est
420 3599 449 3624 id
467 3599 540 3631 quod
557 3601 597 3624 est
616 3598 642 3623 in
657 3599 789 3630 potentia.
800 3613 820 3619 -

263 3635 372 3668 EFGpA
392 3640 417 3660 et
436 3635 477 3660 ed.
490 3642 515 3660 a.

831 3600 861 3624 ia
878 3600 950 3632 quod
967 3603 1015 3629 est,
1029 3601 1055 3625 in
1069 3600 1194 3632 potentia
1213 3604 1252 3625 est
1266 3600 1332 3624 BCD
1358 3600 1363 3666 Ι

1384 2351 1440 2380 est
1464 2355 1615 2392 corpus,
1636 2351 1678 2380 ut
1697 2351 1894 2380 ostensum
1915 2351 1971 2380 est
1989 2344 2020 2380 ⁷¹⁸.
2051 2345 2153 2392 Ergo
2175 2346 2280 2382 Deus
2301 2358 2379 2382 non
2400 2354 2454 2383 est
2482 2356 2491 2366 ·

1384 2397 1621 2446 compositus
1650 2409 1696 2434 ex
1725 2397 1883 2434 materia
1913 2404 1949 2434 et
1977 2398 2113 2434 forma.

1439 2451 1664 2488 RESPONDEO
1698 2462 1883 2488 DlCENDUM
1918 2451 2023 2499 quod
2059 2451 2294 2500 impossibile
2333 2461 2388 2490 est
2415 2453 2453 2490 in

1384 2505 1468 2541 Deo
1490 2517 1573 2541 esse
1602 2504 1815 2541 materiam.
1846 2503 1974 2541 Primo
1995 2504 2164 2553 quidem,
2186 2505 2275 2554 quia
2295 2507 2454 2543 materia

1384 2565 1440 2595 est
1467 2557 1506 2595 id
1535 2558 1641 2607 quod
1671 2565 1726 2594 est
1753 2557 1792 2594 in
1814 2557 1983 2606 potentia
2003 2564 2031 2595 α.
2064 2559 2273 2596 Ostensum
2303 2567 2359 2596 est
2388 2572 2454 2596 au-

1383 2619 1461 2648 tem
1481 2611 1501 2633 ²¹⁸
1529 2611 1635 2660 quod
1673 2612 1778 2647 Deus
1809 2618 1864 2647 est
1890 2623 2010 2660 purus
2045 2619 2170 2660 actus,
2201 2625 2279 2649 non
2307 2613 2454 2650 habens

1384 2665 1527 2713 aliquid
1557 2665 1604 2701 de
1631 2664 1903 2713 potentialitate
1923 2664 1953 2701 *.
1984 2665 2370 2714 Unde'impossibile
2400 2675 2455 2704 est

1383 2719 1490 2767 quod
1514 2719 1620 2755 Deus
1649 2717 1694 2754 sit
1722 2717 1959 2767 compositus
1989 2731 2042 2755 ex-
2063 2719 2223 2756 materia
2252 2728 2288 2756 et
2316 2720 2453 2758 forma.

1438 2772 1636 2818 Secundo,
1667 2771 1756 2820 quia
1785 2783 1902 2808 omne
1938 2772 2196 2821 compositum
2227 2786 2272 2810 ex
2298 2774 2455 2811 materia

1385 2833 1421 2862 et
1449 2826 1574 2863 forma
1603 2832 1658 2861 est
1685 2825 1898 2873 perfectum
1921 2833 1957 2862 et
1986 2826 2133 2863 bonurn
2152 2839 2222 2875 per
2250 2839 2359 2863 suam
2380 2828 2455 2864 for·

1384 2891 1510 2916 mam:
1539 2878 1644 2915 unde
1673 2886 1825 2927 oportet
1854 2879 1959 2926 quod
1989 2879 2034 2915 sit
2071 2879 2217 2916 bonurn
2246 2892 2316 2929 per
2342 2881 2454 2929 parti-

1383 2932 1632 2982 cipationem,
1664 2931 1878 2969 secundum
1914 2932 2018 2981 quod
2056 2933 2215 2970 materia
2256 2934 2455 2993 participa-t

1384 2988 1562 3023 formam.
1589 2984 1763 3022 Primum
1784 2993 1913 3023 autem
1934 2986 2040 3034 quod
2061 2994 2117 3023 est
2136 2987 2283 3023 bonum
2305 2994 2341 3023 et
2360 2987 2455 3035 opti-

1384 3052 1507 3087 mum,
1537 3039 1643 3087 quod
1671 3039 1777 3076 Deus
1807 3047 1877 3087 est,
1907 3052 1986 3077 non
2015 3048 2070 3077 est
2099 3041 2245 3077 bonum
2272 3052 2342 3088 per
2368 3053 2454 3088 par-

1384 3093 1666 3142 ticipationem:
1695 3092 1785 3140 quia
1813 3068 1961 3130 boilum
1994 3105 2063 3142 per
2091 3093 2316 3140 essentiam,
2349 3093 2455 3142 pflus

1385 3155 1440 3184 est
1469 3147 1573 3183 bono
1602 3158 1671 3194 per
1699 3145 2040 3195 participationem.
2081 3146 2191 3183 Unde
2220 3146 2454 3195 impossibile

1385 3209 1440 3238 est
1482 3199 1588 3248 quod
1630 3199 1738 3236 Deus
1775 3199 1821 3236 sit
1863 3200 2099 3248 compositus
2137 3212 2182 3236 ex
2224 3200 2382 3237 materia
2419 3208 2455 3237 et

1386 3255 1520 3291 forma.

1439 3305 1584 3353 Tertio,
1600 3305 1689 3354 quia
1703 3306 2009 3355 unumquodque
2029 3318 2144 3353 agens
2164 3306 2239 3353 agit
2256 3318 2326 3355 per
2343 3319 2455 3344 suam

1384 3362 1569 3398 formam:
1598 3359 1702 3396 unde
1730 3359 1943 3396 secundum
1973 3359 2076 3407 quod
2100 3359 2242 3408 aliquid
2271 3372 2312 3396 se
2339 3361 2455 3397 habet

1386 3415 1436 3451 ad
1464 3425 1574 3450 suam
1589 3411 1607 3440 β
1635 3412 1812 3460 formam,
1834 3412 1886 3449 sic
1906 3424 1946 3449 se
1966 3413 2081 3453 habet
2109 3412 2158 3449 ad
2185 3413 2260 3449 hoc
2285 3414 2389 3462 quod
2409 3414 2455 3451 sit

1387 3479 1514 3515 agens.
1545 3466 1663 3512 Quod
1691 3465 1802 3513 igitur
1828 3466 1997 3514 primurn
2027 3474 2082 3503 est
2105 3473 2142 3502 et
2159 3478 2228 3515 per
2256 3479 2296 3503 se
2325 3479 2452 3515 agens,

1442 3597 1466 3631 β)
1486 3605 1572 3623 suam.
1585 3612 1605 3616 -
1618 3597 1680 3622 Om.
1700 3597 1810 3622 codices.
1824 3612 1843 3616 -
1862 3598 1913 3622 Pro
1931 3604 2026 3630 agens,
2046 3604 2129 3630 agens
2148 3604 2186 3622 ex
2203 3605 2250 3628 ea;
2269 3603 2294 3622 et
2312 3606 2360 3630 pro
2378 3598 2456 3629 Quod

1387 3635 1480 3668 igitur,
1504 3635 1568 3659 Cum
1589 3633 1675 3666 igitur
1692 3633 1725 3657 D.

2482 1535 2489 1542 ·
2501 1533 2591 1560 Cap.1.-
2599 1533 2652 1554 Did.
2663 1533 2694 1554 de

2481 1560 2622 1581 Am'malium
2646 1559 2693 1581 Ge-

2481 1587 2613 1614 neralione,
2620 1586 2692 1613 lib.ll,

2481 1619 2532 1641 cap.
2544 1619 2558 1634 ι.

2480 1801 2489 1810 ·
2506 1800 2562 1827 Cap.
2574 1806 2613 1826 vn,
2624 1806 2680 1826 n-4.

2481 1882 2487 1889 ·
2505 1880 2563 1907 Cap.
2573 1886 2613 1907 xn,
2623 1886 2647 1901 n.
2656 1886 2678 1901 2.

2506 2355 2558 2377 Art.
2568 2361 2646 2382 praec.

2482 2623 2490 2630 ·
2506 2621 2567 2642 Ibid.

2481 2676 2491 2685 ⁸
2507 2675 2535 2696 D.
2550 2675 2604 2702 467.
