2768 4178
18 922 21 923 .
44 891 54 902 ·
67 887 125 917 cup.
139 894 218 910 xxxvi.

18 1014 21 1016 ,
31 995 32 998 ’
41 993 54 1007 “
75 992 136 1015 coni

43 1018 84 1043 nb.
90 1019 114 1042 V

161 996 199 1015 tur
226 998 255 1014 ex

137 1019 254 1046 eTrt'm't„

35 2186 53 2198 *
69 2185 107 2208 ef.
121 2191 186 2209 num.
199 2191 230 2208 tv.

16 2655 23 2674 ¹,
41 2625 138 2680 ’ἦέ-Ἀθ,
166 2641 172 2648 “
183 2658 198 2681 p

38 2683 102 2702 Ὀσι-

987 271 1254 318 QUAEsrio
1283 271 1383 318 xvi,
1413 271 1709 309 ARTICULUS
1739 274 1751 308 1

283 359 365 389 tum
395 358 450 388 est
478 351 624 399 signum
654 351 862 388 intellectus
889 350 981 388 veri.
1017 351 1066 386 Et
1094 349 1261 387 similiter
1289 362 1348 386 res

284 405 472 442 naturales
502 404 677 442 dicuntur
707 409 815 441 esse⁰
843 415 970 450 verae,
1001 403 1214 440 secundum
1244 403 1346 452 quod

284 465 537 507 assequuntur
564 457 848 495 similitudinem
883 455 1096 504 specierum
1135 469 1233 505 quae
1263 464 1349 492 sunt

284 511 322 548 in
350 518 478 548 mente
508 510 656 548 divina:
688 509 822 547 dicitur
850 509 951 545 enirn
971 521 1086 546 verus
1114 509 1218 558 lapis,
1250 509 1347 558 qui⁷²

285 564 496 613 assequitur
527 563 722 613 propriam
752 561 884 610 lapidis
912 569 1105 609 naturam,
1137 562 1347 599 secundum

282 617 672 666 praeconceptionem
709 615 918 652 intellectus
951 615 1080 652 divini.
1110 636 1133 642 -
1163 615 1226 652 Sic
1259 627 1347 662 ergo

283 669 422 707 veritas
454 669 708 719 principaliter
737 675 791 704 est
819 668 857 704 in
885 668 1093 713 intellectu;
1124 668 1347 705 secundario

283 734 378 759 vero
406 722 445 759 in
473 722 598 769 rebus,
629 721 840 758 secundum
870 722 976 769 quod
1005 729 1275 769 comparantur
1300 721 1349 758 ad

284 775 514 812 intellectum
533 781 548 806 Ρ
574 782 616 810 ut
644 774 692 811 ad
720 773 960 823 principium.

337 828 387 864 Et
415 829 627 865 secundum
656 827 741 873 hoe,
771 828 910 864 veritas
940 826 1195 864 diversimode
1224 827 1349 865 notifi-

284 888 399 918 catur.
429 881 533 917 Nam
553 880 799 928 Augustinus,
820 881 859 918 in
878 880 973 917 libro
994 880 1039 916 de
1064 881 1161 916 Vera
1180 881 1304 930 Relig.
1317 880 1348 927 ²¹⁶,

285 932 374 971 dicit
399 934 507 983 quod
524 933 663 970 veritas
681 939 744 979 est,
766 945 841 982 qua
860 934 1063 970 ostenditur
1090 934 1128 970 id
1154 934 1256 981 quod
1285 940 1348 971 est.

284 987 333 1024 Et
357 986 523 1023 Hilarius
553 986 680 1023 dicit*
708 987 813 1036 quod
840 998 972 1024 verum
1001 992 1055 1023 est
1079 987 1348 1024 declarativum

282 1045 351 1077 aut
376 1040 692 1088 manifestativum
721 1052 809 1077 esse.
840 1041 889 1076 Et
915 1041 990 1076 hoc
1018 1039 1179 1087 pertinet
1207 1040 1256 1076 ad
1283 1052 1349 1076 ve-

284 1092 433 1130 ritatem
470 1093 682 1130 secundum
721 1093 826 1142 quod
859 1100 915 1129 est
947 1092 986 1129 in
1021 1092 1224 1130 intellectu.
1244 1113 1268 1120 -
1288 1093 1349 1130 Ad

282 1145 483 1184 veritatem
512 1154 640 1183 autem
669 1146 723 1183 rei
747 1145 959 1183 secundum
983 1144 1157 1182 ordinem
1178 1145 1226 1182 ad
1245 1145 1350 1182 intel-

284 1199 445 1245 lectum,
479 1199 642 1248 pertinet
677 1199 846 1236 definitio
881 1197 1081 1246 Augustini
1114 1198 1154 1235 in
1181 1197 1277 1234 libro
1306 1198 1351 1234 de

291 1252 532 1302 VeraeRelig.
548 1252 568 1274 '¹‘
582 1259 614 1289 ’τ
643 1253 781 1290 veritas
795 1258 849 1290 est
865 1263 1014 1288 summa
1033 1251 1233 1287 similitudo
1242 1251 1349 1299 prin-

285 1305 382 1353 cipii,
407 1316 505 1353 quae
530 1306 611 1343 sine
639 1305 715 1342 ulla
743 1304 1038 1342 dissimilitudine
1065 1309 1127 1340 est.
1158 1304 1207 1340 Et
1235 1316 1350 1352 quae-

246 1374 257 1379 ·
285 1357 375 1395 dam
403 1357 572 1395 definitio
592 1358 764 1395 Anselmi
778 1358 814 1394 *ε
844 1357 982 1394 veritas
1001 1362 1056 1393 est
1072 1356 1251 1393 rectitudo
1269 1356 1350 1393 sola

284 1416 407 1448 mente
423 1411 691 1459 perceptibilis;
719 1423 810 1448 nam
835 1418 981 1447 rectum
1002 1417 1068 1456 est,
1091 1409 1196 1458 quod
1214 1409 1350 1458 princi-

250 1484 256 1491 ·
283 1463 349 1513 pio
370 1464 587 1501 concordat.
613 1465 662 1500 Et
681 1463 872 1512 quaedam
893 1462 1062 1500 definitio
1083 1461 1348 1499 Avicennae*:

283 1517 423 1554 veritas
458 1517 748 1565 uniuscuiusque
779 1517 837 1553 rei
867 1522 923 1553 est
949 1515 1161 1567 proprietas
1187 1516 1247 1552 sui
1273 1527 1351 1551 esse

284 1569 386 1618 quod
401 1569 603 1606 stabilitum
623 1575 676 1606 est
694 1570 738 1606 ei.
760 1591 784 1598 -
806 1569 923 1616 Quod
942 1576 1070 1606 autem
1091 1568 1226 1605 dicitur
1244 1568 1350 1617 quod

190 1632 256 1656 ”aa
283 1621 422 1660 veritas
440 1628 495 1659 est
511 1623 735 1671 adaequatio
756 1623 813 1659 rei
830 1628 866 1659 et
883 1621 1084 1659 intellectus
1102 1621 1133 1669 ²⁸,
1158 1628 1283 1670 potest
1302 1622 1350 1659 ad

283 1682 489 1725 utrumque
517 1675 718 1725 pertinere.

338 1808 364 1841 ο)
383 1815 446 1834 esse.
465 1822 483 1827 -
501 1808 563 1833 Om.
581 1808 653 1833 FGa.

289 1853 292 1855 >
337 1844 368 1876 π)
387 1844 441 1877 qui.
458 1857 478 1863 -
495 1843 558 1876 quia
578 1843 606 1868 Ρ.

338 1878 363 1912 ρ)
382 1882 576 1911 comparantur
593 1879 631 1903 ad
650 1879 852 1904 intellectum.—
833 1881 1057 1910 —comparantur
1075 1876 1112 1901 ad
1131 1877 1289 1901 intellectum
1309 1876 1349 1901 di-

285 1913 376 1940 vinum
396 1914 428 1945 D,
445 1917 639 1946 comparantur
656 1914 694 1939 ad
712 1914 872 1939 intellectum
891 1913 990 1938 scilicet
1008 1912 1127 1937 divinum
1147 1912 1176 1936 B.

2386 282 2464 318 207

1454 352 1512 386 AD
1533 363 1670 388 PR1MuM
1693 363 1791 388 ERGO
1811 364 1993 390 DICENDUM
2013 354 2117 402 quod
2145 354 2379 402 Augustinus
2406 354 2464 391 lo-

1402 403 1528 452 quitur
1556 404 1603 441 de
1626 404 1782 441 veritate
1813 405 1882 450 rei;
1904 413 1939 442 et
1959 407 2119 444 excludit
2138 420 2160 443 a
2180 407 2322 444 ratione
2351 407 2463 444 huius

1401 456 1579 503 veritatis,
1597 457 1922 506 comparationem
1939 459 1987 495 ad
2002 459 2231 496 intellectum
2247 468 2418 497 nostrum
2434 467 2461 498 f.

1402 510 1504 546 Nam
1538 510 1577 546 id
1610 510 1714 559 quod
1744 518 1799 547 est
1826 523 1895 559 per
1931 512 2126 560 accidens,
2157 514 2204 550 ab
2232 526 2463 563 unaquaque

1403 562 1621 599 definitione
1652 563 1870 600 excluditur.

1455 617 1513 652 AD
1534 628 1723 653 SECUNDUM
1743 628 1926 654 DICENDUM
1954 618 2059 665 quod
2083 618 2225 666 antiqui
2243 619 2461 668 philosophi

1403 668 1547 717 species
1568 681 1695 705 rerum
1716 669 1943 706 naturalium
1963 682 2041 706 non
2062 670 2236 708 dicebant
2253 673 2460 720 procedere

1403 722 1450 758 ab
1472 721 1598 769 aliquo
1627 722 1826 770 intellectu,
1848 723 1915 759 sed
1935 735 1998 759 eas
2022 724 2223 771 provenire
2244 737 2266 760 a
2286 737 2396 762 casu:
2427 732 2463 762 et

1403 774 1491 823 quia
1526 774 1815 812 considerabant
1848 775 1952 824 quod
1980 788 2116 812 verum
2152 777 2330 826 importat
2359 790 2463 814 com—

1401 827 1637 876 parationem
1667 828 1715 865 ad
1742 828 1984 875 intellectum,
2006 830 2238 876 cogebantur
2265 830 2462 867 veritatem

1403 893 1529 917 rerum
1566 880 1794 917 constituere
1822 881 1860 917 in
1889 881 2022 918 ordine
2057 882 2106 919 ad
2133 882 2362 919 intellectum
2396 895 2463 920 no-

1403 941 1532 970 strum.
1563 934 1620 970 Ex
1649 946 1726 982 quo
1755 934 2059 971 inconvenientia
2091 936 2346 984 sequebantur
2365 948 2463 983 quae

1403 987 1658 1035 Philosophus
1686 987 1927 1035 prosequitur
1945 987 1983 1024 in
2004 988 2055 1024 IV
2072 989 2288 1037 Metaphys.
2305 989 2324 1011 ’¹‘
2353 989 2463 1036 Quae

1403 1040 1559 1087 quidem
1580 1039 1885 1076 inconvenientia
1913 1046 1991 1077 non
2019 1041 2203 1088 accidunt,
2225 1041 2254 1078 si
2273 1054 2464 1090 ponamus

1401 1092 1601 1129 veritatem
1638 1104 1766 1129 rerum
1800 1092 2004 1130 consistere
2037 1093 2075 1130 in
2105 1094 2387 1143 comparatione
2416 1094 2464 1132 ad

1403 1145 1632 1181 intellectum
1663 1145 1846 1182 divinum.

1456 1200 1514 1234 AD
1533 1209 1692 1234 TERTIUM
1712 1210 1895 1235 DICENDUM
1919 1199 2034 1246 quod,
2055 1199 2140 1236 licet
2158 1200 2296 1237 veritas
2324 1200 2464 1237 intelle-

1404 1257 1484 1287 ctus
1504 1250 1621 1286 nostri
1641 1262 1663 1286 a
1683 1262 1721 1286 re
1744 1258 1928 1297 causetur,
1946 1263 2025 1288 non
2043 1259 2172 1289 tamen
2192 1260 2340 1301 oportet
2360 1253 2464 1302 quod

1403 1303 1441 1340 in
1470 1315 1510 1339 re
1538 1314 1607 1351 per
1633 1303 1766 1351 prius⁰
1794 1303 2007 1340 inveniatur
2034 1305 2127 1341 ratio
2155 1305 2339 1342 veritatis:
2371 1306 2465 1342 sicut

1403 1368 1527 1405 neque
1556 1356 1595 1392 in
1623 1355 1810 1393 medicina
1838 1368 1907 1405 per
1933 1357 2036 1405 prius
2072 1357 2259 1395 invenitur
2287 1358 2379 1395 ratio
2409 1371 2465 1395 sa-

1403 1408 1527 1445 nitatis
1555 1420 1672 1456 quarn
1701 1409 1739 1445 in
1767 1408 1936 1454 animali;
1965 1409 2084 1447 virtus
2113 1410 2214 1447 enim
2239 1411 2464 1459 medicinae,

1403 1474 1482 1498 non
1510 1468 1648 1498 sanitas
1678 1461 1771 1509 eius,
1802 1470 1930 1499 causat
1957 1463 2167 1508 sanitatem,
2199 1476 2286 1501 curn
2314 1474 2392 1501 non
2421 1465 2466 1501 sit

1404 1527 1519 1563 agens
1537 1514 1760 1551 univocum.
1786 1515 1835 1551 Et
1853 1515 2023 1552 similiter
2042 1528 2123 1553 esse
2144 1516 2208 1563 rei,
2230 1530 2308 1554 non
2326 1517 2464 1554 veritas

1404 1568 1496 1615 eius,
1527 1575 1656 1604 causat
1682 1567 1881 1604 veritatem
1909 1568 2127 1606 intellectus.
2158 1570 2267 1607 Unde
2294 1571 2464 1607 Philoso-

1403 1621 1503 1669 phus
1532 1620 1619 1657 dicit
1647 1620 1753 1668 quod
1782 1620 1910 1669 opinio
1941 1629 1977 1658 et
1996 1622 2115 1658 oratio
2143 1635 2236 1659 vera
2265 1630 2320 1660 est
2347 1635 2396 1660 ex
2420 1635 2463 1660 eo

1404 1674 1505 1722 quod
1530 1685 1590 1710 res
1617 1679 1686 1719 est,
1716 1685 1795 1711 non
1822 1686 1872 1710 ex
1899 1686 1942 1710 eo
1970 1675 2071 1723 quod
2097 1687 2156 1711 res
2183 1687 2274 1712 vera
2302 1682 2364 1713 est.

1404 1841 1427 1865 A
1459 1807 1484 1837 σ)
1505 1807 1537 1831 de
1558 1813 1621 1831 vera
1639 1806 1757 1840 Relig.-
1738 1806 1831 1831 -talis
1849 1806 1918 1831 addit
1933 1806 1960 1836 Ρ,
1976 1811 2001 1831 et
2015 1806 2048 1831 ita
2062 1806 2127 1831 infra
2143 1812 2202 1840 post
2213 1807 2339 1837 Amelmi,
2360 1813 2385 1833 et
2404 1814 2463 1842 post

1429 1841 1562 1866 vicennae.

1458 1876 1482 1908 τ)
1503 1880 1632 1901 nostrum.
1650 1891 1670 1896 -
1688 1884 1740 1902 non
1760 1880 1848 1902 autem
1867 1877 1904 1902 ad
1923 1878 2082 1902 intellectum
2102 1877 2221 1902 divinum
2241 1878 2310 1903 addit
2327 1880 2357 1904 B.

1457 1913 1483 1943 u)
1497 1919 1549 1943 per
1563 1911 1651 1943 prius.
1669 1926 1688 1931 -
1701 1912 1792 1944 primo
1811 1912 1930 1943 BCEFG,
1945 1918 1970 1938 et
1989 1913 2022 1938 ita
2041 1921 2100 1938 mox
2119 1913 2217 1938 BEFG.

961 1999 1293 2032 Commentaria
1315 1998 1565 2031 Cardinalis
1587 1999 1788 2032 Caietam

346 2101 454 2122 rrimus
467 2091 576 2122 clarus.
588 2108 608 2113 -
623 2090 659 2120 In
679 2100 811 2130 corpore
827 2090 909 2120 duo:
931 2089 1046 2129 primo,
1066 2088 1235 2128 respondet
1254 2098 1349 2128 quae-

288 2103 426 2172 Tsito;
451 2135 600 2171 secundo,
625 2134 760 2174 assignat
782 2133 937 2164 rationem
964 2132 1106 2173 plurium
1129 2131 1350 2162 definitionum

285 2180 431 2216 veritatis,
455 2179 512 2210 ibi:
537 2179 581 2210 Et
603 2178 776 2209 secundum
801 2179 860 2208 hoc
883 2178 1001 2208 veritas
1014 2176 1040 2207 *.

340 2224 377 2255 11.
398 2223 515 2261 Quoad
532 2224 694 2264 primum,
719 2221 882 2253 conclusio
906 2220 1089 2261 responsiva
1117 2219 1260 2261 quaesito
1284 2226 1348 2250 est:

285 2267 406 2300 Veritas
429 2266 641 2308 principaliter
664 2273 711 2297 est
732 2266 765 2296 in
789 2265 958 2301 intellectu,
980 2264 1166 2295 secundario
1190 2264 1222 2294 in
1246 2264 1348 2300 rebus,

284 2312 319 2343 in
342 2311 453 2342 ordine
476 2311 516 2341 ad
539 2310 734 2342 intellectum
757 2320 774 2340 a
797 2320 863 2351 quo
888 2309 1074 2350 dependent.

339 2356 427 2386 Haec
441 2355 604 2386 conclusio
620 2355 714 2386 habet
728 2361 789 2385 tres
806 2361 918 2394 partes.
942 2353 984 2384 Et
1001 2352 1108 2394 quoad
1119 2353 1263 2393 primam
1280 2351 1350 2393 qui-

287 2400 371 2436 dem,
385 2400 545 2441 probatur.
562 2399 683 2430 Verum
700 2405 746 2429 est
768 2398 922 2429 terminus
936 2397 1129 2428 intellectus:
1155 2406 1229 2436 ergo
1254 2403 1300 2427 est
1318 2396 1350 2426 in

285 2443 455 2475 intellectu.
471 2461 491 2466 -
504 2443 702 2474 Antecedens
726 2442 899 2473 declaratur
922 2451 959 2472 ex
982 2440 1212 2482 proportionali
1236 2450 1350 2471 conve-

286 2488 404 2519 nientia
425 2488 506 2518 inter
528 2497 640 2518 verum
655 2493 685 2518 et
700 2487 836 2517 bonum:
861 2486 936 2526 quia
959 2485 1040 2516 sicut
1059 2486 1183 2516 bonum
1199 2483 1351 2524 significat

286 2531 320 2562 id
337 2532 371 2563 in
394 2532 484 2572 quod
506 2531 606 2562 tendit
629 2530 803 2571 appetitus,
827 2530 870 2560 ita
892 2539 1004 2560 verum
1026 2529 1059 2559 id
1079 2529 1118 2560 ad
1141 2529 1230 2569 quod
1253 2528 1351 2559 tendit

285 2575 470 2607 intellectus.
496 2575 733 2616 Consequentia
750 2584 825 2604 vero
845 2574 997 2614 probatur
1019 2583 1056 2604 ex
1079 2573 1250 2604 differentia
1273 2573 1352 2603 inter

227 2625 232 2631 ·
252 2642 258 2648 .
287 2619 464 2660 appetitum
494 2625 524 2649 et
554 2619 789 2658 cognitionem,
820 2627 856 2648 ex
878 2617 921 2648 VI
944 2618 1127 2658 Metaphys.
1144 2617 1174 2647 *:
1202 2617 1276 2658 quia
1299 2617 1351 2647 ille

252 2668 259 2680 ’
289 2669 382 2700 atra,
406 2663 483 2694 haec
506 2662 590 2693 intus
614 2661 782 2703 perficitur.

344 2707 460 2745 Quoad
473 2706 646 2738 secundam
663 2716 738 2737 vero
749 2711 890 2746 partem,
915 2705 1031 2741 scilicet
1054 2705 1143 2746 quod
1166 2705 1351 2736 secundario

287 2751 321 2782 in
344 2752 446 2788 rebus,
494 2751 622 2781 robatur
644 2750 701 2780 ibi:
721 2750 813 2781 Sicut
835 2755 942 2781 autem
966 2750 1092 2780 bonum.
1113 2749 1234 2780 Verum
1250 2756 1296 2780 est
1318 2749 1351 2778 in

287 2795 447 2827 intellectu
461 2761 641 2826 §cundum
658 2794 747 2835 quod
770 2793 987 2825 conformatur
1005 2794 1048 2824 rei
1067 2794 1255 2824 intellectae:
1277 2803 1350 2832 ergo

287 2839 367 2871 ratio
390 2839 455 2870 veri
478 2839 517 2869 ab
540 2837 664 2878 hoeflec
678 2849 699 2868 u
723 2838 763 2868 ad
781 2848 848 2868 rem
870 2838 1061 2869 intellectam
1084 2837 1255 2868 derivatur:
1276 2847 1350 2877 ergo

287 2893 336 2915 res
359 2882 528 2914 intellecta
537 2893 610 2913 vera
732 2892 755 2918 r,
780 2882 956 2912 secundum
979 2882 1068 2923 quod
1091 2882 1184 2912 habet
1207 2881 1352 2911 ordinem

289 2928 330 2958 ad
351 2927 593 2958 intellectum.-
609 2929 676 2957 Ant
770 2936 807 2956 ns
830 2925 1047 2957 manifestatur
1068 2936 1104 2956 ex
1123 2924 1353 2966 proportionali

289 2971 508 3003 convenientia
522 2971 602 3002 inter
625 2971 690 3001 bon
817 2979 946 3001 verum:
972 2970 1046 3011 quia
1070 2970 1150 3000 sicut
1166 2970 1288 3000 bonum
1307 2976 1353 3000 est

289 3015 323 3046 in
337 3025 370 3046 re
385 3021 422 3046 ut
440 3015 630 3046 conveniens
647 3021 693 3045 est
708 3024 726 3045 a
833 3020 835 3022 ’
851 3014 859 3021 ”
863 3014 924 3051 ‚ita
933 3024 1045 3045 verum
1060 3014 1093 3044 in
1108 3014 1277 3049 intellectu,
1294 3019 1351 3044 etc.

291 3058 528 3100 Consequentia
550 3069 680 3100 quoque
703 3057 768 3089 utr'
864 3068 903 3094 ex
925 3058 1036 3089 eadem
1058 3058 1160 3088 radice
1184 3057 1350 3098 probatur:

290 3102 402 3143 prima,
419 3102 493 3143 quia
509 3112 546 3133 ex
568 3103 655 3134 bono
675 3102 707 3133 in
730 3112 763 3134 re
778 3102 799 3133 b
873 3101 890 3111 *⁷
984 3102 1161 3143 appetitum
1180 3101 1352 3138 derivatur;

290 3146 428 3177 secunda
443 3156 583 3187 quoque,
601 3147 676 3188 quia
699 3157 735 3177 ex
757 3146 820 3177 hoc
842 3156 915 3186 ap
985 3146 1092 3177 sboni
1110 3146 1224 3177 dicitur
1238 3146 1352 3176 bonus

349 3190 465 3228 Quoad
487 3191 614 3221 tertiam
638 3196 743 3222 autem
762 3196 904 3231 partem,
1028 3197 1041 3222 t
1054 3201 1075 3221 a
1089 3200 1150 3231 quo
1169 3190 1352 3230 dependent,

1404 2088 1555 2127 probatur
1577 2088 1636 2124 ibi,
1660 2089 1724 2119 Res
1746 2093 1853 2118 autem
1878 2089 2048 2126 intellecta,
2073 2088 2253 2128 dupliciter:
2279 2089 2392 2129 primo,
2417 2100 2464 2120 ra-

1404 2132 1504 2168 tione;
1522 2132 1671 2168 secundo,
1696 2133 1734 2162 ab
1758 2131 1926 2163 effectibus.
1951 2132 2044 2162 Ratio
2068 2139 2122 2163 est.
2148 2132 2303 2163 Iudicium
2326 2134 2364 2164 de
2385 2144 2465 2164 una-

1404 2186 1530 2216 quaque
1554 2186 1586 2206 re
1610 2186 1674 2206 non
1698 2175 1734 2206 fit
1749 2176 1924 2206 secundum
1948 2186 1983 2206 ea
2007 2186 2087 2216 quae
2111 2176 2218 2207 insunt
2240 2187 2297 2216 per
2312 2177 2463 2214 accidens,

1404 2220 1459 2250 sed
1482 2229 1538 2259 per
1559 2228 1607 2250 se:
1633 2229 1706 2259 ergo
1731 2230 1940 2260 unaquaeque
1961 2230 2009 2250 res
2032 2220 2145 2250 dicitur
2158 2230 2230 2250 vera
2245 2221 2396 2258 absolute,
2415 2232 2463 2252 se-

1405 2264 1547 2294 cundum
1570 2263 1715 2294 ordinem
1739 2264 1778 2294 ad
1801 2263 1994 2294 intellectum
2017 2274 2036 2294 a
2058 2274 2124 2304 quo
2149 2264 2312 2304 dependet.
2335 2268 2466 2296 Antece-

1405 2308 1482 2338 dens
1505 2314 1598 2347 patet.
1617 2307 1853 2348 Consequentia
1866 2318 1941 2338 vero
1966 2308 2118 2348 probatur
2141 2318 2178 2338 ex
2196 2308 2365 2339 differentia
2388 2310 2467 2340 inter

1405 2351 1550 2382 ordinem
1573 2351 1616 2382 rei
1639 2352 1679 2382 ad
1701 2352 1895 2382 intellectum
1919 2352 2123 2388 causativum,
2140 2352 2190 2382 vel
2213 2353 2464 2392 cognoscitivum

1405 2402 1543 2426 tantum:
1568 2395 1643 2436 quia
1666 2396 1782 2427 scilicet
1805 2396 1844 2426 ad
1867 2396 1964 2426 istum
1987 2406 2042 2436 per
2065 2396 2216 2432 accidens,
2235 2397 2275 2426 ad
2298 2397 2389 2428 illum
2412 2408 2467 2438 per

1405 2450 1438 2470 se
1462 2440 1607 2470 ordinem
1627 2440 1734 2476 habet;
1758 2441 1847 2480 quod
1871 2440 2043 2471 declaratur
2063 2441 2208 2480 exemplo
2231 2441 2346 2471 domus
2366 2451 2467 2481 respe-

1406 2491 1457 2515 ctu
1481 2483 1605 2514 artificis
1629 2491 1660 2514 et
1682 2494 1748 2514 non
1771 2483 1904 2514 artificis.
1920 2501 1940 2506 —
1954 2483 2090 2514 Effectus
2113 2491 2220 2514 autem
2248 2485 2466 2516 testimonium

1405 2528 1587 2568 praebentes
1602 2527 1659 2563 his,
1680 2535 1753 2558 sunt
1769 2527 1938 2558 artificialia
1954 2535 1984 2558 et
1999 2528 2159 2558 naturalia.
2173 2528 2354 2559 Artificialia
2369 2529 2463 2566 enim,

1405 2579 1471 2602 tarn
1494 2572 1685 2608 mechanica,
1702 2578 1738 2602 ut
1761 2572 1886 2607 domm,
1903 2582 2001 2612 quam
2023 2572 2174 2608 liberalia,
2202 2579 2237 2602 ut
2260 2572 2369 2609 oratio,
2394 2583 2466 2603 vera

1406 2616 1548 2646 absolute
1572 2622 1654 2651 sunt,
1672 2615 1698 2645 si
1722 2615 1897 2646 conformia
1913 2622 1986 2646 sunt
2009 2615 2135 2647 artibus.
2153 2617 2314 2647 Naturalia
2335 2627 2466 2658 quoque

1404 2670 1478 2690 vera
1495 2659 1638 2690 absolute
1662 2666 1744 2695 sunt,
1765 2659 1790 2689 si
1810 2666 1986 2690 consonant
2004 2659 2119 2700 opifici,
2139 2670 2237 2701 quem
2251 2661 2464 2701 supponimus

1406 2714 1472 2734 esse
1495 2704 1635 2744 primum
1658 2700 1862 2734 intellectum.

1459 2748 1511 2778 111.
1526 2747 1616 2778 Circa
1632 2747 1797 2787 praedicta,
1816 2747 1896 2778 duae
1913 2747 2146 2788 propositiones
2162 2748 2367 2779 advertendae
2382 2756 2464 2780 sunt.

1406 2792 1510 2823 Prima
1534 2798 1599 2830 est,
1624 2801 1734 2822 verum
1759 2797 1805 2822 est
1827 2791 1860 2822 id
1883 2793 1915 2822 in
1939 2792 2024 2832 quod
2046 2792 2146 2823 tendit
2169 2793 2362 2830 intellectus,
2385 2794 2467 2824 sicut

1407 2837 1522 2867 bonum
1547 2842 1618 2866 etc.:
1642 2835 1719 2866 haec
1736 2835 1822 2866 enim
1837 2835 1966 2866 inferius
1990 2842 2045 2866 art.
2066 2837 2093 2872 3,
2114 2836 2154 2866 ad
2172 2836 2299 2867 tertium
2313 2836 2339 2872 *‚
2365 2836 2466 2868 discu-

1406 2881 1507 2911 tietur.
1532 2880 1639 2910 Altera
1663 2886 1723 2915 est,
1749 2880 1888 2920 cognitio
1917 2885 1963 2911 est
1989 2880 2163 2911 secundum
2192 2880 2276 2920 quod
2303 2882 2465 2922 cognitum

1407 2929 1453 2955 est
1476 2925 1507 2954 in
1531 2929 1751 2964 cognoscente,
1776 2924 1934 2963 appetitus
1955 2929 2061 2957 autem
2085 2924 2258 2955 secundum
2288 2925 2466 2955 inclinatio-

1408 2978 1478 2999 nem
1498 2968 1541 2998 ad
1557 2976 1641 2998 rem:
1664 2974 1694 2998 et
1712 2967 1788 2998 haec
1804 2967 1837 2997 in
1852 2978 1906 3008 qu.
1922 2978 2034 3004 Lxxxn,
2052 2975 2106 2999 art.
2128 2969 2143 2999 3
2161 2967 2178 2987 *
2201 2967 2393 3004 defendetur,
2411 2969 2466 2999 ubi

1408 3011 1639 3052 comparabitur
1661 3011 1831 3042 intellectui
1854 3011 2009 3043 voluntas.

1461 3057 1512 3087 IV.
1531 3055 1647 3093 Quoad
1669 3055 1842 3086 secundum
1858 3055 1884 3092 *‚
1905 3055 2044 3086 redditur
2066 3055 2145 3086 ratio
2169 3066 2221 3086 sex
2245 3054 2466 3086 definitionum

1406 3100 1555 3136 veritatis;
1581 3099 1669 3140 quod
1687 3106 1747 3130 tres
1771 3099 1927 3139 pertinent
1950 3100 1989 3130 ad
2012 3110 2122 3130 verum
2138 3099 2170 3130 in
2194 3109 2235 3135 re,
2252 3099 2332 3130 duae
2356 3100 2395 3130 ad
2417 3110 2467 3130 ve—

1407 3155 1480 3175 rum
1509 3144 1542 3174 in
1574 3143 1753 3179 intellectu,
1783 3150 1814 3174 et
1836 3154 1899 3174 una
1932 3144 1971 3174 ad
2002 3154 2113 3174 verum
2147 3143 2323 3184 utrobique.
2349 3143 2466 3174 Omnia

1408 3189 1488 3220 clara
1512 3194 1593 3219 sunt.

2490 990 2501 1000 ⁴
2515 989 2578 1011 Loco
2594 989 2663 1011 citato
2677 989 2702 1011 in

2492 2838 2503 2849 ⁸
2517 2838 2542 2860 In
2553 2838 2704 2860 Coi-umento.

2494 2972 2503 2980 ·
2517 2971 2542 2992 ln
2552 2970 2691 2993 Commento
2699 2985 2706 2991 .

2492 3064 2502 3073 ·
2518 3063 2555 3085 Cf.
2569 3069 2633 3085 num.
2648 3069 2665 3085 ι.
