2768 4178
0 1792 30 2087 l

116 1625 133 1638 'A

13 1774 32 1790 .›
54 1773 70 1788 ⁴⁵
96 1768 184 1789 «JV.

16 1803 62 1821 ,ΔΛ
80 1803 94 1815 ,r
143 1803 157 1815 „¹

95 1834 106 1842 μ
140 1829 182 1847 m,

10 1875 11 1878 ,
42 1852 211 1877 Chaunum.

0 1365 8 1435 l

0 1438 13 1791 i

0 2091 6 2150 l

990 222 1259 268 QUAESTIO
1289 224 1344 271 x,
1375 225 1672 263 ARTlcutus
1701 228 1736 264 v

266 298 398 335 Quarto,
416 297 486 328 dist.
502 308 583 335 xmx,
601 309 654 340 qu.
676 310 716 331 vr.
741 299 895 340 Operatio
921 301 1012 331 beata
1030 311 1096 332 non
1118 308 1165 332 est
1187 302 1337 333 immuta-

265 341 358 372 bilior
373 341 551 373 aeviterno:
577 353 652 383 ergo
669 353 736 374 non
752 351 953 375 mensuratur
967 346 1158 382 aeternitate,
1175 347 1230 377 sed
1247 357 1335 378 aevo.

265 385 505 427 Consequentia
520 393 607 418 nota.
625 388 666 418 Et
681 389 869 419 antecedens
885 389 1047 429 probatur.
1064 390 1153 420 Tum
1169 391 1244 431 quia
1260 401 1336 432 ope-

264 430 344 461 ratio
368 431 459 462 beata
482 438 528 462 est
551 431 735 472 simpliciter
763 432 870 463 minus
901 433 1017 464 nobilis
1040 444 1139 475 quam
1163 435 1337 466 substantia

264 475 367 515 angeli
395 475 496 512 beati,
528 476 685 516 quoniam
715 477 890 508 substantia
917 483 964 508 est
995 478 1135 509 nobilior
1165 479 1334 510 accidente.

264 519 353 550 Tum
377 520 453 560 quia
475 519 627 560 perfectio
646 520 747 560 ipsius
768 521 964 561 operationis
987 523 1096 553 beatae
1120 533 1187 553 non
1211 531 1258 554 est
1276 524 1335 554 im-

264 564 448 594 mutabilior
463 564 636 595 substantia
653 564 797 595 eiusdem
814 566 1018 606 operationis,
1031 567 1185 608 quoniam
1202 567 1234 598 id
1246 569 1336 609 quod

263 608 345 639 inest
367 608 460 639 alicui
484 618 541 648 per
563 608 726 645 accidens,
758 619 824 639 non
854 617 901 641 est
928 610 1159 642 immutabilius
1183 622 1222 643 eo
1246 613 1335 653 quod

263 652 345 683 inest
368 662 424 693 per
454 662 503 683 se:
533 659 656 683 constat
683 660 791 696 autem
823 655 911 695 quod
940 655 1114 687 substantia
1141 657 1335 697 operationis

263 704 465 728 mensuratur
488 706 575 727 aevo.
601 697 697 737 Ergo.
720 715 740 719 —
759 698 936 735 Praeterea,
963 707 1142 737 aeternum,
1168 708 1204 732 ut
1227 701 1335 732 distin-

262 741 371 781 guitur
392 747 501 772 contra
521 740 727 778 aeviternum‚
745 751 810 772 non
832 743 938 774 solum
963 751 1010 775 est
1032 752 1138 776 totum
1158 746 1263 782 simul,
1281 747 1335 777 sed

262 792 310 816 est
331 784 552 821 indefectibile,
578 795 685 816 carens
709 787 851 826 potentia
873 788 913 818 ad
929 798 995 819 non
1019 799 1096 820 esse.
1122 790 1184 821 Sed
1207 791 1333 822 nullum

263 835 405 861 creatum
429 835 475 860 est
497 829 696 861 huiusmodi.
721 830 817 871 Ergo.

318 874 401 905 XVI.
413 874 465 904 Ad
480 873 672 904 evidentiam
685 874 782 906 huius
799 875 1001 914 difficultatis,
1013 878 1092 909 scito
1109 879 1208 919 quod,
1224 890 1335 920 quam-

261 918 308 948 'vis
332 928 448 949 aevum
471 917 551 948 nihil
566 918 654 949 aliud
668 919 708 950 sit
722 929 821 960 quam
836 922 1025 953 aeternitatis
1050 923 1258 964 participatio,
1276 924 1336 954 dis-

261 962 416 1003 tinguitur
438 970 547 994 tamen
570 973 588 993 a
612 973 635 994 s.
653 963 783 995 Thoma
806 965 858 996 hic
882 964 932 1008 (et
954 966 987 996 in
1011 967 1051 998 111
1079 967 1202 999 Contra
1228 968 1334 1006 Gent.,

262 1017 331 1048 cap.
347 1017 407 1044 m,
423 1014 454 1038 et
469 1007 502 1038 in
519 1007 562 1037 IV
577 1007 678 1046 Sent„
693 1018 774 1045 xmx,
792 1020 847 1050 qu.
861 1020 881 1046 1,
899 1018 954 1041 art.
974 1021 1003 1047 2,
1020 1015 1088 1052 qu³.
1111 1011 1142 1054 3)
1159 1014 1335 1044 aeternitas

254 1052 454 1093 participata
470 1052 508 1082 ab
525 1061 604 1082 aevo
611 1061 619 1088 ;
644 1062 710 1083 non
735 1053 816 1084 sicut
836 1054 1013 1095 perfectum
1029 1066 1047 1086 a
1063 1057 1170 1087 minus
1194 1057 1333 1098 perfecto

260 1095 294 1127 in
311 1096 423 1127 eadem
440 1096 554 1137 specie,
580 1097 636 1126 sed
659 1097 741 1128 sicut
761 1098 931 1138 perfectius
955 1110 972 1130 a
996 1100 1103 1131 minus
1127 1101 1268 1141 perfecto
1288 1101 1334 1131 di-

259 1150 427 1171 versorum
444 1140 603 1171 ordinum.
625 1141 801 1173 Aeternitas
818 1143 939 1184 quippe
955 1154 1030 1174 cum
1046 1144 1086 1175 sit
1101 1145 1230 1185 propria
1246 1155 1334 1175 men-

261 1194 334 1216 sura
348 1185 446 1216 divini
464 1195 541 1222 esse,
558 1185 742 1227 participata
766 1187 930 1218 aeternitas
946 1196 1176 1229 consequenter
1199 1196 1246 1220 est
1260 1199 1334 1230 pro-

259 1229 330 1270 pria
344 1239 585 1263 mensura-‘esse
602 1229 700 1261 divini
723 1231 854 1262 ordinis.
878 1232 956 1262 Esse
972 1239 1080 1263 autem
1099 1233 1198 1263 divini
1215 1233 1335 1264 ordinis

257 1272 353 1311 dico,
386 1275 476 1315 quod
506 1274 704 1315 impossibile
733 1282 780 1306 est
809 1277 1016 1307 connaturale
1044 1287 1111 1308 esse
1141 1278 1335 1319 cuicumque

260 1326 421 1350 creaturae
445 1318 544 1350 factae
564 1325 620 1350 aut
642 1318 788 1350 factibili:
814 1320 852 1350 de
876 1330 943 1361 quo
967 1320 1001 1351 in
1025 1331 1080 1361 qu.
1097 1332 1139 1352 xu
1160 1322 1253 1353 latior
1277 1323 1335 1354 erit

259 1372 376 1394 sermo.
408 1365 535 1394 Aevum
563 1369 672 1394 autem
695 1369 742 1393 est
769 1373 919 1395 mensura
942 1375 1010 1395 esse
1033 1365 1242 1397 immutabilis
1265 1367 1335 1408 qui-

260 1406 344 1444 dem,
369 1408 425 1438 sed
448 1406 598 1438 naturalis
614 1406 746 1438 ordinis.
771 1408 812 1438 Et
830 1408 908 1439 haec
925 1416 971 1440 est
985 1419 1042 1450 per
1065 1420 1097 1440 se
1121 1410 1227 1451 primo
1247 1411 1335 1442 diffe-

259 1451 360 1483 rentia
389 1451 471 1482 inter
500 1451 718 1482 aeternitatem
747 1451 968 1493 participatam
999 1461 1030 1485 et
1052 1464 1185 1486 aevum:
1215 1465 1252 1486 ex
1276 1455 1335 1486 hac

259 1496 348 1529 enim
369 1503 400 1527 et
422 1496 501 1527 aliae
525 1495 717 1527 differentiae
741 1496 855 1533 fluunt,
872 1504 903 1529 et
919 1508 1033 1529 omnes
1057 1498 1256 1531 difficultates
1271 1501 1335 1530 sol-

258 1547 388 1572 vuntur.
414 1540 499 1578 Quia
523 1540 608 1570 enim
633 1540 776 1581 operatio
799 1542 890 1572 beata
913 1542 1012 1573 divini
1036 1550 1083 1574 est
1106 1544 1236 1581 ordinis,
1261 1545 1334 1575 ideo

259 1585 442 1622 aeternitate
458 1584 573 1616 dicitur
587 1586 763 1616 mensurari
779 1586 1011 1627 participative,
1022 1588 1108 1619 Hinc
1123 1588 1219 1620 etiam
1235 1589 1337 1620 oritur

258 1629 307 1661 vis
330 1628 547 1661 conclusionis
577 1629 782 1670 impugnatae
807 1641 825 1661 a
848 1630 962 1668 Scoto,
995 1632 1128 1663 scilicet:
1155 1633 1335 1665 intellectus

259 1679 389 1706 creatus
417 1683 482 1705 non
504 1678 611 1714 potest
640 1684 682 1704 ex
709 1684 744 1706 se
771 1676 803 1705 in
832 1677 1049 1716 operationem
1079 1677 1222 1708 beatam:
1254 1688 1334 1719 ergo

259 1723 470 1751 mensuratur
483 1719 692 1749 aeternitate:
715 1729 751 1749 ex
773 1719 877 1759 primo
893 1720 1053 1762 siquidem
1069 1723 1273 1753 antecedente
1288 1733 1334 1753 se-

258 1763 378 1806 quitur,
403 1773 484 1804 ergo
506 1763 609 1794 divini
630 1768 678 1794 est
700 1764 843 1802 ordinis‚·
865 1771 896 1796 et
919 1772 1003 1806 post,
1021 1775 1100 1807 ergo
1124 1773 1334 1798 mensuratur

259 1809 462 1840 aeternitate.

314 1852 413 1884 XVII.
431 1851 525 1884 Unde
539 1851 588 1886 ,ad
612 1851 749 1892 primam
765 1853 922 1884 rationem
946 1854 1032 1885 Scoti
1047 1853 1076 1890 *‚
1101 1862 1234 1895 negatur
1248 1863 1333 1887 ante-

259 1897 383 1930 cedens.
409 1896 575 1934 Quoniam
599 1896 743 1936 operatio
767 1897 867 1933 beata,
889 1898 964 1928 dato
980 1899 1070 1939 quod
1085 1899 1154 1940 ipsa
1169 1899 1202 1930 in
1218 1910 1250 1930 se
1267 1910 1333 1931 non

258 1945 341 1974 esset
360 1940 594 1972 immutabilior
617 1940 788 1977 aevitern0‚
806 1949 853 1972 est
876 1948 982 1973 tamen
1007 1944 1267 1975 immutabilioris
1283 1955 1334 1975 or-

257 1987 354 2025 dinis,
374 1985 451 2027 quia
466 1984 575 2016 divini.
600 1985 641 2016 Et
663 1992 831 2026 propterea
855 1986 969 2018 dicitur
989 1993 1019 2018 et
1035 1995 1081 2018 est
1103 1988 1335 2020 immutabilior
1354 2007 1356 2010 -

258 2031 439 2063 secundum
455 2039 552 2060 suum
568 2039 680 2070 genus.
692 2047 712 2052 —
722 2029 794 2061 Dixi
810 2037 928 2067 autem,
942 2031 1017 2062 dato
1033 2032 1118 2072 quod
1130 2043 1194 2063 non
1210 2034 1252 2064 sit
1263 2041 1333 2070 etc„

258 2075 335 2118 quia
349 2074 456 2106 minor
478 2074 614 2105 mutatio
638 2073 755 2105 sufficit
777 2075 816 2105 ad
834 2085 899 2106 non
917 2085 984 2106 esse
1003 2077 1198 2116 operationis
1213 2078 1332 2115 beatae,

258 2130 358 2162 quam
381 2119 574 2150 substantiae
598 2118 716 2158 angeli:
741 2118 818 2160 quia
840 2119 917 2150 haec
941 2120 1035 2160 exigit
1058 2121 1331 2159 annihilationem,

257 2164 313 2196 illa
327 2173 404 2195 non.
429 2164 486 2194 Est
509 2170 540 2194 et
561 2173 670 2193 rursus
694 2163 945 2200 immutabilior‚.
961 2164 1037 2205 quia
1059 2165 1151 2205 plura
1167 2166 1333 2197 mutabilia

257 2207 491 2247 immutabilius
515 2207 667 2238 continet.
699 2207 772 2238 Una
795 2207 955 2249 siquidem
978 2209 1059 2239 visio
1083 2210 1187 2246 beata,
1213 2211 1333 2252 absque

258 2252 349 2285 omni
365 2252 554 2288 mutatione,
573 2251 714 2282 continet
728 2251 868 2283 visiones
891 2253 1040 2283 omnium
1064 2254 1277 2294 spectantium
1293 2256 1332 2286 ad

258 2297 445 2330 universum
468 2296 662 2327 eminenter:
688 2296 815 2327 nullum
836 2304 944 2328 autem
968 2298 1165 2329 aeviternum
1189 2299 1228 2329 ad
1251 2300 1333 2331 hanc

257 2341 551 2375 immutabilitatem
575 2341 743 2372 ascendere
769 2348 884 2382 potest.

311 2386 363 2418 Ad
380 2385 604 2427 probationem
620 2392 728 2416 autem
744 2385 892 2426 primam,
907 2386 1021 2416 dicitur
1037 2387 1136 2427 quod,
1148 2388 1232 2419 sicut
1244 2395 1332 2420 actus

258 2437 306 2463 est
328 2429 512 2471 simpliciter
536 2429 675 2460 nobilior
697 2430 858 2470 potentia,
892 2437 923 2461 et
952 2437 1059 2462 tamen
1088 2432 1263 2463 substantia
1287 2440 1333 2464 est

257 2474 444 2516 simpliciter
457 2473 597 2505 nobilior
610 2473 786 2511 accidente;
811 2481 841 2505 et
855 2474 976 2506 ratione
992 2475 1097 2516 primi,
1114 2483 1202 2507 actus
1218 2477 1332 2508 intelli-

257 2519 353 2561 gendi
373 2526 420 2550 est
435 2519 575 2549 nobilior
590 2518 721 2549 materia
735 2518 848 2558 prima,
866 2519 988 2550 ratione
1011 2521 1152 2557 secundi,
1170 2531 1186 2551 e
1204 2528 1330 2552 contra:

207 2570 210 2575 ’
257 2565 302 2597 ita
315 2564 349 2595 in
365 2563 544 2604 proposito,
561 2569 592 2593 et
607 2562 684 2594 haec
707 2570 755 2594 est
776 2563 859 2599 vera,
883 2564 974 2604 quod
987 2565 1168 2596 substantia
1185 2571 1232 2596 est
1248 2566 1332 2597 nobi-

259 2609 322 2640 lior
340 2608 515 2645 accidente‚
533 2613 564 2637 et
579 2606 723 2638 similiter
738 2607 825 2644 haec,
841 2608 932 2649 quod
947 2617 1015 2640 esse
1030 2609 1132 2640 divini
1147 2611 1271 2641 ordinis
1285 2616 1332 2641 est

258 2653 397 2684 nobilius
419 2661 488 2684 esse
511 2651 668 2682 naturali.
697 2651 738 2682 Et
760 2659 928 2693 propterea
951 2659 1126 2695 utrumque
1150 2662 1196 2685 est
1218 2665 1330 2685 verum

258 2697 292 2727 in
308 2696 438 2727 diversis
462 2695 638 2727 ordinibus.
662 2695 844 2727 Substantia
867 2696 988 2738 quippe
1011 2698 1115 2738 angeli
1131 2705 1177 2729 est
1193 2699 1331 2730 nobilior

240 2740 435 2776 >secundum
460 2749 528 2773 esse
551 2745 707 2771 naturae:
737 2740 880 2780 operatio
905 2748 1013 2772 autem
1039 2743 1131 2773 beata
1151 2743 1328 2774 secundum

259 2785 482 2817 excellentiam
501 2784 639 2815 deitatis.
664 2784 706 2815 Et
727 2784 753 2814 si
777 2785 904 2826 proprie
927 2786 1018 2827 loqui
1041 2787 1203 2823 volumus,
1221 2788 1330 2828 aequi·

258 2829 541 2869 ,vocecomparari
563 2828 721 2859 videntur.

314 2874 366 2905 Ad
389 2873 563 2904 secundam
587 2879 695 2903 autem
718 2873 957 2913 probationem,
986 2882 1120 2915 negatur
1143 2877 1233 2916 quod
1257 2877 1330 2907 sub-

257 2918 372 2951 stantia
388 2917 582 2959 operationis
598 2918 706 2948 beatae
722 2925 923 2950 mensuretur
937 2929 1027 2950 aevo.
1048 2919 1229 2951 Substantia
1245 2921 1330 2951 enim

258 2962 453 3004 operationis
470 2969 500 2993 et
516 2962 583 2992 eius
598 2961 750 3002 perfectio
770 2971 835 2992 una
853 2972 901 2993 res
921 2973 1056 2994 numero
1073 2970 1156 2999 sunt,
1174 2971 1205 2995 et
1219 2965 1329 2995 eadem

259 3012 485 3038 mensurantur
508 3016 666 3037 mensura.
692 3006 786 3046 Unde
810 3016 876 3037 non
898 3007 1007 3038 solum
1030 3008 1194 3039 beatitudo
1219 3019 1330 3050 opera-

258 3051 366 3086 tionis,
381 3051 438 3081 sed
455 3050 524 3090 ipsa
539 3050 683 3091 operatio
700 3051 790 3081 beata
809 3058 1010 3082 mensuratur
1032 3052 1214 3084 aeternitate
1236 3054 1330 3094 parti-

259 3095 371 3135 cipata.
389 3110 408 3118 -·
424 3094 560 3125 Falsum·
567 3105 703 3136 quoque
722 3101 770 3125 est
791 3095 882 3136 quod
904 3095 1056 3136 perfectio
1075 3106 1142 3127 non
1159 3096 1199 3128 sit
1213 3097 1330 3128 immu-

258 3138 385 3170 tabilior
407 3139 581 3170 substantia
603 3139 807 3180 operationis,
824 3149 863 3170 eo
878 3140 979 3171 modo
995 3150 1062 3182 quo
1082 3140 1328 3181 distinguuntur.

260 3182 424 3221 Quoniam
447 3182 621 3214 substantia
645 3183 852 3224 operationis,
878 3183 904 3214 si
927 3184 994 3215 sine
1017 3185 1211 3225 perfectione
1235 3186 1331 3217 beati-

259 3226 379 3258 tudinis
397 3233 486 3263 esset,
503 3227 631 3259 instanti
646 3227 800 3268 temporis
817 3227 941 3259 discreti
960 3236 1206 3260 mensuraretur.
1224 3248 1244 3252 —
1260 3231 1331 3261 Per-

259 3271 354 3302 fectio
378 3277 487 3302 autem
509 3271 631 3303 deitatis
661 3282 846 3303 mensuram
874 3272 1063 3304 aeternitatis
1087 3273 1231 3311 adducit,
1262 3284 1330 3305 non

260 3326 299 3346 eo
316 3315 416 3346 modo
433 3325 500 3356 quo
517 3315 661 3347 accidens
685 3316 956 3357 superinducitur;
976 3317 1032 3347 sed
1048 3327 1087 3348 eo
1103 3317 1212 3357 potius
1227 3319 1329 3349 modo

259 3370 326 3401 quo
351 3359 524 3390 differentia
545 3360 652 3400 generi
674 3361 843 3391 adveniens
867 3367 1013 3391 naturam
1032 3360 1120 3392 affert
1138 3361 1328 3402 specificam.

259 3404 301 3435 Et
333 3410 500 3444 propterea
532 3413 598 3433 non
629 3404 712 3436 valet
743 3405 890 3446 probatio
920 3405 953 3435 in
983 3405 1191 3446 oppositum,
1223 3407 1261 3437 de
1290 3417 1328 3437 eo

236 3470 240 3471 ν
260 3449 350 3489 quod
372 3448 453 3487 inest
475 3457 532 3488 per
555 3447 708 3480 accidens.
733 3449 868 3481 Constat
891 3449 976 3480 enim
991 3450 1082 3491 quod
1104 3457 1216 3481 natura
1234 3461 1328 3491 gene-

259 3492 324 3523 rica
347 3499 402 3523 aut
424 3491 514 3533 quasi
538 3491 691 3532 generice,
714 3494 891 3524 secundum
914 3504 947 3525 se
970 3504 1037 3524 non
1060 3494 1129 3525 talis
1146 3501 1201 3526 aut
1223 3501 1327 3535 tantae

260 3536 481 3577 perfectionis,
512 3546 549 3566 ex
571 3535 765 3576 perfectione
789 3537 980 3569 differentiae
1004 3539 1216 3576 advenientis,
1247 3546 1328 3581 quae

259 3582 367 3612 ‘tamen
391 3580 496 3621 generi
521 3580 659 3611 accidere
685 3581 876 3619 conceditur,
901 3582 1130 3623 perfectionem
1152 3590 1273 3615 tantam
1293 3594 1328 3614 ac

2390 235 2459 270 103

1391 304 1485 334 talem
1512 305 1698 346 assequitur,
1716 306 1758 337 ita
1782 308 1870 348 quod
1895 319 1996 339 unum
2021 320 2075 340 ens
2099 311 2274 351 perfectum
2294 312 2342 343 sit.
2360 313 2400 342 Et
2417 313 2460 344 sic

1392 354 1439 380 est
1461 348 1494 378 in
1518 350 1697 390 proposito.

1447 393 1558 424 XVIII.
1577 394 1627 424 Ad
1651 396 1824 425 secundam
1847 403 1954 427 autem
1973 398 2185 430 obiectionem
2198 400 2225 436 *,
2249 400 2461 441 principaliter

1391 437 1505 468 dicitur
1528 439 1629 478 quod,
1645 439 1773 479 proprie
1788 440 1962 480 loquendo,
1983 442 2092 473 beatus
2109 451 2144 474 ut
2159 444 2203 474 sic
2219 451 2302 475 caret
2317 445 2459 485 potentia

1391 481 1430 511 ad
1454 491 1520 512 non
1544 492 1611 513 esse
1635 483 1782 519 beatum;
1808 484 1889 515 sicut
1912 486 2035 516 caelum
2059 494 2141 518 caret
2164 488 2306 528 potentia
2329 489 2368 519 ad
2391 499 2458 519 non

1390 535 1457 556 esse
1480 527 1666 558 rotundum.
1691 528 1976 565 Quemadmodum
1993 530 2077 560 enim
2093 532 2223 562 materia
2237 532 2349 572 prima,
2365 533 2391 563 si
2412 543 2459 563 re-

1390 570 1507 610 ciperet
1530 571 1668 602 formam
1693 582 1791 602 unam
1815 573 2067 613 aequivalentem
2091 576 2240 607 omnibus
2269 576 2380 607 formis
2403 587 2457 617 ge-

1389 614 1578 645 nerabilium
1602 623 1632 647 et
1656 617 1920 657 corruptibilium,
1946 626 2062 650 careret
2085 621 2226 659 potentia
2245 621 2285 650 ad
2304 631 2370 651 non
2390 631 2458 651 esse

1388 658 1474 688 illius
1498 659 1638 696 formae;
1664 660 1707 691 ita
1729 660 1906 692 intellectus
1936 662 2054 693 habens
2079 670 2185 694 actum
2208 665 2350 701 beatum,
2376 672 2459 696 caret

1389 704 1531 743 potentia
1544 705 1583 734 ad
1596 714 1661 735 non
1677 715 1744 735 esse
1759 705 1845 736 illius
1862 712 1960 737 actus.
1971 709 2070 738 Actus
2083 708 2169 738 enim
2183 708 2235 739 ille
2248 715 2295 739 est
2311 709 2459 740 omnium

1388 748 1567 785 bonorum,
1593 758 1659 779 non
1683 749 1922 789 aggregatione,
1947 752 2001 781 sed
2035 752 2209 783 elevatione
2233 752 2403 792 perfectus:
2428 759 2460 784 et

1388 791 1460 822 ideo
1477 793 1548 823 beat
1568 803 1603 823 ac
1626 793 1860 824 immutabilem
1879 795 2007 826 beatum
2027 796 2136 827 reddit.
2153 814 2173 818 —
2189 797 2326 827 Extenso
2351 804 2458 828 autem

1388 837 1556 873 vocabulo,
1573 843 1608 868 ut
1629 848 1763 878 arguens
1779 838 1886 875 utitur,
1900 840 2045 870 vocando
2059 841 2234 880 potentiam
2257 841 2297 870 ad
2309 851 2374 871 non
2391 851 2459 872 esse

1388 881 1566 920 potentiam
1589 882 1727 922 logicam
1742 882 1793 912 vel
1817 883 2016 920 obiecfivam,
2042 884 2155 915 dicitur
2178 885 2267 925 quod
2290 890 2457 915 aeternum

1381 935 1446 965 per
1461 926 1631 956 essentiam
1649 933 1777 966 oportet
1801 937 1903 957 carere
1927 928 2062 958 omnino
2077 929 2219 968 potentia
2236 929 2275 959 ad
2291 939 2357 959 non
2374 938 2456 960 esse:

1388 979 1454 999 non
1478 977 1587 1000 autem
1604 980 1668 1010 per
1683 972 1978 1011 participationem,
1996 972 2051 1002 sed
2071 980 2119 1003 sat
2135 980 2182 1004 est
2197 980 2233 1004 ut
2248 973 2459 1013 distinguatur

1389 1020 1498 1044 contra
1513 1014 1711 1045 aeviternum
1727 1015 1905 1046 diversitate
1930 1016 2065 1053 ordinis;
2087 1017 2161 1058 quia
2176 1017 2257 1048 illud
2276 1017 2394 1048 scilicet
2412 1024 2458 1048 est

1388 1058 1507 1097 ordinis
1531 1059 1649 1089 aeterni
1672 1069 1728 1100 per
1751 1060 1930 1100 essentiam,
1954 1060 2039 1091 istud
2062 1071 2138 1092 vero
2162 1068 2301 1092 naturae.

1443 1102 1527 1133 XIX.
1546 1102 1667 1134 Contra
1683 1110 1828 1144 quartam
1847 1104 2102 1145 propositionem
2117 1105 2135 1124 *
2157 1106 2260 1146 arguit
2282 1105 2406 1142 Scotus,
2423 1105 2457 1135 in

1389 1145 1554 1183 Secundo,
1585 1147 1639 1178 ubi
1662 1158 1758 1188 supra
1773 1148 1806 1184 *,
1831 1158 1897 1179 non
1921 1149 2009 1180 aliter
2041 1159 2140 1190 quam
2170 1157 2279 1181 contra
2302 1150 2455 1190 primam,

1388 1190 1522 1221 scilicet:
1548 1191 1625 1222 Esse
1641 1192 1844 1223 substantiale
1867 1192 1962 1224 habet
1985 1194 2124 1224 eundem
2146 1193 2297 1225 manendi
2320 1194 2457 1224 modum

1388 1234 1531 1275 quandiu
1562 1242 1626 1272 est,
1658 1246 1756 1276 quem
1783 1237 1878 1267 habet
1907 1237 2122 1274 aeviternum‚
2154 1239 2230 1279 quia
2259 1237 2458 1268 successione

1389 1285 1481 1315 caret,
1507 1286 1582 1310 etc.:
1608 1290 1692 1320 ergo.
1709 1298 1731 1302 -
1746 1280 1808 1311 Sed
1831 1281 1871 1310 ad
1890 1281 1952 1311 hoc
1976 1291 2042 1311 non
2066 1289 2194 1322 oportet
2216 1282 2305 1313 aliter
2326 1292 2457 1322 respon-

1388 1323 1462 1353 dere
1485 1333 1584 1364 quam
1607 1324 1753 1364 superius
1768 1322 1799 1354 *ι
1824 1335 1891 1355 non
1915 1325 2001 1355 enim
2023 1335 2121 1365 penes
2144 1326 2259 1357 habere
2275 1336 2342 1356 esse
2355 1326 2456 1356 modo

1389 1367 1567 1398 successivo
1583 1368 1634 1398 vel
1656 1369 1854 1409 permanenti
1878 1369 2116 1409 distinguuntur
2139 1380 2316 1406 mensurae,
2333 1370 2389 1400 sed
2402 1380 2457 1410 pe-

1389 1421 1444 1442 nes
1468 1411 1621 1443 mutabile
1645 1419 1675 1443 et
1697 1412 1905 1449 immutabile,
1930 1420 1967 1444 ut
1990 1413 2111 1444 dictum
2135 1421 2190 1445 est.

1444 1456 1514 1488 XX.
1533 1457 1595 1487 Sed
1612 1457 1737 1487 adverte
1761 1457 1812 1488 hic
1835 1458 1925 1498 quod
1948 1457 2061 1488 Scotus
2076 1458 2195 1489 ibidem
2210 1457 2320 1489 nititur
2335 1458 2458 1489 solvere

1388 1501 1545 1532 rationem
1569 1511 1593 1532 s.
1610 1501 1769 1537 Thomae,
1786 1501 1827 1531 ad
1848 1502 1911 1533 hoc
1934 1502 1967 1532 in
1990 1502 2197 1542 responsione
2221 1503 2260 1533 ad
2281 1502 2410 1533 tertium
2424 1503 2458 1533 in

1388 1546 1585 1586 praecedenti
1609 1545 1741 1576 articulo
1766 1545 1900 1582 factam,
1927 1546 2043 1577 scilicet
2066 1547 2142 1587 quia
2168 1553 2277 1578 motus
2302 1553 2348 1577 est
2372 1556 2458 1577 men-

1388 1600 1460 1620 sura
1477 1600 1543 1621 non
1559 1597 1684 1621 tantum
1708 1597 1826 1626 motus,
1851 1591 1906 1621 sed
1930 1591 2024 1621 etiam
2047 1591 2172 1631 quietis.
2196 1591 2251 1622 Ait
2267 1590 2352 1621 enim
2369 1591 2458 1632 quod

1388 1634 1562 1665 substantia
1592 1634 1683 1665 bovis
1713 1634 1857 1665 absolute
1880 1641 2082 1666 mensuratur
2104 1645 2182 1666 aevo
2196 1659 2203 1672 ,
2237 1635 2326 1676 quies
2350 1641 2458 1666 autem

1388 1679 1455 1710 eius
1474 1686 1632 1719 tempore:
1657 1688 1715 1709 nec
1734 1678 1820 1709 aliud
1839 1689 1876 1709 ex
1891 1679 1944 1710 illa
1960 1679 2103 1720 sequitur
2119 1679 2250 1715 ratione.
2267 1697 2287 1702 -
2303 1679 2365 1710 Sed
2381 1679 2458 1710 haec

1387 1723 1553 1764 responsio
1570 1732 1636 1753 non
1652 1730 1698 1754 est
1721 1722 1879 1753 sufficiens
1903 1723 2025 1754 evasio:
2050 1724 2206 1765 quoniam
2229 1730 2356 1764 tempus
2373 1733 2459 1754 com-

1386 1769 1540 1809 probatur
1554 1767 1587 1798 in
1604 1767 1706 1798 littera
1729 1777 1911 1798 mensurare
1935 1778 2001 1798 non
2024 1768 2132 1799 solum
2154 1768 2304 1809 quietem,
2321 1768 2377 1798 sed
2390 1777 2457 1798 rem

1387 1812 1622 1854 quiescentem;
1646 1812 1803 1853 quoniam
1826 1822 1923 1843 omne
1947 1812 2112 1853 quiescens
2137 1819 2183 1843 est
2201 1812 2334 1849 mobile;
2360 1822 2456 1843 omne

1387 1864 1495 1888 autem
1511 1856 1674 1892 mutabile,
1691 1857 1869 1887 secundum
1883 1857 1972 1897 quod
1987 1857 2151 1892 mutabile,
2164 1863 2365 1887 mensuratur
2378 1862 2456 1887 tem-

1386 1911 1474 1941 pore.
1500 1901 1635 1932 Constat
1653 1907 1762 1931 autem
1784 1901 1875 1942 quod
1898 1899 2076 1932 secundum
2100 1901 2308 1932 substantiam
2329 1911 2388 1931 nos
2405 1910 2456 1931 su-

1387 1956 1459 1976 mus
1483 1945 1671 1976 mutabiles:
1706 1955 1780 1985 ergo
1810 1945 1987 1975 secundum
2019 1945 2227 1976 substantiam
2254 1945 2455 1985 temporales.

1386 1990 1427 2020 Et
1450 1996 1510 2021 stat
1528 1989 1575 2020 vis
1597 1988 1728 2020 rationis
1751 1989 1783 2019 in
1808 1989 1879 2020 hoc.
1910 1990 2018 2020 Motus
2045 1996 2076 2020 et
2099 1989 2189 2030 quies
2213 1988 2457 2020 substantialiter

1386 2034 1519 2075 accepti,
1543 2034 1623 2064 idest
1646 2033 1782 2064 mutatio
1806 2033 2019 2064 substantialis
2043 2041 2073 2065 et
2096 2034 2186 2074 quies
2209 2034 2268 2064 sub
2293 2039 2358 2064 'esse
2383 2034 2456 2064 sub-

1386 2079 1532 2115 stantiali,
1554 2088 1620 2108 non
1643 2078 1751 2108 solum
1774 2077 1807 2108 in
1832 2085 1913 2113 actu,
1939 2077 1994 2108 sed
2017 2078 2049 2108 in
2073 2078 2215 2118 potentia
2233 2084 2456 2108 mensurantur

1385 2130 1545 2164 tempore:
1571 2132 1646 2162 ergo
1671 2132 1738 2152 esse
1762 2122 1966 2153 substantiale
1991 2129 2136 2153 nostrum
2160 2129 2361 2152 mensuratur
2376 2127 2455 2152 tem-

1385 2177 1473 2208 pore.
1497 2166 1695 2197 Antecedens
1724 2173 1811 2205 patet
1835 2176 1871 2196 ex
1895 2176 1933 2196 eo
1961 2167 2050 2207 quod
2078 2173 2165 2197 actus
2194 2173 2224 2196 et
2250 2165 2393 2206 potentia
2415 2167 2455 2196 ad

1385 2211 1528 2242 eiusdem
1552 2210 1671 2241 ordinis
1690 2220 1874 2240 mensuram
1897 2217 2048 2251 spectant,
2070 2217 2105 2241 ut
2128 2221 2164 2241 ex
2188 2211 2199 2240 I
2220 2210 2343 2240 Caeli*
2365 2216 2396 2240 et
2412 2210 2454 2241 IV

1384 2256 1511 2297 Pitysic.
1527 2255 1544 2274 *
1567 2255 1710 2285 habetur.
1740 2254 1978 2295 Consequentia
2003 2261 2111 2285 autem
2133 2261 2219 2285 tenet
2242 2265 2279 2285 ex
2302 2264 2340 2285 eo
2365 2254 2454 2295 quod

1385 2300 1528 2341 potentia
1552 2299 1622 2330 talis
1645 2299 1858 2330 substantialis
1882 2306 1937 2335 est,
1963 2306 1997 2330 ut
2020 2300 2050 2330 X
2064 2299 2278 2340 Metaphys.*
2301 2298 2423 2330 dicitur.

1438 2345 1521 2375 XXI.
1538 2344 1573 2374 In
1590 2343 1797 2384 responsione
1813 2344 1853 2373 ad
1869 2343 2056 2380 secundum,
2074 2343 2209 2375 occurrit
2224 2343 2358 2373 dubium
2374 2343 2454 2374 circa

1384 2389 1472 2420 illam
1497 2388 1765 2429 propositionem,
1790 2398 1903 2419 aevum
1928 2393 1975 2418 est
1993 2393 2093 2418 totum
2115 2388 2220 2418 simul.
2246 2388 2454 2428 Impugnatur

1385 2433 1543 2474 siquidem
1567 2433 1606 2463 ab
1630 2432 1683 2462 illa
1707 2432 1860 2473 opinione
1884 2431 2017 2463 refutata
2033 2432 2066 2462 in
2081 2431 2183 2463 littera
2197 2432 2223 2468 *‚
2249 2431 2302 2462 sic.
2326 2434 2452 2462 Aevum

1385 2478 1535 2509 continue
1559 2476 1594 2508 fit
1617 2487 1635 2507 a
1657 2477 1738 2512 Deo,
1764 2487 1799 2506 ac
1823 2486 1879 2517 per
1897 2476 1959 2506 hoc
1982 2483 2087 2517 potest
2110 2475 2242 2506 deficere
2260 2476 2299 2506 ab
2314 2484 2397 2506 esse:
2422 2482 2453 2507 et

1385 2529 1615 2563 consequenter
1646 2528 1750 2561 potest
1780 2520 1964 2556 annihilari,
1993 2530 2029 2551 ac
2053 2520 2165 2550 deinde
2197 2520 2313 2551 iterum
2346 2520 2450 2550 creari.

1385 2567 1482 2606 Igitur
1506 2576 1572 2596 non
1597 2573 1642 2596 est
1666 2572 1772 2596 totum
1795 2564 1901 2595 simul.
1917 2582 1936 2586 -
1955 2564 1996 2595 Et
2012 2565 2109 2595 habes
2133 2565 2166 2595 in
2181 2565 2278 2595 Scoto
2298 2571 2328 2595 et
2343 2564 2376 2594 in
2391 2564 2451 2595 Ca—

1384 2611 1507 2652 preolO,
1531 2610 1564 2640 in
1588 2609 1746 2645 Secundo,
1772 2608 1841 2639 dist.
1857 2619 1889 2644 11,
1906 2618 1960 2649 qu.
1977 2618 2001 2639 11
2015 2608 2043 2640 θ’.

1439 2655 1491 2685 Ad
1514 2654 1591 2684 haec
1607 2653 1697 2684 facile
1712 2660 1799 2693 patet
1820 2652 1986 2693 responsio
2004 2663 2041 2683 ex
2057 2652 2146 2684 dictis
2161 2653 2187 2684 *.
2212 2655 2337 2684 Aevum
2355 2653 2450 2690 enim,

1383 2700 1448 2729 sive
1473 2699 1679 2733 aeviternum‚
1705 2707 1771 2727 non
1795 2697 1945 2728 continue
1968 2696 2018 2733 fit,
2043 2697 2170 2738 proprie
2192 2697 2372 2738 loquendo;
2397 2698 2452 2727 sed

1384 2749 1587 2781 conservatur
1610 2752 1627 2771 a
1650 2741 1731 2772 Deo.
1762 2742 1828 2772 Nec
1851 2748 1957 2782 potest
1980 2740 2111 2772 deficere
2135 2742 2174 2772 ab
2198 2752 2264 2772 esse
2284 2752 2320 2772 ex
2342 2742 2451 2772 intrin-

1383 2796 1475 2818 seco:
1501 2787 1555 2817 sed
1570 2786 1658 2816 Deus
1682 2793 1788 2826 potest
1809 2786 1917 2826 ipsum
1937 2786 2118 2817 annihilare.
2143 2786 2185 2817 Et
2200 2793 2368 2827 propterea
2384 2796 2450 2816 non

1383 2831 1535 2872 sequitur,
1556 2839 1635 2871 ergo
1659 2839 1721 2860 non
1746 2835 1794 2861 est
1816 2835 1915 2860 totum
1938 2830 2045 2861 simul.
2070 2830 2102 2861 Si
2119 2831 2203 2861 enim
2227 2837 2334 2871 posset
2350 2840 2387 2860 ex
2405 2830 2451 2860 in-

1382 2875 1518 2907 trinseco
1534 2884 1600 2904 esse
1619 2874 1692 2915 plus
1715 2881 1770 2905 aut
1783 2874 1892 2904 minus
1906 2881 1961 2905 aut
1979 2874 2118 2915 praecise
2133 2882 2258 2906 tantum
2275 2874 2450 2905 secundum

1384 2919 1595 2955 durationem,
1619 2925 1695 2948 tunc
1718 2928 1785 2949 non
1805 2925 1886 2949 esset
1908 2925 2014 2949 totum
2038 2919 2146 2949 simul:
2171 2919 2226 2949 sed
2250 2929 2285 2948 ex
2302 2928 2340 2949 eo
2361 2918 2450 2959 quod

1383 2964 1471 2994 Deus
1492 2969 1606 3004 potest,
1628 2972 1694 2992 non
1711 2962 1854 3003 sequitur
1869 2962 1932 2993 hoc
1955 2963 1987 2993 in
2008 2970 2119 2994 natura
2135 2962 2202 2993 aevi
2218 2972 2273 2993 seu
2290 2962 2447 2992 aeviterni.

1383 3009 1504 3039 Natura
1528 3007 1614 3038 enim
1636 3006 1680 3037 rei
1699 3016 1766 3036 non
1785 3014 1831 3038 est
1846 3006 2004 3037 metienda
2026 3007 2203 3037 secundum
2221 3006 2301 3036 vires
2317 3006 2447 3043 divinas,

1384 3052 1439 3082 sed
1462 3051 1614 3093 proprias.
1631 3067 1651 3074 -
1667 3050 1703 3080 In
1719 3060 1793 3081 casu
1813 3058 1921 3081 autem
1939 3050 2172 3081 annihilationis
2192 3058 2222 3081 et
2238 3049 2446 3086 recreationis,

1363 3122 1365 3124 ,
1385 3097 1498 3127 dicitur
1513 3095 1602 3136 quod
1618 3102 1698 3126 esset
1714 3095 1872 3126 successio
1892 3095 2079 3126 instantium
2095 3095 2348 3125 mensurantium
2363 3104 2447 3125 crea·

1384 3141 1516 3176 tionem,
1534 3139 1794 3170 annihilationem
1809 3146 1840 3171 et
1856 3139 2095 3175 recreationem
2115 3146 2145 3170 et
2169 3149 2235 3169 non
2252 3139 2352 3179 ipsius
2368 3138 2445 3169 aevi.

1385 3185 1535 3216 Instantia
1559 3183 1644 3214 enim
1672 3183 1725 3213 illa
1752 3183 1831 3214 nihil
1854 3183 1922 3214 aevi
1953 3190 2041 3220 sunt;
2066 3183 2120 3213 sed
2144 3190 2217 3213 sunt
2241 3190 2342 3224 partes
2365 3189 2446 3214 tem-

1385 3229 1470 3270 poris
1494 3227 1632 3264 discreti,
1662 3227 1751 3258 cuius
1774 3226 1871 3257 iam*
1895 3227 2108 3258 meminimus.
2143 3227 2230 3257 Idem
2258 3227 2344 3257 enim
2367 3233 2447 3257 esset

1384 3280 1460 3304 tunc
1483 3272 1637 3303 iudicium
1657 3272 1695 3302 de
1713 3271 1769 3302 illo
1785 3272 1909 3312 angelo,
1925 3272 2005 3303 sicut
2020 3278 2101 3303 esset
2117 3271 2156 3301 de
2175 3271 2301 3301 duobus
2317 3271 2444 3311 angelis,

1383 3327 1524 3358 quorum
1541 3326 1624 3346 unus
1640 3315 1727 3356 prius
1743 3315 1840 3346 altero
1857 3323 2027 3347 crearetur:
2053 3315 2152 3346 utitur
2165 3315 2250 3345 enim
2267 3325 2346 3346 aevo
2369 3322 2445 3347 tunc

1383 3362 1434 3391 ille
1458 3371 1540 3391 unus
1564 3360 1655 3400 quasi
1679 3360 1755 3391 duo.

1439 3405 1536 3435 XXII.
1562 3404 1596 3434 In
1621 3403 1827 3445 responsione
1850 3404 1891 3434 ad
1911 3403 2050 3442 tertium,
2067 3404 2192 3435 adverte
2206 3403 2295 3444 quod
2317 3403 2360 3434 ibi
2384 3403 2445 3433 dis-

1382 3449 1535 3489 tinguitur
1554 3458 1620 3478 esse
1639 3447 1741 3488 angeli
1756 3448 1930 3489 dupliciter.
1954 3448 2028 3478 Uno
2044 3447 2154 3484 modo,
2174 3448 2334 3478 absolute:
2357 3454 2387 3479 et
2402 3447 2445 3478 sic

1383 3504 1449 3524 non
1473 3493 1565 3523 habet
1588 3492 1792 3532 praeteritum
1815 3502 1872 3522 nec
1895 3491 2049 3528 futurum,
2074 3492 2128 3522 sed
2152 3492 2297 3523 subditur
2322 3491 2444 3522 divinae

1383 3537 1554 3578 potentiae,
1581 3543 1610 3566 et
1633 3543 1738 3576 potest
1761 3546 1827 3566 non
1851 3546 1916 3566 esse
1940 3545 1996 3576 per
2017 3535 2194 3576 potentiam
2216 3537 2250 3566 in
2273 3536 2345 3567 alio.
2370 3535 2443 3566 Alio

1383 3582 1492 3618 modo,
1510 3588 1545 3612 ut
1569 3581 1746 3611 coexistens
1769 3580 1948 3610 differentiis
1971 3579 2123 3620 temporis
2146 3579 2236 3611 realis
2258 3580 2309 3611 vel
2332 3579 2443 3620 imagi-

2485 408 2493 416 ‘
2510 406 2546 429 Cf.
2563 413 2628 430 num.
2645 414 2684 430 xv.

2483 1111 2495 1122 ⁶
2510 1111 2546 1133 Cs.
2561 1117 2625 1133 num.
2635 1117 2683 1133 vni.

2483 1155 2495 1166 ⁸
2509 1155 2581 1178 Num.
2591 1162 2625 1178 11.

2484 1333 2492 1341 ·
2508 1331 2578 1353 Num.
2588 1338 2603 1353 x
2618 1338 2670 1360 sqq.

2480 2220 2491 2230 ⁴⁸
2507 2219 2563 2247 Cap.
2572 2226 2613 2245 xn.
2630 2225 2653 2241 n.
2663 2225 2682 2241 1.

2481 2264 2492 2274 ⁸
2507 2263 2564 2291 Cap.
2574 2269 2616 2290 ιιι,
2631 2269 2655 2285 n.
2667 2269 2692 2284 n.

2480 2309 2490 2320 ¹·
2501 2308 2533 2330 Ca
2552 2324 2558 2330 .
2566 2315 2609 2330 xu.
2617 2320 2628 2324 -
2639 2308 2693 2329 Did.

2480 2335 2534 2384 ξπ.
2546 2335 2581 2362 Χ»
2601 2341 2653 2362 0³1>-
2662 2341 2692 2362 ¹2

2480 2442 2488 2451 ·
2504 2440 2540 2462 Cf.
2555 2447 2620 2462 num.
2633 2447 2665 2462 iv.

2477 2617 2562 2645 ’Apud
2571 2619 2689 2646 CapreoL,

2479 2648 2558 2666 contra
2570 2646 2644 2667 concl.
2654 2651 2675 2673 5.

2479 2673 2487 2680 ·
2502 2671 2573 2694 Num.
2584 2679 2599 2693 x
2613 2678 2666 2700 sqq.

2472 3236 2481 3246 ¹
2497 3235 2567 3258 Num.
2576 3242 2618 3258 xm
2633 3243 2671 3265 sq.
