2768 4178
12 1297 191 1321 '‘m-'u'

973 249 1239 296 QUAESTIO
1269 249 1408 297 XLIV,
1437 250 1731 288 ARTICULUS
1762 251 1813 287 IV

295 328 434 368 quimur.
451 345 472 350 -
488 329 622 358 Praeter
639 329 744 359 Deum
769 335 877 359 autem
893 328 1007 359 dicitur
1021 329 1137 359 directe
1153 335 1262 359 contra
1277 328 1362 368 posi-

293 372 416 403 tionem
435 372 560 403 Platoni
574 373 756 403 attributam
772 373 810 403 de
827 373 1056 412 exemplaribus
1080 372 1285 408 sensibilium,
1304 378 1360 402 etc.

353 416 390 446 II.
416 416 451 446 In
475 426 608 456 corpore
636 423 682 447 est
704 427 769 447 una
795 416 958 447 conclusio
987 416 1171 456 responsiva
1198 416 1360 457 quaesito:

294 460 382 490 Deus
406 467 452 490 est
475 460 617 500 primum
640 460 799 501 exemplar
826 460 975 490 omnium
1002 470 1118 491 rerum.
1134 478 1155 484 —
1172 461 1259 491 Haec
1283 470 1360 490 con-

289 504 396 541 clusio
427 504 533 545 primo
563 505 733 544 probatur;
758 505 917 540 secundo,
948 504 1008 534 ibi:
1032 505 1171 535 Possunt
1201 506 1295 535 etiam
1328 506 1359 534 in

295 548 391 579 rebus
413 550 540 586 creatis,
566 548 783 579 manifestatur
805 548 858 578 illa
881 548 1034 588 particula
1050 549 1206 588 primum.

350 592 515 623 Probatur.
532 592 760 623 Determinatio
776 592 898 622 formae
913 591 1041 622 effectus
1057 599 1104 623 est
1117 603 1135 622 a
1152 602 1246 623 causa
1261 602 1361 622 exem-

294 635 387 676 plari,
412 642 443 667 et
465 646 514 667 res
537 636 694 666 naturales
718 635 939 666 determinatas
962 635 1081 666 formas
1105 643 1358 677 consequuntur:

295 689 369 719 ergo
394 679 612 711 determinatio
636 679 813 710 formarum
836 679 1029 710 naturalium
1048 681 1216 717 reducitur,
1233 680 1312 711 sicut
1327 680 1360 710 in

294 723 436 763 primum
454 724 656 765 principium,
680 724 713 754 in
736 723 876 753 divinam
899 724 1094 764 sapientiam,
1115 735 1196 765 quae
1216 725 1361 755 ordinem

295 767 433 798 universi
461 767 662 807 excogitavit:
690 777 764 807 ergo
793 768 826 798 in
850 768 955 798 divina
985 769 1137 808 sapientia
1160 776 1234 799 sunt
1257 779 1360 799 exem-

294 811 396 851 plares
419 811 541 842 formae
564 811 712 842 omniurn
735 821 857 842 rerum:
883 822 957 852 ergo
973 812 1040 852 ipse
1055 813 1141 844 Deus
1158 820 1204 844 est
1220 813 1360 853 primum

295 855 455 895 exemplar
477 855 625 886 omnium
648 866 765 888 rerum.
781 874 802 879 —
820 857 1030 893 Antecedens,
1055 867 1114 897 pro
1138 857 1239 897 prima
1262 864 1359 897 parte,

294 899 469 929 declaratur
498 899 531 929 in
559 899 770 931 artificialibus
794 900 833 930 de
861 901 1030 940 exemplari
1058 908 1124 931 tam
1154 901 1239 932 intus
1263 911 1360 942 quam

294 949 388 973 extra.
423 943 540 980 Quoad
569 944 741 974 secundam
764 954 839 979 vero
870 951 1006 984 partem,
1031 945 1235 976 manifestum
1264 952 1319 976 est.
1339 963 1360 968 —

294 986 532 1027 Consequentia
550 998 625 1019 vero
645 989 813 1028 probatur:
838 988 913 1029 quia
936 989 1016 1018 ordo
1040 989 1176 1019 universi
1198 990 1231 1019 in
1255 999 1361 1019 rerum

294 1031 495 1062 distinctione
512 1032 663 1063 consistit.
680 1051 701 1055 -
718 1032 955 1073 Consequentia
971 1039 1078 1063 autem
1093 1033 1183 1064 tertia
1198 1034 1359 1073 probatur,

294 1075 491 1106 excludendo
508 1076 604 1107 simul
621 1076 833 1107 obiectionem
849 1077 1020 1117 quandam.
1037 1077 1185 1107 Probatio
1202 1084 1261 1108 est:
1286 1077 1361 1117 quia

293 1119 365 1150 illae
388 1120 581 1160 exemplares
611 1121 749 1152 rationes
776 1131 843 1151 non
866 1127 940 1151 sunt
963 1121 1050 1150 aliud
1073 1121 1234 1151 realiter.a
1257 1121 1361 1151 divina

293 1163 478 1195 substantia.
503 1164 649 1195 Obiectio
671 1174 748 1195 vero
772 1171 833 1195 est:
858 1164 934 1205 quia
949 1164 1136 1195 huiusmodi
1152 1164 1274 1195 formae
1288 1171 1362 1195 sunt

293 1208 423 1245 multae,
441 1209 614 1239 substantia
626 1218 702 1239 vero
718 1208 778 1239 Dei
794 1219 868 1250 una.
888 1208 1037 1238 Exclusio
1052 1215 1160 1238 autem
1176 1208 1361 1239 obiectionis

293 1258 355 1283 est:
380 1253 470 1293 quod
493 1252 666 1289 multitudo
682 1253 741 1283 ista
760 1263 827 1283 non
850 1251 1040 1291 multiplicat
1056 1252 1196 1282 divinam
1212 1262 1289 1288 rem,
1307 1252 1362 1282 sed

289 1302 472 1336 respectum
490 1297 531 1327 ad
546 1303 663 1327 creatas
678 1306 734 1327 seu
751 1296 898 1327 creabiles
917 1305 975 1332 reS,
992 1302 1027 1326 ut
1041 1295 1076 1325 in
1090 1305 1131 1325 xv
1147 1296 1332 1336 quaestione
1345 1295 1362 1315 '⁸‘

293 1346 405 1380 patmt.

353 1384 476 1415 Deinde
492 1384 666 1415 declaratur
685 1394 741 1415 cur
756 1384 868 1414 dixerit
884 1384 918 1414 in
934 1383 1140 1414 conclusione
1156 1383 1188 1424 ly
1198 1385 1363 1423 primum:

293 1428 401 1459 dicens
416 1428 492 1469 quia
510 1434 647 1468 possunt
671 1428 737 1458 dari
753 1428 937 1459 secundaria
952 1427 1150 1468 exemplaria.
1175 1427 1364 1458 Perfectiora

293 1472 453 1513 siquidem
469 1472 553 1503 entia
575 1472 764 1512 exemplaria
788 1472 849 1502 dici
872 1478 1008 1512 possunt
1030 1471 1227 1508 inferiorum,
1243 1478 1279 1502 ut
1294 1471 1363 1511 phi-

292 1516 422 1556 losophi
445 1516 564 1547 dicunt.

350 1560 403 1591 m.
427 1559 519 1591 Circa
545 1559 764 1590 necessitatem
795 1559 981 1599 exemplaris
1013 1569 1143 1595 causae,
1172 1559 1251 1590 scito
1276 1559 1364 1599 quod

293 1603 589 1636 determinationem
619 1603 741 1634 formae
772 1603 900 1634 effectus
924 1613 990 1634 esse
1019 1603 1186 1643 proprium
1217 1602 1364 1634 effectum

259 1666 263 1669 -
293 1657 406 1681 causae
429 1647 625 1688 exemplaris,
643 1655 679 1678 ut
694 1648 727 1678 in
742 1648 843 1679 littera
860 1647 983 1683 dicitur,
1000 1647 1161 1678 inductiva
1176 1647 1365 1687 experientia

56 2679 270 2725 *aes—''1524-

15 2739 21 2752 s
58 2736 72 2742 ·
103 2740 110 2747 .
156 2725 270 2748 ,lectxn

22 3251 24 3253 .
61 3229 72 3240 ⁶
87 3229 157 3252 vers.
169 3235 194 3256 4.

293 1691 482 1730 manifestat.
507 1692 662 1726 Videmus
686 1692 772 1723 enim
795 1691 927 1722 artifices
948 1691 1067 1722 formas
1084 1690 1295 1722 artificialibus
1312 1692 1364 1721 de-

292 1736 470 1772 terminare,
488 1737 666 1767 secundum
689 1736 779 1777 quod
802 1742 990 1776 proponunt
1013 1742 1154 1776 petentes
1177 1735 1364 1766 huiusmodi

294 1779 480 1819 artificialia:
505 1780 614 1821 ipsum
644 1787 752 1811 autem
780 1790 960 1820 proponere
991 1780 1080 1821 quod
1104 1780 1168 1810 tale
1191 1780 1281 1820 quid,
1305 1780 1362 1817 sic,

294 1829 430 1863 tantum,
452 1830 521 1863 etc„
546 1825 628 1863 volo,
654 1831 701 1856 est
724 1824 883 1865 exemplar
906 1824 988 1860 dare,
1013 1834 1051 1854 ex
1074 1834 1140 1865 quo
1165 1831 1247 1855 certa
1271 1824 1364 1854 datur

2398 251 2472 296 461

1416 329 1519 360 forma
1543 330 1679 361 effectus.
1707 331 1828 361 Verum
1851 338 1957 361 tamen
1980 338 2026 362 est
2049 331 2138 372 quod
2160 331 2345 362 huiusmodi
2368 341 2478 371 opera-

1416 374 1537 404 tionem
1559 384 1626 405 non
1649 375 1743 405 habet
1768 375 1927 415 exemplar
1953 385 2010 415 per
2032 375 2189 415 seip'sum,
2214 376 2269 406 sed
2292 385 2348 416 per
2371 385 2476 415 agens.

1416 417 1634 449 Diversimode
1662 425 1785 449 tamen:
1817 419 1892 459 quia
1914 429 1970 458 per
1999 429 2092 458 agens
2116 430 2134 449 a
2157 419 2340 460 proposito,
2364 420 2477 450 imme-

1416 461 1513 498 diate;
1538 473 1594 502 per
1616 472 1711 502 agens
1734 473 1809 493 vero
1833 463 1987 499 naturale,
2012 463 2157 499 mediate,
2181 463 2338 494 mediante
2362 463 2478 495 scilicet

1416 506 1523 536 datore
1542 513 1680 538 naturae.
1706 507 1747 537 Et
1769 507 1821 543 sic,
1846 517 1904 547 pro
1928 514 2048 547 quanto
2072 517 2154 547 opus
2178 514 2307 538 naturae
2330 514 2375 538 est
2394 518 2477 548 opus

1415 549 1646 590 intelligentiae,
1671 551 1855 590 exemplaris
1873 561 1966 581 causa
1981 552 2019 581 ad
2037 551 2312 582 determinandum
2327 552 2477 583 omnibus

1415 593 1574 624 effectibus
1598 594 1715 624 formas
1739 595 1912 625 necessaria
1928 601 1982 625 est.
2007 595 2048 626 Et
2071 596 2255 636 exemplaris
2279 606 2372 627 causa
2390 596 2476 626 suffi-

1415 637 1560 668 cientiam
1585 639 1713 678 agentis,
1738 638 1801 669 sive
1821 639 1970 669 naturalis
1989 639 2053 669 sive
2068 649 2086 669 a
2101 640 2278 680 proposito,
2297 650 2365 670 non
2383 640 2475 676 tollit,

1416 691 1472 712 nec
1487 682 1555 722 ipsa
1570 682 1749 723 superfluit:
1770 683 1825 713 sed
1840 683 1874 712 in
1889 693 1948 713 suo
1965 683 2074 714 ordine
2089 683 2174 713 idem
2190 684 2264 714 facit
2278 685 2366 725 quod
2381 694 2476 724 agens

1414 726 1477 756 alio
1502 727 1650 756 causandi
1673 736 1785 766 genere
1808 726 1891 758 facit.

1470 770 1523 801 IV.
1547 770 1638 801 Circa
1662 771 1798 801 radicem
1822 770 2034 801 conclusionis
2053 771 2071 789 ’κ
2094 781 2202 802 rursus
2225 771 2350 802 adverte
2373 773 2474 812 quod,

1414 814 1489 854 quia
1511 816 1632 845 Auctor
1656 825 1751 854 supra
1782 814 2041 845 determinatione
2069 815 2245 846 formarum
2267 816 2475 852 naturalium,

1414 868 1512 898 quam
1536 858 1699 889 manifeste
1720 858 1874 894 videmus,
1899 859 2011 889 fundat
2033 869 2218 900 processum
2241 870 2336 890 suum
2359 861 2399 890 ad
2422 870 2477 900 po-

1414 903 1557 932 nendum
1571 903 1677 932 Deum
1693 913 1759 932 esse
1775 912 1904 932 causam
1919 903 2142 943 exemplarem;
2161 910 2191 934 et
2206 903 2388 935 Aristoteles
2405 914 2478 934 con-

1414 946 1495 977 futat
1510 946 1527 966 *
1548 946 1715 977 Platonem
1743 946 1922 976 credentem
1951 948 2138 988 exemplaria
2162 957 2228 978 esse
2246 955 2367 988 praeter
2386 948 2478 988 parti-

1416 990 1531 1020 cularia
1554 990 1686 1030 agentia,
1711 997 1747 1020 ut
1776 1000 1824 1020 res
1848 997 1944 1021 certas
1968 990 2085 1021 formas
2109 992 2294 1022 sortiantur:
2319 1002 2358 1022 ne
2378 1002 2477 1022 errare

1414 1034 1465 1064 hic
1484 1034 1654 1074 contingat,
1673 1034 1838 1074 dupliciter
1857 1041 1961 1074 potest
1976 1045 2012 1064 ex
2029 1035 2288 1066 determinatione
2302 1036 2478 1066 formarum

1415 1078 1519 1108 inferri
1543 1078 1631 1118 quod
1655 1085 1729 1108 sunt
1751 1078 1948 1119 exemplaria.
1974 1079 2047 1109 Uno
2072 1080 2170 1109 modo
2190 1079 2242 1115 sic,
2260 1080 2348 1120 quod
2372 1090 2408 1110 ex
2424 1080 2477 1110 de-

1415 1122 1587 1152 terminatis
1603 1122 1713 1152 formis
1737 1122 1965 1152 concludamus
1989 1123 2194 1154 determinata
2208 1124 2396 1164 exemplaria
2411 1131 2477 1154 tan-

1416 1176 1514 1206 quam
1537 1166 1695 1205 proximas
1718 1176 1824 1196 rerum
1847 1176 1966 1201 causas.
1990 1167 2031 1197 Et
2046 1167 2089 1197 sic
2105 1167 2220 1197 falsum
2236 1174 2300 1198 est:
2324 1168 2478 1208 quoniam

1416 1209 1530 1249 periret
1552 1210 1732 1249 principalis
1752 1210 1834 1240 actio
1851 1210 2010 1249 agentium
2028 1221 2109 1251 quae
2125 1218 2198 1242 sunt
2216 1212 2300 1252 apud
2320 1221 2395 1248 nos;
2420 1213 2478 1242 bos

1417 1253 1502 1283 enim
1525 1263 1591 1282 non
1614 1260 1774 1292 generaret
1797 1254 1921 1284 bovem.
1946 1254 2020 1284 Alio
2044 1255 2142 1285 modo
2162 1255 2215 1291 sic,
2232 1262 2268 1286 ut
2282 1266 2318 1286 ex
2333 1256 2478 1287 determi-

1417 1296 1496 1326 natis
1513 1296 1632 1332 formis,
1652 1296 1844 1336 inquantum
1859 1307 1896 1328 ex
1911 1297 1955 1327 eis
1970 1298 2130 1338 consurgit
2146 1300 2225 1329 ordo
2241 1299 2386 1336 universi,
2405 1310 2478 1331 con-

1418 1340 1583 1370 cludamus
1599 1350 1708 1370 earum
1724 1341 1912 1380 exemplaria
1934 1341 1966 1370 in
1990 1341 2092 1381 prima
2115 1352 2217 1379 causa,
2237 1353 2318 1383 quae
2335 1345 2478 1375 ordinem

1419 1384 1604 1423 excogitavit
1620 1383 1765 1420 universi,
1786 1391 1939 1424 tanquam
1957 1392 2060 1424 partes
2075 1386 2163 1416 ideae
2178 1387 2277 1426 ipsius
2293 1388 2421 1419 ordinis.
2438 1389 2479 1420 Et

1418 1427 1480 1458 hoc
1503 1434 1550 1458 est
1573 1427 1769 1458 rationabile:
1795 1438 1833 1458 eo
1851 1429 1939 1468 quod
1958 1429 2116 1470 exemplar
2139 1430 2269 1461 alicuius
2293 1432 2390 1462 totius
2410 1443 2479 1473 per-

1418 1471 1498 1502 fecte
1514 1481 1580 1501 non
1595 1471 1738 1508 habetur,
1763 1471 1822 1502 nisi
1846 1472 1973 1512 propria
1989 1474 2127 1513 partium
2142 1475 2328 1515 exemplaria
2343 1476 2477 1507 habean-

1419 1523 1479 1546 tur.
1504 1516 1546 1546 Et
1569 1515 1613 1545 sic
1636 1515 1799 1546 manifeste
1827 1515 1877 1546 hic
1901 1517 2091 1556 proceditur.
2125 1519 2216 1549 Unde
2245 1529 2310 1549 non
2341 1520 2480 1552 aufertur

1420 1559 1583 1590 causalitas
1607 1559 1823 1599 proximarum
1848 1570 2028 1591 causarum:
2054 1562 2122 1598 sed,
2148 1572 2222 1593 cum
2246 1573 2327 1602 opus
2350 1572 2479 1596 naturae

1419 1604 1458 1634 sit
1481 1613 1564 1643 opus
1586 1603 1818 1643 intelligentiae,
1836 1604 1955 1644 primae
1971 1605 2107 1636 rationes
2131 1607 2322 1638 naturalium
2345 1618 2480 1648 operum

1419 1647 1626 1686 assignantur.
1651 1648 1692 1678 Et
1715 1647 1758 1677 sic
1781 1647 1876 1678 habes
1898 1648 1964 1678 vim
1986 1649 2106 1688 primae
2130 1651 2371 1691 consequentiae
2385 1651 2413 1684 θ’.

1475 1692 1514 1722 V.
1540 1691 1575 1721 In
1598 1691 1804 1731 responsione
1833 1692 1871 1721 ad
1902 1693 2094 1729 secundum,
2118 1693 2213 1724 habes
2235 1695 2373 1734 glossam
2394 1696 2480 1727 illius

1419 1735 1657 1775 propositionis,
1686 1735 1787 1766 Omne
1802 1736 1867 1766 tale
1877 1746 1940 1776 per
1952 1738 2242 1777 participationem,
2258 1739 2424 1770 reducitur
2439 1741 2482 1771 ad

1421 1780 1485 1810 tale
1501 1789 1565 1820 per
1587 1781 1778 1810 essentiam:
1801 1780 1956 1820 glossatur
1972 1781 2067 1817 enim,
2084 1783 2134 1812 vel
2149 1782 2192 1812 ad
2206 1783 2328 1823 aliquid
2343 1785 2480 1815 eminen-

1421 1824 1484 1854 tius
1507 1825 1670 1854 continens
1693 1824 1784 1854 illud.

1077 1969 1397 2011 ARTICULUS
1428 1969 1700 2021 QUARTUS

874 2076 879 2080 -
919 2061 1076 2092 UTRUM
1099 2061 1211 2092 Deus
1235 2061 1302 2092 Str
1326 2061 1469 2092 CAUSA
1492 2061 1657 2092 FINALIS
1681 2061 1857 2093 OMNIUM

580 2140 654 2170 Infra,
674 2148 719 2173 qu.
738 2147 794 2171 va,
814 2144 861 2165 art.
882 2145 909 2170 23
929 2147 974 2173 qu.
993 2147 1048 2171 cm,
1068 2145 1115 2164 art.
1136 2147 1165 2170 2;
1185 2140 1206 2164 11
1225 2140 1308 2170 Sent.‚
1328 2140 1387 2164 dist.
1405 2147 1423 2169 1.
1442 2147 1487 2172 qu.
1505 2147 1533 2170 11,
1553 2144 1601 2165 art.
1623 2147 1644 2171 1,
1665 2147 1695 2171 2;
1715 2140 1746 2165 111
1768 2140 1843 2165 Cont.
1859 2141 1945 2169 Gent„
1966 2148 2020 2173 cap.
2039 2148 2099 2170 xvxi,
2118 2148 2193 2171 xvm;

1172 2175 1317 2207 Compend.
1340 2175 1438 2205 Tloeol„
1458 2183 1514 2207 cap.
1534 2182 1558 2205 c.
1578 2182 1612 2200 οι.
2043 2174 2048 2180 ’

379 2284 394 2297 ν
414 2278 530 2329 ,Ἔχ-1)
550 2277 724 2307 QUARTUM
743 2277 796 2302 Slc
816 2277 1056 2303 PROCEDlTUR.
1082 2265 1242 2303 Videtur
1261 2265 1366 2314 quod

327 2281 335 2298 x*
365 2296 386 2308 ’1

320 2298 476 2378 ’Ῐῖἓέ
508 2320 614 2356 Deus
651 2330 730 2355 non
767 2318 812 2355 sit
854 2330 969 2355 causa
1010 2319 1133 2355 finalis
1176 2318 1365 2355 omnium.

373 2388 432 2416 V«
448 2376 474 2418 ’ἦ
494 2374 634 2420 ςΑεετε
663 2371 766 2409 enim
794 2378 954 2420 propter
971 2372 1091 2409 finem
1110 2372 1263 2409 videtur
1284 2383 1365 2408 esse

303 2421 333 2432 ”
352 2400 449 2456 ‘2²³5
464 2416 497 2459 N
510 2424 666 2462 alicuius
686 2424 886 2472 indigentis
915 2425 1004 2462 fine.
1037 2425 1115 2462 Sed
1135 2427 1242 2462 Deus
1262 2426 1366 2462 nullo

298 2485 354 2515 est
371 2476 544 2524 indigens
563 2484 592 2514 α.
625 2478 728 2526 Ergo
757 2490 837 2514 non
858 2477 1040 2526 competit
1058 2478 1130 2516 sibi
1149 2491 1261 2526 agere
1279 2490 1366 2527 pro-

296 2538 381 2580 pter
407 2530 539 2568 finem.

353 2595 389 2620 2.
419 2583 660 2631 Pium-Eam,
690 2582 778 2620 finis
807 2584 1060 2631 generationis
1089 2591 1126 2621 et
1153 2585 1278 2621 forma
1306 2597 1368 2633 ge-

298 2635 418 2677 nerati
435 2634 454 2664 ⁴⁸
483 2644 520 2673 et
552 2648 667 2684 agens
700 2648 779 2673 non
806 2637 975 2674 incidunt
1003 2637 1042 2674 in
1070 2637 1172 2674 idem
1193 2649 1368 2685 numer0,

297 2697 341 2727 ut
369 2689 503 2727 dicitur
529 2690 568 2726 in
596 2690 628 2726 II
656 2689 806 2738 Physic.
827 2689 871 2727 *r
894 2690 983 2739 quia
1010 2690 1097 2728 finis
1116 2690 1369 2739 generationis

300 2750 356 2780 est
383 2743 508 2780 forma
535 2742 714 2790 generati.
746 2743 824 2781 Sed
852 2744 959 2781 Deus
992 2752 1047 2781 est
1064 2744 1233 2792 primurn
1254 2756 1369 2792 agens

299 2796 488 2834 omnium.
520 2797 612 2833 Non
641 2808 731 2844 ergo
761 2804 961 2834 estsscausa
987 2797 1112 2834 finalis
1140 2797 1327 2834 omnium.

356 2851 390 2886 3.
408 2850 643 2897 PRAETEREA,
655 2850 775 2887 finem
791 2850 922 2887 omnia
937 2857 1130 2899 appetunt.
1149 2851 1227 2887 Sed
1242 2851 1369 2887 Deum

298 2914 380 2941 non
409 2902 540 2939 omnia
573 2909 777 2951 appetunt:
807 2903 896 2952 quia
930 2915 1055 2952 neque
1084 2904 1214 2940 omnia
1242 2903 1369 2952 ipsum

302 2962 548 3004 cognoscunt.
578 2957 684 2992 Deus
714 2969 804 3004 ergo
833 2969 912 2994 non
942 2963 997 2994 est
1025 2957 1199 2993 omnium
1227 2956 1326 2994 finis.

351 3009 392 3055 ¹4.
422 3007 656 3056 PRAETEREA,
685 3009 808 3046 finalis
829 3022 943 3047 causa
961 3015 976 3037 ⁷
1006 3017 1061 3047 est
1087 3010 1212 3058 prima
1241 3022 1370 3046 causa-

301 3073 399 3098 rum.
430 3061 471 3098 Si
498 3061 607 3110 igitur
635 3063 742 3099 Deus
770 3063 816 3100 sit
844 3075 959 3100 causa
987 3075 1103 3111 agens
1130 3071 1166 3100 et
1186 3075 1299 3099 causa
1326 3063 1370 3099 fi-

301 3114 408 3162 nalis,
438 3114 608 3162 sequitur
635 3115 741 3164 quod
769 3116 807 3153 in
836 3129 883 3153 eo
911 3116 958 3153 sit
983 3116 1088 3165 prius
1115 3124 1152 3153 et
1169 3115 1368 3164 poster1us.

303 3167 420 3214 Quod
450 3175 505 3204 est
532 3167 780 3218 impossibile.

356 3220 430 3257 SED
459 3232 605 3273 coum
633 3234 699 3260 EST
722 3222 829 3270 quod
850 3222 983 3259 dicitur
1001 3223 1115 3262 Prov.
1131 3234 1191 3259 XVI
1210 3221 1246 3257 *z
1282 3222 1371 3259 Uni-

300 3284 412 3311 versa
434 3279 592 3322 propter
617 3275 854 3323 semetipsum
887 3281 1063 3324 operatus
1091 3281 1145 3312 est
1169 3275 1369 3311 Dominus.

355 3327 583 3363 RESPONDEO
624 3339 809 3365 mcENDUM
846 3329 952 3378 quod
991 3341 1108 3365 omne
1145 3340 1260 3375 agens
1298 3327 1371 3375 agit

301 3379 457 3429 propter
484 3379 625 3416 finem:
654 3381 822 3430 alioquin
856 3394 900 3418 ex
929 3382 1079 3418 actione
1116 3380 1258 3428 agentis
1293 3393 1371 3417 non

1421 2265 1541 2312 magis
1569 2262 1790 2314 sequeretur
1816 2267 1891 2303 hoc
1920 2278 2036 2315 quam
2061 2264 2074 2288 δ
2101 2266 2204 2314 illud,
2233 2266 2303 2303 nisi
2331 2279 2353 2303 a
2381 2280 2481 2305 casu.

1421 2319 1490 2354 Est
1518 2326 1646 2355 autern
1675 2318 1779 2356 idem
1798 2319 1885 2356 finis
1905 2319 2047 2367 agentis
2067 2327 2103 2356 et
2121 2319 2305 2368 patientis,
2326 2320 2483 2368 inquan-

1421 2378 1502 2408 tum
1531 2371 1763 2419 huiusmodi,
1790 2373 1855 2409 sed
1885 2372 1990 2408 aliter
2018 2379 2054 2408 et
2081 2372 2204 2409 aliter:
2233 2385 2354 2410 unum
2384 2373 2484 2410 enim

1423 2431 1459 2461 et
1486 2424 1590 2461 idem
1621 2432 1676 2461 est
1709 2425 1813 2472 quod
1846 2437 1961 2473 agens
1998 2425 2155 2462 intendit
2181 2425 2418 2474 imprimere,
2450 2434 2485 2462 et

1423 2477 1529 2525 quod
1548 2477 1694 2526 patiens
1719 2478 1879 2515 intendit
1897 2478 2074 2527 recipere.
2106 2479 2201 2515 Sunt
2219 2486 2347 2515 autem
2367 2491 2483 2527 quae—

1423 2531 1513 2568 dam
1532 2536 1543 2551 *
1571 2543 1669 2580 quae
1698 2530 1809 2567 simul
1837 2538 1954 2579 agunt
1981 2538 2017 2567 et
2043 2531 2242 2579 patiuntur,
2272 2543 2370 2579 quae
2399 2540 2485 2568 sunt

1423 2584 1571 2631 agentia
1598 2583 1837 2632 imperfecta:
1868 2591 1904 2620 et
1931 2583 1989 2620 his
2018 2584 2196 2621 convenit
2229 2585 2343 2632 quod
2371 2584 2483 2621 etiam

1423 2637 1461 2673 in
1481 2637 1630 2685 agendo
1654 2636 1849 2673 intendant
1867 2636 2007 2684 aliquid
2027 2637 2231 2685 acquirere.
2263 2637 2339 2674 Sed
2357 2637 2483 2685 primo

1424 2689 1559 2738 agenti,
1589 2689 1653 2738 qui
1683 2697 1738 2726 est
1765 2702 1880 2737 agens
1899 2696 2057 2737 tantum,
2078 2701 2156 2726 non
2178 2690 2355 2727 convenit
2373 2702 2483 2737 agere

1423 2750 1579 2792 propter
1597 2742 1883 2791 acquisitionem
1904 2742 2058 2779 alicuius
2076 2743 2184 2789 finis;
2213 2743 2280 2779 sed
2299 2742 2456 2780 intendit
2471 2742 2485 2768 ζ

1424 2796 1548 2833 solum
1570 2795 1852 2832 communicare
1877 2808 1986 2832 suam
2006 2795 2290 2844 perfectionem,
2311 2808 2410 2843 quae
2430 2803 2485 2831 est

1425 2849 1504 2886 eius
1542 2849 1701 2885 bonitas.
1744 2849 1793 2884 Et
1828 2860 2081 2896 unaquaeque
2124 2856 2293 2885 creatura
2328 2848 2485 2885 intendit

1426 2902 1608 2950 consequi
1637 2913 1746 2938 suam
1773 2901 2058 2949 perfectionem,
2087 2913 2184 2948 quae
2205 2909 2259 2937 est
2279 2901 2483 2937 similitudo

1424 2954 1666 3004 perfectionis
1696 2962 1731 2990 et
1758 2953 1933 2990 bonitatis
1963 2954 2123 2991 divinae.
2155 2954 2217 2990 Sic
2245 2966 2334 3001 ergo
2356 2953 2484 2991 divina

1425 3008 1575 3044 bonitas
1605 3015 1659 3044 est
1686 3007 1771 3044 finis
1801 3019 1927 3043 rerum
1956 3007 2141 3043 omnium.

1431 3101 1435 3104 ,
1478 3062 1536 3097 AD
1565 3072 1702 3096 PRIMUM
1730 3071 1828 3096 ERGO
1856 3071 2039 3096 DICENDUM
2068 3059 2172 3108 quod
2201 3071 2310 3107 agere
2329 3066 2485 3108 propter

1425 3113 1667 3160 indigentiam
1701 3125 1779 3149 non
1800 3120 1855 3149 est
1872 3112 1943 3149 nisi
1963 3112 2104 3160 agentis
2123 3112 2349 3160 imperfecti,
2380 3111 2484 3161 quod

1426 3174 1555 3203 natum
1576 3174 1632 3202 est
1660 3177 1769 3213 agere
1799 3173 1836 3201 et
1861 3165 1949 3214 pati.
1981 3165 2058 3202 Sed
2085 3165 2159 3201 hoc
2179 3166 2263 3202 Deo
2283 3177 2361 3201 non
2381 3176 2484 3202 com-

1424 3219 1526 3268 petit.
1566 3219 1615 3255 Et
1641 3218 1728 3255 ideo
1766 3218 1847 3267 ipse
1885 3218 1986 3254 solus
2015 3225 2069 3254 est
2106 3217 2270 3255 maxime
2299 3217 2482 3254 liberalis:

1426 3272 1514 3320 quia
1541 3284 1621 3308 non
1650 3271 1724 3319 agit
1749 3278 1903 3319 propter
1921 3282 2030 3307 suam
2043 3270 2250 3317 utilitatem,
2272 3270 2340 3307 sed
2359 3271 2483 3307 solum

1426 3333 1578 3374 propter
1607 3336 1715 3361 suam
1744 3324 1964 3360 bonitatem.
2020 3360 2022 3363 ,

1478 3380 1536 3415 AD
1552 3389 1740 3415 SECUNDUM
1760 3388 1943 3413 DICENDUM
1957 3376 2060 3425 quod
2080 3376 2203 3412 forma
2221 3376 2386 3423 generati
2405 3388 2484 3413 non

356 3491 383 3525 α)
403 3491 476 3516 nullo
489 3494 528 3516 est
543 3491 674 3525 indigens.
692 3506 712 3511 —
729 3493 802 3519 nullo
815 3493 894 3519 modo
908 3497 948 3519 est
962 3493 1086 3527 indigens
1099 3493 1189 3523 AGab,
1204 3494 1276 3518 nullo
1291 3493 1369 3517 modo

302 3528 406 3561 indiget
423 3527 453 3551 B.
471 3540 490 3545 —
508 3526 559 3551 Pro
578 3527 654 3560 Ergo
673 3535 734 3557 non,
755 3529 830 3562 Ergo
850 3530 922 3554 nullo
941 3529 1020 3554 modo
1039 3530 1070 3553 A.

357 3562 383 3595 β)
395 3562 498 3595 finis...
512 3563 644 3595 generati.
661 3576 681 3582 —
691 3563 760 3596 fim's
777 3567 804 3589 et
813 3565 910 3598 forma
927 3564 1110 3597 gener-attonis
1124 3563 1226 3588 codices
1240 3569 1265 3588 et
1283 3564 1333 3588 ab.
1353 3576 1370 3581 -

301 3602 329 3624 et
346 3605 430 3632 agens
447 3605 501 3623 om.
519 3598 552 3623 D.

1476 3491 1502 3524 γ)
1516 3491 1610 3523 finalis
1627 3497 1716 3515 causa.
1734 3503 1753 3508 —
1770 3496 1851 3514 causa
1862 3489 1957 3522 finalis
1975 3489 2096 3514 ABCDE.

1476 3525 1500 3558 ὃ)
1521 3533 1608 3558 quam.
1627 3539 1644 3543 -
1663 3525 1704 3549 vel
1722 3525 1822 3549 codices
1842 3529 1867 3549 et
1884 3525 1934 3548 ab.

1477 3561 1499 3593 ε)
1518 3561 1657 3593 quaedam.
1674 3573 1693 3579 —-
1712 3560 1773 3584 Om.
1791 3559 1953 3591 CDEFGpA.

1477 3596 1501 3629 ζ)
1521 3596 1643 3621 intendit.
1661 3609 1680 3614 —
1698 3595 1835 3620 intendens
1854 3594 2007 3623 ACDEFab,
2028 3597 2057 3618 ut
2076 3594 2212 3619 intendens
2231 3595 2260 3625 B,
2280 3594 2380 3620 intend.
2399 3595 2431 3619 G.

2504 778 2513 787 '¹
2529 776 2566 798 Cf.
2581 782 2645 798 num.
2662 782 2688 798 11.

2503 950 2663 978 ⁴Metaphys.,
2674 951 2716 972 lib.

2503 978 2592 1032 gaqe-ap.
2607 983 2645 1004 ix,
2661 983 2684 999 n.
2700 978 2713 999 8

2507 1658 2518 1668 '⁴
2533 1657 2568 1680 Cf.
2585 1663 2649 1680 num.
2664 1663 2689 1679 11.
