2768 4178
128 483 142 509 οἱ

943 288 1211 334 QUAESTIO
1241 289 1363 335 XLV,
1392 289 1688 326 ARTICULUS
1718 290 1768 325 ΙΙΙ

265 368 522 417 impossibile:
553 367 642 417 quia
671 366 885 404 subiectum
912 366 1017 414 prius
1046 374 1101 403 est
1129 366 1334 413 accidente,

266 429 302 459 et
331 428 533 459 conservat
560 419 759 467 accidens3
782 419 967 456 terminus
997 427 1126 456 autem
1149 419 1336 467 posterius

267 482 323 512 est
341 474 488 512 actione
509 472 523 495 ὅ
543 481 579 511 et
597 473 775 523 passione
796 471 902 509 cuius
927 479 982 508 est
1008 472 1203 519 terminus,
1234 479 1270 508 et
1290 485 1335 508 eo

267 527 448 565 existente
477 534 598 565 cessat
622 526 719 563 actio
741 532 776 562 et
793 524 933 574 passio.
964 524 1078 572 Igitur
1097 525 1179 573 ipsa
1199 525 1336 561 creatio

267 593 347 619 non
376 588 432 618 est
460 580 586 629 aliqua
613 592 686 616 res.

323 635 397 671 SED
426 645 583 680 CONTRA,
604 632 728 670 maius
758 639 814 668 est
841 629 1096 678 fieri-aliquid
1125 630 1337 667 secundum

267 695 387 724 totam
407 685 670 733 substantiam,
692 697 809 733 quam
830 684 1043 721 secundum
1065 683 1229 720 formam
1251 684 1338 720 sub-

269 740 482 778 stantialem
508 739 571 776 vel
599 738 885 775 accidentalem.
918 737 996 774 Sed
1023 735 1216 785 generatio
1251 736 1339 772 sirn-

268 793 414 842 pliciter
430 793 494 830 vel
513 791 727 829 secundum
756 791 860 840 quid,
883 803 960 839 qua
978 790 1022 827 fit
1040 789 1182 838 aliquid
1206 801 1340 826 secun-

269 847 363 884 dum
390 846 556 883 formam
585 845 871 882 substantialem
895 844 958 881 vel
978 843 1264 890 accidentalem,
1286 849 1341 879 est

269 898 410 948 aliquid
430 899 470 935 in
488 906 679 946 generato.
697 899 800 946 Ergo
820 898 941 934 multo
955 896 1076 944 magis
1096 895 1247 942 creatio,
1265 907 1341 944 qua

268 953 312 990 fit
341 951 483 1000 aliquid
511 951 724 989 secundum
753 958 873 988 totam
902 949 1164 997 substantiam,
1195 956 1250 986 est
1277 948 1340 985 ali-

270 1005 362 1055 quid
390 1005 430 1042 in
459 1013 596 1042 creat0.

325 1059 552 1095 RESPONDEO
581 1069 766 1095 mOENDUM
795 1057 900 1106 quod
934 1056 1073 1093 creatio
1102 1054 1211 1105 ponit
1238 1060 1248 1075 ⁸
1277 1054 1341 1091 ali-

272 1111 365 1162 quid
379 1112 418 1149 in
434 1119 561 1148 creato
582 1110 796 1148 secundum
816 1109 1038 1147 relationem
1059 1116 1218 1146 tantum.
1241 1108 1342 1160 Quia

272 1165 380 1215 quod
408 1173 566 1212 creatur,
596 1176 675 1202 non
702 1164 746 1201 fit
773 1175 842 1212 per
870 1170 1021 1200 motum
1041 1163 1103 1199 vel
1131 1173 1201 1211 per
1218 1168 1341 1198 muta-

271 1219 429 1256 tionem.
460 1217 578 1265 Quod
602 1217 704 1255 enim
732 1217 776 1254 fit
802 1229 872 1266 per
898 1223 1050 1253 motum
1073 1216 1137 1252 vel
1166 1214 1342 1252 mutatio-

250 1271 458 1319 Vnemsfit
492 1283 538 1308 ex
566 1270 692 1320 aliquo
725 1269 1010 1319 praeexistenti:
1046 1268 1152 1318 quod
1185 1267 1342 1317 quidem

273 1324 456 1373 contingit
474 1324 514 1362 in
536 1323 854 1373 productionibus
880 1321 1171 1372 particularibus
1199 1320 1344 1369 aliquo-

273 1390 361 1416 rum
395 1377 557 1424 entium;
586 1390 666 1415 non
686 1384 814 1415 autem
844 1383 970 1425 potest
996 1376 1072 1412 hoc
1091 1374 1105 1401 ζ
1124 1373 1343 1422 contingere

273 1431 313 1470 in
340 1430 594 1481 productione
613 1430 728 1467 totius
749 1442 831 1467 esse
851 1442 874 1466 a
894 1441 1009 1466 causa
1035 1427 1240 1466 universali
1260 1440 1343 1465 om-

250 1487 256 1494 '
274 1484 383 1523 nium
399 1483 557 1532 entium,
574 1496 673 1533 quae
693 1490 750 1520 est
763 1484 882 1520 Deus.
898 1482 1011 1520 Unde
1026 1483 1145 1528 Deus,
1163 1481 1342 1528 creando,

273 1537 452 1589 producit
479 1550 540 1574 res
567 1537 649 1574 sine
677 1543 798 1574 motu.
833 1536 1036 1574 Subtracto
1071 1542 1200 1572 autem
1234 1542 1344 1571 motu

274 1591 324 1629 ab
343 1590 492 1628 actione
513 1597 550 1627 et
566 1589 758 1639 passione,
779 1589 870 1626 nihil
890 1595 1061 1626 remanet
1079 1588 1151 1625 nisi
1170 1587 1300 1625 relatio
1311 1587 1343 1634 ³¹²,

273 1651 317 1682 ut
344 1643 488 1682 dictum
520 1651 577 1681 est
603 1643 634 1680 ²¹⁸.
670 1643 782 1681 Unde
812 1642 1035 1692 relinquitur
1066 1642 1173 1690 quod
1205 1641 1344 1678 creatio

272 1697 312 1736 in
340 1704 511 1734 creatura
535 1709 616 1734 non
635 1696 681 1734 sit
700 1696 770 1734 nisi
789 1696 920 1733 relatio
946 1695 1136 1744 quaedam
1157 1694 1206 1732 ad
1227 1695 1343 1731 Crea-

274 1758 414 1797 torem,
444 1757 487 1788 ut
513 1750 563 1788 ad
589 1748 818 1799 principium
852 1749 910 1787 sui
939 1761 1041 1794 esse;
1071 1748 1167 1786 sicut
1193 1748 1232 1785 in
1259 1760 1345 1797 pas-

2371 285 2447 332 467

1443 370 1501 404 Ao
1531 380 1667 405 PRIMUM
1696 379 1794 404 ERGO
1823 379 2006 403 mOENDUM
2035 365 2141 415 quod
2171 364 2308 402 creatio
2329 364 2450 401 active

1391 420 1599 468 significata
1628 420 1812 469 significat
1840 419 2028 456 actionem
2058 419 2240 465 divinam,
2270 430 2368 466 quae
2397 424 2453 454 est

1392 473 1472 509 eius
1507 473 1668 510 essentia
1698 485 1786 510 curn
1824 472 2005 509 relatione
2034 472 2083 509 ad
2112 480 2335 509 creaturam.
2375 470 2452 507 Sed

1392 526 1520 562 relatio
1550 526 1588 562 in
1615 527 1700 562 Deo
1730 526 1778 563 ad
1807 533 2017 562 creaturam
2045 537 2123 562 non
2152 532 2208 562 est
2235 524 2355 571 realis,
2385 524 2453 561 sed

1392 579 1603 616 secundum
1633 579 1819 615 rationem
1847 586 2003 615 tanturn.
2043 578 2189 615 Relatio
2218 590 2312 614 vero
2351 589 2453 613 crea-

1392 639 1497 667 turae
1527 632 1575 668 ad
1603 633 1730 668 Deum
1761 638 1815 668 est
1843 631 1972 668 relatio
2001 631 2122 677 realis,
2151 638 2192 667 ut
2220 643 2334 679 supra
2351 629 2371 652 ’¹‘
2400 629 2453 666 di-

1394 691 1496 720 ctum
1526 692 1592 730 est,
1623 697 1710 721 cum
1740 684 1787 721 de
1817 684 1953 721 divinis
1981 684 2213 720 Nominibus
2242 691 2425 731 ageretur.

1446 739 1505 773 AD
1534 749 1722 774 SECUNDUM
1750 749 1934 774 mcaNDUM
1963 737 2079 784 quod,
2110 737 2198 786 quia
2215 742 2229 759 ²⁰
2249 736 2387 773 creatio
2408 735 2454 772 si-

1394 790 1595 837 gnificatur
1621 798 1663 826 ut
1690 790 1863 838 mutatio,
1884 790 1978 827 sicut
1998 790 2139 827 dictum
2160 797 2215 826 est
2233 789 2268 835 *3
2294 788 2451 826 mutatio

1395 850 1523 880 autem
1552 843 1679 880 media
1707 843 1997 891 quodammodo
2027 851 2082 879 est
2109 843 2205 879 inter
2232 854 2395 879 movens
2419 849 2456 878 et

1394 903 1559 932 motum:
1590 896 1676 933 ideo
1705 896 1818 933 etiarn
1849 896 1987 932 creatio
2016 896 2246 943 significatur
2268 903 2310 931 ut
2328 895 2455 932 media

1395 949 1491 985 inter
1526 949 1746 985 Creatorem
1780 956 1815 985 et
1844 957 2065 985 creaturam.
2100 946 2289 985 Tamen'0
2318 948 2454 984 creatio

1395 1001 1545 1050 passive
1574 1010 1728 1050 accepta
1757 1009 1811 1038 est
1839 1002 1876 1038 in
1906 1010 2096 1049 creatura,
2127 1009 2163 1038 et
2191 1008 2247 1038 est
2274 1009 2454 1038 creatura.

1396 1055 1534 1103 Neque
1553 1062 1681 1091 tamen
1701 1062 1850 1103 oportet
1869 1055 1974 1104 quod
1993 1055 2065 1091 alia
2085 1055 2273 1092 creatione
2293 1061 2455 1091 creetur:

1397 1107 1485 1156 quia
1514 1108 1733 1154 relationes,
1764 1120 1851 1144 cum
1880 1109 1955 1144 hoc
1987 1108 2112 1156 ipsum
2140 1108 2244 1156 quod
2273 1115 2378 1153 sunt,
2408 1107 2457 1144 ad

1397 1161 1536 1208 aliquid
1566 1161 1748 1207 dicantur,
1779 1173 1857 1197 non
1887 1162 2097 1197 referuntur
2115 1173 2184 1209 per
2204 1161 2346 1209 aliquas
2366 1160 2456 1196 alias

1398 1214 1610 1261 relationes,
1631 1215 1698 1251 sed
1718 1226 1787 1262 per
1806 1214 1965 1262 seipsas;
1991 1214 2085 1250 sicut
2106 1214 2218 1250 etiam
2238 1226 2351 1262 supra
2365 1213 2385 1234 '¹‘
2404 1213 2457 1250 di-

1399 1275 1502 1304 ctum
1519 1275 1584 1312 est,
1598 1279 1685 1303 cum
1702 1267 1749 1304 de
1765 1267 1985 1315 aequalitate
2000 1267 2256 1303 Personarum
2274 1274 2455 1314 ageretur.

1451 1322 1511 1357 AD
1539 1331 1699 1357 TERTmM
1727 1332 1911 1357 DxCENDUM
1939 1320 2044 1367 quod
2081 1319 2296 1366 creationis,
2326 1332 2458 1356 secun-

1401 1374 1493 1411 dum
1522 1373 1628 1422 quod
1666 1372 1895 1420 significatur
1927 1381 1968 1409 ut
2005 1372 2176 1419 mutatio,
2207 1379 2375 1409 creatura
2404 1380 2460 1409 est

1399 1426 1603 1464 terminus:
1633 1425 1700 1462 sed
1729 1427 1939 1463 secundum
1973 1426 2079 1474 quod
2106 1438 2198 1463 vere
2227 1433 2281 1463 est
2309 1425 2457 1472 relatio,

1400 1488 1570 1517 creatura
1599 1486 1654 1516 est
1683 1479 1763 1516 eius
1791 1479 2016 1526 subiectum,
2038 1486 2074 1515 et
2093 1479 2196 1528 prius
2225 1491 2269 1515 ea
2297 1478 2335 1515 in
2364 1491 2458 1526 esse,

1400 1534 1496 1570 sicut
1523 1532 1736 1570 subiectum
1771 1532 1976 1569 accidente.
2017 1532 2094 1569 Sed
2120 1533 2235 1569 habet
2268 1531 2461 1580 quandam

1400 1587 1588 1624 rationem
1615 1585 1815 1634 prioritatis
1836 1598 1880 1622 ex
1900 1593 2005 1634 parte
2034 1585 2168 1622 obiecti
2196 1585 2244 1622 ad
2274 1585 2378 1633 quod
2408 1584 2461 1621 di-

1401 1640 1504 1687 citur,
1536 1639 1642 1688 quod
1671 1646 1726 1675 est
1753 1639 1980 1687 principium
2011 1646 2213 1675 creaturae.
2242 1639 2380 1685 Neque
2408 1646 2461 1674 ta-

1399 1706 1490 1730 men
1519 1699 1670 1742 oportet
1697 1692 1812 1741 quod,
1843 1691 2011 1739 quandiu
2040 1699 2209 1728 creatura
2237 1691 2293 1738 sit,
2319 1691 2462 1728 dicatur

1401 1746 1538 1783 creari:
1569 1745 1659 1795 quia
1687 1745 1826 1782 creatio
1865 1745 2043 1793 importat
2070 1744 2331 1781 habitudinem
2360 1756 2462 1781 crea·

274 1803 385 1842 sione
412 1815 511 1852 quae
542 1811 598 1840 est
625 1815 712 1840 cum
731 1810 852 1850 motu,
882 1803 1109 1852 importatur
1136 1801 1266 1839 relatio
1297 1800 1346 1837 ad
1400 1808 1506 1837 turae
1544 1799 1592 1836 ad
1631 1807 1839 1835 creatorem
1879 1810 1967 1835 curn
2000 1799 2165 1847 quadam
2194 1797 2358 1835 novitate
2397 1810 2463 1834 seu

273 1856 504 1908 principium
534 1864 674 1894 motus.

328 1970 353 2004 ὅ)
373 1974 409 1996 et.
426 1985 446 1990 -
465 1971 505 1995 vel
523 1970 675 2001 ABCDEG;
695 1975 720 1994 et
738 1970 772 1994 ita
790 1975 851 1994 ante
864 1970 958 2002 passio
977 1970 1088 1995 codices.

328 2007 350 2039 ε)
365 2006 454 2039 ponit.
466 2020 486 2025 —-
501 2013 552 2031 non
567 2005 649 2038 ponit
666 2005 808 2035 PABCFG,
829 2013 881 2030 non
895 2009 935 2031 est
952 2006 973 2031 E
980 2014 988 2037 3
1007 2014 1055 2039 pro
1069 2006 1223 2034 secundum,
1242 2005 1290 2030 sed
1304 1998 1359 2029 AC'

274 2042 350 2073 DEF,
369 2042 422 2067 nisi
439 2043 469 2067 B.

1400 1853 1655 1901 incoeptione.

1456 1968 1481 2001 ζ)
1501 1968 1558 1993 hoc.
1575 1982 1594 1987 -
1612 1968 1674 1993 Om.
1693 1968 1781 1993 FGab.

1456 2004 1483 2035 η)
1499 2004 1570 2036 quia.
1584 2018 1602 2022 -
1616 2003 1678 2028 Om.
1696 2003 1730 2035 B;
1750 2004 1818 2028 idem
1833 2011 1880 2036 pro
1894 2003 1953 2027 ideo
1968 2002 2056 2031 etiam,
2070 2005 2095 2026 et
2110 2001 2176 2031 ideo,
2190 2001 2232 2026 ubi
2252 2002 2290 2026 ab
2309 2009 2361 2026 om.
2375 2002 2464 2026 etiam.

1457 2037 1481 2071 θ)
1505 2039 1612 2064 Tamen.
1629 2053 1648 2058 -
1668 2039 1703 2063 Ee
1722 2042 1810 2064 tamen
1829 2039 1949 2063 ABCDE.

958 2129 1294 2164 commentam
1317 2128 1569 2162 cardinalis
1591 2127 1792 2160 Caietam·

307 2230 328 2251 N
352 2219 456 2256 titulo,
482 2220 602 2251 creatio
625 2219 762 2250 sumitur
784 2229 843 2260 pro
868 2219 1025 2250 creatione
1048 2218 1183 2260 passiva,
1208 2228 1271 2259 qua
1295 2217 1351 2248 sci-

280 2232 381 2295 llicet
401 2263 522 2305 aliquid
538 2263 732 2304 significatur
752 2263 856 2294 creari.
881 2264 922 2294 Et
945 2263 978 2305 ly
1001 2263 1124 2304 aliquid
1139 2263 1276 2294 sumitur
1292 2273 1351 2303 pro

277 2315 350 2340 ente
372 2308 447 2339 reali
462 2332 469 2345 ,
498 2315 539 2339 ut'
557 2315 644 2349 patet
666 2318 704 2339 ex
727 2308 948 2349 propositione
972 2308 1180 2338 articulorum
1207 2307 1241 2337 in
1265 2307 1351 2348 prin-

278 2353 362 2394 cipio
386 2352 591 2394 quaestionis.

338 2397 376 2428 11.
401 2398 437 2428 In
462 2407 596 2438 corpore
624 2397 719 2427 unica
750 2403 796 2427 est
827 2396 1010 2427 conclusio:
1045 2395 1173 2427 Creatio
1204 2396 1296 2436 ponit
1319 2396 1352 2426 in

279 2448 383 2474 creato
399 2441 587 2473 relationem
603 2447 737 2472 tanturn.
749 2459 770 2464 —
781 2441 822 2471 Et
832 2442 986 2482 probatur
997 2441 1051 2471 sic.
1065 2441 1237 2471 Productio
1254 2440 1352 2471 totius

280 2496 347 2518 esse
371 2496 390 2516 a
413 2496 507 2517 causa
530 2484 716 2521 universali,
747 2495 814 2515 non
839 2492 885 2516 est
908 2495 945 2515 ex
968 2485 1077 2526 aliquo
1106 2484 1351 2525 praeexistente:

281 2540 356 2571 ergo
381 2530 479 2566 Deus,
505 2529 817 2570 creando,·producit
839 2539 887 2559 res
911 2529 977 2559 sine
1001 2535 1094 2559 motu
1111 2535 1141 2560 et
1157 2529 1352 2560 mutatione:

281 2584 356 2615 ergo
381 2574 496 2605 creatio
520 2574 553 2604 in
577 2580 718 2604 creatura
742 2583 808 2604 non
833 2580 880 2604 est
907 2573 967 2604 nisi
990 2573 1100 2604 relatio
1131 2574 1290 2614 quaedam
1313 2573 1354 2604 ad

281 2618 476 2655 Creatorem,
501 2618 694 2659 principium
717 2617 767 2648 sui
791 2628 868 2648 esse.

338 2663 538 2694 Antecedens
561 2663 714 2703 probatur
743 2672 781 2693 ex
809 2661 983 2693 differentia
1014 2662 1096 2693 inter
1125 2662 1353 2703 productiones

279 2707 492 2749 particulares,
510 2713 540 2738 et
555 2706 801 2747 productionem
817 2705 915 2737 totius
930 2717 1006 2743 esse,
1023 2717 1079 2737 seu
1096 2706 1316 2738 universalem.
1332 2724 1354 2729 —

280 2752 387 2784 Prima
409 2762 485 2782 vero
515 2750 743 2792 consequentia
771 2752 942 2791 probatur:
973 2751 1050 2792 quia
1080 2761 1176 2781 omne
1204 2751 1294 2792 quod
1319 2750 1354 2781 fit

281 2806 338 2838 per
360 2795 488 2827 motum
510 2795 561 2826 vel
584 2795 808 2832 mutationem,
832 2795 868 2826 fit
891 2805 928 2825 ex
946 2795 1056 2837 aliquo
1080 2795 1315 2836 praeexistente.
1331 2813 1352 2818 —

281 2841 427 2873 Secunda
450 2846 572 2871 autem:
597 2840 690 2881 quia,
715 2840 876 2871 subtracto
900 2846 992 2870 motu
1016 2839 1055 2870 ab
1079 2840 1203 2870 actione
1228 2847 1258 2871 et
1280 2850 1350 2881 pas-

281 2886 381 2922 sione,
402 2885 480 2916 nihil
499 2891 641 2915 remanet
659 2884 720 2915 nisi
738 2884 860 2915 relatio.
884 2884 925 2915 Et
939 2883 1158 2915 confirmatur:
1176 2884 1251 2925 quia
1271 2884 1352 2915 sicut

280 2930 315 2963 in
342 2929 490 2971 passione
521 2939 603 2970 quae
632 2936 679 2960 est
709 2938 785 2959 cum
812 2935 924 2965 motu,
955 2929 1146 2969 importatur
1176 2928 1286 2959 relatio
1312 2928 1353 2958 ad

281 2974 475 3015 principium
498 2980 617 3010 motus,
641 2973 684 3004 ita
707 2972 740 3003 in
765 2972 923 3004 creatione
946 2973 1069 3014 passiva
1092 2972 1283 3014 importatur
1306 2983 1352 3003 re-

280 3018 357 3049 latio
381 3018 422 3048 ad
445 3017 639 3058 principium
663 3017 795 3047 essendi.

340 3063 392 3093 III.
417 3063 453 3092 In
476 3062 683 3102 responsione
703 3062 743 3092 ad
759 3061 898 3098 tertium,
922 3061 1088 3092 manifeste
1111 3061 1217 3098 habes,
1244 3060 1351 3091 confe-

281 3107 381 3137 rendo
398 3116 470 3137 eam
486 3113 685 3146 argumento,
710 3106 800 3146 quod
822 3105 932 3137 relatio
953 3105 1119 3137 creationis
1136 3112 1183 3136 est
1196 3105 1350 3141 accidens,

282 3157 312 3182 et
335 3161 403 3181 non
426 3157 473 3181 est
494 3150 604 3182 relatio
628 3150 868 3181 transcendens:
898 3151 988 3191 quod
1011 3150 1107 3181 etiam
1130 3149 1295 3180 manifeste
1319 3149 1351 3180 in

282 3195 344 3236 Qq.
361 3195 402 3225 de
416 3195 573 3233 Potentia,
587 3205 641 3236 qu.
653 3205 701 3231 111,
721 3201 778 3225 art.
799 3196 826 3231 3,
839 3195 880 3224 ad
897 3195 924 3231 3,
941 3194 1123 3235 explicatur.
1139 3195 1181 3225 Et
1196 3193 1351 3235 quoniam

282 3249 379 3269 omne
409 3239 553 3280 accidens
584 3239 788 3279 distinguitur
810 3239 933 3270 realiter
961 3249 979 3269 a
1002 3239 1193 3275 substantia,
1226 3244 1353 3278 oportet

282 3289 318 3314 ut
341 3283 457 3314 creatio
482 3283 694 3323 distinguatur
715 3283 838 3314 realiter
853 3293 871 3313 a
885 3283 1060 3314 substantia
1079 3290 1181 3314 creata
1198 3292 1351 3323 quacum-

283 3337 361 3368 que,
386 3327 564 3358 secundum
588 3327 764 3358 doctrinam
788 3338 887 3368 quarn
910 3327 1083 3368 sequimur.

340 3372 392 3402 IV.
418 3371 510 3402 Circa
532 3377 640 3402 tamen
658 3371 734 3408 hoc,
760 3372 896 3402 dubium
919 3379 974 3403 est.
999 3372 1113 3403 Scotus
1130 3371 1224 3407 enim,
1250 3370 1282 3400 in
1299 3370 1352 3401 Se-

282 3415 405 3452 cundo,
431 3415 502 3446 dist.
522 3426 546 3452 1,
572 3426 627 3456 qu.
641 3426 671 3452 v,
695 3422 806 3447 tenens
829 3416 1022 3447 creationem
1045 3415 1166 3456 passive
1190 3422 1352 3455 sumptam

283 3470 349 3491 esse
377 3459 564 3490 relationem
586 3461 860 3492 transcendentem
885 3467 915 3491 et
938 3461 1072 3491 eandem
1095 3460 1217 3490 realiter
1240 3459 1351 3489 funda-

282 3510 406 3540 mento,
430 3503 592 3544 tripliciter
615 3503 725 3535 nititur
747 3504 810 3535 hoc
832 3505 975 3545 probare.
1004 3504 1131 3540 Primo,
1160 3504 1240 3534 illud
1264 3502 1352 3543 quod

282 3548 411 3589 proprie
438 3548 521 3580 inest
548 3547 660 3584 alicui,
693 3555 724 3579 et
754 3548 821 3579 sine
849 3559 915 3590 quo
947 3549 1026 3579 illud
1057 3559 1122 3578 non
1154 3553 1259 3588 potest
1287 3556 1352 3577 esse

282 3594 402 3633 absque
431 3591 696 3628 contradictione,
721 3599 768 3623 est
790 3592 875 3623 idem
904 3593 962 3623 sibi
989 3592 1126 3623 realiter:
1157 3592 1211 3622 sed
1244 3590 1352 3621 relatio

281 3637 395 3678 lapidis
424 3637 465 3667 ad
492 3636 598 3667 Deum
622 3643 668 3667 est
690 3636 892 3667 huiusmodi:
919 3647 1003 3677 ergo.
1029 3655 1049 3659 -
1073 3637 1229 3667 Probatur
1252 3635 1353 3665 maior

1407 2217 1460 2248 sic.
1486 2217 1703 2248 Contradictio
1723 2217 1898 2247 secundum
1923 2226 1989 2246 esse
2013 2223 2043 2246 et
2066 2226 2130 2246 non
2155 2225 2220 2245 esse
2249 2214 2330 2246 dicta
2353 2215 2391 2244 de
2414 2214 2468 2244 ali·

1407 2261 1540 2302 quibus,
1565 2261 1658 2292 infert
1681 2261 1915 2291 distinctionem
1939 2260 2053 2290 realem
2076 2260 2220 2290 illorum:
2253 2269 2326 2299 ergo
2350 2259 2467 2299 impos-

1408 2306 1538 2336 sibilitas
1561 2306 1731 2346 recipiendi
1760 2305 1834 2336 talia
1863 2304 2120 2340 contradictoria,
2151 2303 2244 2334 infert
2274 2303 2469 2334 identitatem

1407 2350 1548 2381 illorum.
1573 2350 1614 2380 Et
1636 2350 1707 2386 hoc,
1733 2350 1836 2390 inquit
1858 2350 1935 2390 ipse,
1961 2349 2015 2379 ubi
2039 2359 2104 2378 non
2128 2355 2174 2378 est
2193 2347 2399 2388 dependentia
2423 2358 2468 2377 es-

1409 2395 1556 2425 sentialis.
1574 2412 1594 2417 —
1611 2395 1651 2424 Et
1674 2394 1857 2430 declaratur,
1882 2393 1942 2424 ait:
1968 2393 2043 2433 quia
2064 2392 2300 2432 impossibilitas
2328 2392 2417 2432 quod
2439 2394 2469 2421 A

1409 2439 1448 2470 sit
1464 2439 1530 2469 sine
1553 2439 1588 2475 B,
1614 2445 1668 2469 aut
1692 2446 1738 2469 est
1754 2445 1882 2479 propter
1897 2437 2092 2468 identitatem
2107 2437 2247 2472 illorum,
2271 2443 2326 2466 aut
2341 2443 2469 2476 propter

1409 2483 1602 2514 simultatem
1617 2482 1650 2512 in
1667 2490 1777 2513 natura
1794 2482 1979 2518 eorundem,
1992 2488 2046 2511 aut
2061 2487 2190 2521 propter
2205 2480 2468 2520 posterioritatem

1408 2528 1508 2568 ipsius
1531 2530 1569 2557 A.
1605 2527 1665 2557 Sed
1690 2526 1766 2557 nihil
1790 2527 1906 2556 horum
1935 2526 2074 2555 duorum
2104 2524 2292 2555 ultimorum
2323 2523 2469 2554 convenit

1407 2572 1506 2612 lapidi
1521 2578 1662 2612 respectu
1682 2571 1765 2601 illius
1781 2570 1940 2600 relationis
1956 2570 1995 2599 ad
2012 2570 2126 2605 Deum,
2144 2576 2180 2599 ut
2195 2575 2294 2608 patet;
2317 2575 2347 2598 et
2362 2575 2467 2598 tamen

1408 2627 1475 2647 non
1498 2622 1604 2656 potest
1626 2625 1692 2646 esse
1717 2615 1783 2645 sine
1805 2615 1868 2645 illa.
1893 2614 1977 2653 Ergo
2002 2620 2048 2644 est
2070 2613 2155 2643 idem
2177 2613 2233 2643 illi.

1465 2661 1637 2696 Praeterea,
1661 2660 1749 2700 quod
1766 2658 1964 2690 uniformiter
1979 2658 2091 2688 dicitur
2110 2658 2148 2687 de
2167 2656 2256 2687 omni
2279 2656 2342 2686 alio
2361 2667 2379 2686 a
2398 2657 2467 2686 Deo

1408 2705 1448 2735 ad
1471 2705 1592 2746 ipsum,
1617 2704 1695 2735 nulli
1719 2703 1845 2734 accidit:
1870 2703 1924 2733 sed
1947 2702 2016 2733 talis
2039 2701 2147 2732 relatio
2171 2700 2370 2731 uniformiter
2392 2710 2466 2730 con-

1408 2749 1493 2780 venit
1516 2748 1605 2779 omni
1628 2755 1785 2779 creaturae
1808 2747 1848 2777 ad
1871 2747 1991 2777 Deum:
2017 2756 2090 2786 ergo
2114 2745 2193 2776 nulli
2218 2744 2343 2775 accidit:
2361 2745 2402 2774 Et
2424 2744 2467 2774 sic

1409 2801 1455 2825 est
1477 2793 1562 2824 idem
1585 2792 1804 2823 fundamento.
1821 2809 1841 2814 —
1856 2791 2011 2821 Probatur
2025 2790 2139 2820 maior:
2160 2789 2234 2830 quia
2250 2799 2306 2829 par
2324 2789 2402 2819 ratio
2423 2795 2468 2818 est

1408 2839 1447 2868 de
1471 2838 1630 2868 omnibus.

1465 2883 1635 2917 Praeterea,
1648 2879 1828 2915 substantia,
1840 2880 1897 2910 VII
1913 2878 2131 2919 Metaphys.*,
2151 2884 2197 2908 est
2212 2877 2298 2917 prior
2309 2877 2466 2907 accidente

1408 2934 1536 2962 natura,
1567 2925 1748 2956 definitione
1773 2931 1803 2954 et
1825 2930 1986 2963 tempore:
2016 2930 2046 2953 et
2067 2922 2099 2963 ly
2123 2928 2263 2961 tempore
2285 2921 2467 2960 intelligitur

1407 2971 1460 3007 sic,
1485 2971 1573 3011 quod
1597 2969 1683 3000 nulla
1707 2976 1752 2999 est
1775 2967 1980 2998 contradictio
2004 2977 2040 2997 ex
2059 2973 2145 3006 parte
2169 2965 2368 3001 substantiae,
2388 2965 2466 3005 quin

1406 3015 1507 3056 possit
1530 3024 1595 3044 esse
1620 3013 1705 3054 prior
1728 3012 1893 3043 duratione
1917 3011 2006 3042 omni
2029 3010 2194 3041 accidente.
2224 3009 2307 3048 Ergo
2331 3019 2397 3039 non
2421 3016 2467 3039 est

1408 3058 1612 3090 contradictio
1637 3057 1726 3097 quod
1748 3056 1828 3096 lapis
1853 3064 1932 3086 esset
1955 3055 2041 3095 prior
2060 3054 2223 3085 duratione
2242 3053 2330 3083 omni
2350 3053 2465 3093 depen-

1407 3103 1511 3133 dentia
1534 3103 1574 3132 ad
1596 3102 1713 3132 Deum.
1737 3101 1778 3131 Et
1801 3100 1844 3130 sic
1869 3106 1948 3130 esset
1971 3099 2088 3139 absque
2108 3108 2145 3128 eo
2165 3097 2253 3138 quod
2277 3097 2466 3137 dependeret

1407 3158 1424 3177 a
1442 3148 1522 3182 Deo,
1548 3146 1573 3176 si
1597 3144 1806 3186 dependentia
1829 3151 1875 3175 est
1897 3143 2049 3174 accidens.
2074 3143 2147 3172 Hoc
2169 3148 2276 3172 autem
2296 3148 2341 3172 est
2359 3141 2466 3171 absur-

1406 3193 1494 3222 dum.
1519 3191 1614 3230 Ergo.

1463 3235 1502 3266 V.
1526 3235 1577 3264 Ad
1600 3233 1790 3264 evidentiam
1813 3232 1908 3262 huius
1932 3230 2129 3266 difficultatis,
2155 3239 2220 3259 non
2240 3235 2286 3259 est
2301 3239 2383 3269 opus
2406 3228 2465 3259 alia

1406 3280 1504 3309 iacere
1534 3278 1754 3309 fundamenta:
1789 3277 1858 3312 sed,
1890 3275 2032 3315 superius
2056 3274 2259 3304 determinata
2288 3273 2463 3313 sequendo,

1407 3323 1577 3354 dicendum
1588 3329 1634 3353 est
1649 3322 1738 3362 quod
1750 3320 1934 3351 huiusmodi
1950 3318 2058 3349 relatio
2074 3317 2299 3358 dependentiae
2310 3317 2349 3347 ad
2359 3317 2465 3347 Deum

1406 3368 1438 3398 in
1458 3366 1597 3408 qualibet
1621 3372 1760 3396 creatura
1783 3371 1830 3395 est
1848 3364 1990 3394 accidens
2014 3362 2196 3393 distinctum
2220 3361 2341 3391 realiter
2357 3371 2375 3390 a
2391 3361 2463 3391 sub-

1407 3411 1532 3446 stantia;
1551 3417 1581 3441 et
1596 3410 1686 3450 quod
1708 3416 1814 3440 tamen
1834 3415 1972 3439 creatura
1990 3417 2056 3437 non
2071 3413 2175 3446 potest
2191 3415 2256 3436 esse
2273 3405 2338 3435 sine
2354 3405 2464 3435 huius-

1406 3455 1495 3486 modi
1514 3453 1731 3494 dependentia,
1756 3453 1836 3483 sicut
1859 3462 1916 3482 nec
1938 3452 2038 3481 homo
2062 3450 2139 3491 quin
2156 3450 2195 3480 sit
2217 3449 2356 3485 risibilis;
2381 3449 2464 3479 utin

1407 3499 1591 3540 quaestione
1614 3498 1827 3538 praecedente,
1843 3503 1898 3526 art.
1921 3506 1945 3531 1,
1970 3495 2010 3525 ad
2038 3505 2063 3530 1,
2087 3496 2208 3524 Auctor
2231 3493 2339 3524 docuit
2362 3503 2398 3523 ea
2420 3503 2463 3522 ra-

1406 3544 1507 3579 tione,
1533 3542 1607 3583 quia
1637 3541 1752 3572 scilicet
1787 3540 1891 3571 omnis
1916 3546 2054 3570 creatura
2077 3544 2123 3568 est
2146 3548 2201 3568 ens
2224 3547 2279 3577 per
2302 3537 2464 3577 participa-

1406 3588 1528 3619 tionem
1547 3586 1615 3622 Dei,
1636 3595 1693 3616 nec
1712 3585 1750 3615 ab
1769 3585 1830 3614 hoc
1850 3590 1953 3624 potest
1978 3582 2139 3613 denudari.

1465 3632 1517 3663 VI.
1543 3631 1593 3661 Ad
1617 3630 1752 3670 primam
1776 3638 1849 3668 ergo
1878 3627 2031 3658 rationem
2056 3626 2141 3657 Scoti
2163 3624 2182 3643 '²‘
2205 3626 2237 3655 in
2261 3625 2461 3666 oppositum,

2480 641 2492 651 *
2503 640 2551 668 Qu.
2562 645 2608 667 xm,
2617 642 2660 661 art.
2670 645 2692 667 7.

2579 743 2594 766 ⁷1

2481 799 2492 810 ⁴
2506 799 2558 820 Art.
2579 797 2695 826 praeced„

2482 825 2510 847 ad
2524 831 2544 846 2.

2483 1221 2495 1232 ⁴
2510 1220 2558 1248 Qu.
2572 1226 2634 1247 xmr,
2654 1224 2694 1242 art.

2485 1253 2500 1274 ι,
2516 1247 2544 1268 ad
2558 1254 2582 1273 4.

2494 2887 2507 2915 ¹·
2523 2885 2556 2907 Ca
2575 2901 2581 2907 .
2595 2891 2609 2906 ι.
2625 2896 2635 2901 -
2650 2885 2703 2906 Did.

2493 2912 2552 2960 1:3³³.
2592 2928 2598 2939 ’
2617 2917 2667 2939 ⁶²¹³·
2682 2918 2704 2938 ¹’

2492 3635 2499 3643 ·
2516 3633 2551 3655 Cf.
2566 3639 2630 3654 num.
2644 3638 2675 3654 ιν.
