2768 4178
43 1869 257 1895 *summ
304 1859 306 1861 ’

51 2771 63 2782 ·
76 2769 144 2793 vm.
157 2774 194 2792 ιο.

55 2912 136 2957 ‘'Cdp.
149 2934 198 2951 xxv.

53 2981 65 2993 ³
79 2981 132 3004 Art.
146 2986 164 3003 r.

938 255 1205 301 QUAESTIO
1234 257 1410 305 XLV111,
1439 259 1734 296 ARTICULUS
1764 260 1813 296 111

283 337 387 368 cunda
409 346 484 367 vero
509 333 735 375 consequentia
758 333 945 374 relinquitur
968 344 1024 373 per
1047 344 1080 364 se
1103 341 1189 365 nota.
1214 335 1255 365 Et
1277 345 1348 365 vere

282 381 326 411 sic
350 386 412 411 est:
437 380 592 421 quonia'm
614 377 812 419 impossibile
836 382 891 413 est,
912 377 1040 408 seclusis
1063 378 1231 415 miraculis,
1249 379 1348 419 possi-

282 424 357 456 bilia
380 423 511 455 deficere
534 432 702 464 nunquam
727 420 868 452 deficere.
885 438 907 444 -
922 421 1029 452 Tertia
1053 428 1160 452 autern
1178 423 1347 462 probatur:

282 468 358 510 quia
373 468 453 499 ratio
469 468 546 498 mali
569 466 711 498 consistit
729 466 762 496 in
778 464 903 495 defectu
918 475 936 495 a
951 465 1054 501 bono;
1080 466 1278 506 subintellige
1297 467 1349 497 de-

282 513 355 544 bito.
370 530 391 535 -
406 513 448 543 Et
471 511 678 543 confirmatur
699 510 754 541 illa
776 507 971 539 modificatio
995 515 1026 540 et
1049 510 1223 549 expressio,
1248 511 1350 541 sicut:

282 557 357 598 quia
381 556 543 597 corruptio
567 556 636 596 ipsa
659 553 824 596 quoddam
846 553 971 583 malum
989 559 1044 589 est,
1061 553 1137 594 quia
1160 560 1206 584 est
1228 555 1350 585 malum

283 601 432 641 corrupti.

342 645 394 676 111.
418 645 460 676 Et
474 645 555 675 bene
571 649 648 674 nota
662 643 695 684 ly
711 643 811 673 sicut:
833 640 989 681 quoniam
1005 640 1099 672 solvit
1115 641 1248 671 dubium
1262 642 1351 672 novi-

282 689 412 726 tiorum,
436 687 657 730 quaerentium
680 685 858 727 quomodo,
884 685 909 715 si
928 685 1050 715 malum
1073 692 1119 715 est
1140 685 1264 725 negatio
1289 686 1351 716 for-

282 733 422 770 maliter,
446 739 477 764 et
498 731 682 772 negationes
709 740 776 760 non
799 729 916 760 habent
939 739 1005 760 esse
1029 729 1087 759 nisi
1111 729 1144 759 in
1167 729 1272 760 anima
1295 728 1352 772 (ut

282 777 379 809 etiam
400 777 435 808 in
449 775 656 817 responsione
681 775 720 806 ad
735 774 913 805 secundum
935 773 1037 804 littera
1052 773 1136 810 dicit,
1161 774 1350 814 applicando

283 822 323 852 ad
342 831 408 852 esse
427 818 540 863 mali);
564 819 743 860 quomodo,
767 818 910 859 inquam,
926 817 1104 849 verificatur
1122 818 1211 858 quod
1230 818 1351 849 malum

283 872 330 896 est
351 864 527 895 formaliter
549 863 582 894 in
601 864 705 895 rebus.

338 909 444 940 Habes
459 908 670 939 solutionem:
688 907 763 949 quia
775 916 842 937 non
856 905 1033 936 verificatur
1049 905 1137 946 quod
1153 912 1198 936 est
1211 906 1244 936 in
1259 906 1351 936 rebus

283 960 320 984 ut
334 962 404 990 ens;
422 953 477 983 sed
493 959 540 983 est
553 952 586 983 in
597 953 690 983 rebus
703 958 739 982 ut
751 950 913 991 corruptio
928 950 961 980 in
976 956 1047 981 actu
1064 950 1208 985 exercito,
1222 950 1302 980 idest
1316 957 1351 980 ut

282 997 326 1028 rei
345 997 482 1028 remotio
505 996 657 1028 formalis.
681 997 752 1037 Ipsa
768 1004 907 1036 namque
923 994 1063 1025 absentia
1079 994 1156 1024 boni
1179 993 1352 1024 formaliter

282 1041 405 1072 malum
429 1048 491 1078 est;
516 1048 556 1078 et,
580 1048 616 1072 ut
638 1040 672 1071 in
694 1039 901 1080 responsione
918 1039 958 1069 ad
973 1044 1124 1080 quartum
1139 1038 1352 1078 praecedentis

283 1086 404 1121 articuli
433 1085 555 1117 dictum
577 1092 639 1122 est,
670 1084 794 1115 malum
819 1083 994 1115 formaliter
1025 1082 1200 1122 corrumpit
1229 1083 1351 1113 bonum

283 1130 481 1172 oppositum,
499 1129 575 1172 quia
590 1135 637 1160 est
651 1129 720 1170 ipsa
735 1128 869 1170 privatio
886 1127 963 1158 boni
979 1127 1012 1158 in
1028 1126 1169 1157 subiecto
1187 1133 1272 1167 apto,
1294 1133 1352 1157 etc.

341 1174 499 1206 Dicuntur
522 1183 597 1214 ergo
621 1173 704 1204 mala
719 1173 752 1204 in
766 1173 860 1204 rebus
879 1182 956 1209 esse,
973 1181 1040 1202 non
1059 1171 1203 1212 positive,
1227 1171 1283 1201 sed
1305 1180 1352 1200 re-

2387 261 2464 308 493

1405 336 1538 373 motive3
1562 337 1658 373 idest,
1687 347 1754 367 non
1786 339 1953 378 ponendo,
1985 338 2039 369 sed
2069 338 2263 369 removendo
2294 338 2467 370 formaliter

1405 380 1523 420 aliquid
1537 391 1555 410 a
1570 381 1672 411 rebus.
1698 382 1738 412 Et
1754 381 1797 412 sic
1814 382 1896 412 mala
1919 382 2091 413 formaliter
2106 382 2310 413 inveniuntur
2324 382 2357 413 in
2373 383 2466 414 rebus

1405 430 1440 454 ut
1459 425 1556 454 mala:
1582 431 1655 455 sunt
1671 425 1756 455 enim
1772 435 1877 456 rerum
1893 426 1984 457 mala.
2006 426 2040 456 In
2057 426 2162 456 anima
2177 433 2292 463 autem,
2307 437 2363 467 per
2379 437 2466 458 com-

1404 468 1598 517 positionem
1614 475 1644 499 et
1661 479 1897 510 quamcumque
1920 470 2014 500 aliam
2036 470 2211 501 intellectus
2237 471 2464 510 operationem,

1405 512 1608 542 inveniuntur
1630 519 1667 543 ut
1689 513 1772 544 entia
1795 520 1826 544 et
1847 515 1942 544 bona.

1465 556 1516 586 IV.
1541 556 1581 586 Et
1603 556 1675 586 ideo
1699 557 1778 588 nihil
1800 558 1912 594 obstat,
1936 557 2002 588 imo
2027 558 2155 598 prodest
2177 558 2353 598 proposito,
2377 559 2467 600 quod

1406 599 1528 629 malum
1558 600 1683 630 nullum
1715 611 1781 631 esse
1808 608 1907 641 ponat
1935 601 1968 631 in
1998 612 2040 632 re.
2066 602 2228 639 Quoniam
2258 602 2297 632 de
2320 603 2406 633 malo
2430 609 2467 633 ut

1405 643 1528 673 malum
1551 644 1644 674 estin
1661 651 1730 675 actu
1748 645 1892 682 exercito,
1915 645 2093 686 loquimur:
2118 646 2206 686 quod
2222 653 2343 677 constat
2365 647 2464 687 quod,

1406 693 1441 717 ut
1458 687 1579 717 malum
1594 687 1626 717 in
1643 695 1713 718 actu
1730 689 1874 725 exercito,
1898 699 1963 719 non
1978 689 2135 720 invenitur
2157 689 2211 719 ubi
2226 690 2317 730 ponit
2335 690 2464 731 aliquid,

1406 731 1461 761 sed
1475 738 1598 762 tantum
1613 732 1666 762 ubi
1681 740 1823 763 removet
1840 733 1962 763 bonurn
1980 733 2133 763 debitum:
2153 733 2203 763 hic
2219 740 2265 764 est
2280 733 2364 764 enim
2378 741 2465 764 actus

1407 775 1474 805 eius
1498 775 1648 812 formalis,
1673 783 1708 807 ut
1730 783 1815 816 patet
1838 786 1875 807 ex
1898 777 1987 807 dictis
2002 776 2029 807 ¹³⁶.
2053 777 2139 807 Nihil
2162 787 2236 816 ergo
2259 778 2341 808 valet
2355 787 2465 808 conse-

1407 819 1551 859 quentia:
1576 820 1696 850 malum
1713 820 1762 851 vel
1779 822 1919 860 privatio
1943 821 2066 851 nullum
2091 830 2158 852 esse
2175 822 2267 860 ponit
2290 823 2321 852 in
2345 831 2392 859 re,
2409 822 2465 852 sed

1408 869 1453 893 est
1476 868 1599 893 tantum
1623 873 1680 894 ens
1703 865 1735 894 in
1759 866 1868 894 anima
1875 872 1887 902 ‚·
1910 874 1988 905 ergo
2013 874 2074 895 non
2099 866 2260 895 invenitur
2274 866 2466 906 formaliter

1407 908 1438 937 in
1464 907 1567 938 rebus.
1593 907 1756 944 Quoniam
1778 914 1838 938 stat
1861 909 1948 948 quod
1972 908 2147 939 inveniatur
2170 908 2350 945 formaliter,
2368 916 2403 940 ut
2417 919 2465 939 re-

1407 951 1508 981 motio
1537 951 1580 981 rei
1602 951 1634 981 in
1666 958 1737 981 actu
1761 952 1904 982 exercito.
1934 953 2002 982 Imo
2027 953 2167 993 sequitur
2189 953 2390 992 oppositum:
2415 963 2465 983 re-

1407 1000 1510 1025 movet
1533 1005 1599 1025 esse
1623 996 1655 1025 in
1678 996 1837 1033 subiecto;
1861 1006 1940 1037 ergo
1963 998 2125 1027 invenitur
2148 998 2180 1028 in
2199 1008 2245 1035 re,
2264 1002 2299 1027 ut
2313 1006 2466 1028 exercens

1408 1040 1599 1079 negationis,
1624 1049 1685 1070 non
1704 1041 1872 1080 positionis
1894 1046 2010 1071 actum.
2039 1040 2088 1071 Sic
2111 1048 2218 1072 autern
2240 1041 2317 1071 haec
2333 1040 2465 1071 inveniri

1406 1083 1438 1113 in
1462 1083 1571 1119 rebus,
1597 1090 1642 1113 est
1665 1083 1845 1123 simpliciter
1867 1084 1935 1124 ipsa
1957 1084 2104 1115 inveniri:
2129 1085 2203 1126 quia
2226 1085 2397 1116 formaliter
2419 1085 2465 1114 in-

1406 1127 1584 1163 veniuntur,
1610 1134 1639 1157 et
1654 1128 1829 1158 secundum
1844 1129 1979 1159 modum
1994 1128 2159 1169 proprium
2175 1129 2224 1160 sui
2239 1129 2369 1170 generis,
2389 1135 2467 1169 puta

1408 1181 1474 1201 non
1497 1171 1576 1201 entis
1599 1171 1649 1201 vel
1672 1171 1864 1211 privationis.

1093 1358 1412 1401 ARTICULUS
1440 1358 1668 1400 TERTIUS

831 1460 988 1492 UTRUM
1011 1460 1170 1491 MALUM
1194 1459 1260 1490 siT
1285 1460 1327 1490 IN
1350 1459 1470 1490 BONO
1495 1458 1622 1490 SlcUT
1647 1460 1689 1489 IN
1713 1459 1924 1490 SUB1ECTO

691 1555 783 1588 Supra,
803 1562 848 1587 qu.
867 1561 927 1583 xvxi,
947 1558 993 1578 art.
1012 1561 1038 1585 4,
1058 1553 1090 1578 ad
1110 1560 1140 1584 25
1160 1553 1180 1577 ll
1200 1553 1283 1582 Sent„
1304 1552 1363 1577 dist.
1381 1559 1463 1581 xxxxv,
1483 1560 1529 1584 qu.
1547 1559 1564 1583 1,
1585 1556 1631 1576 art.
1650 1559 1682 1583 4;
1702 1552 1734 1576 III
1756 1553 1830 1576 Cont.
1853 1553 1938 1580 Gent„
1959 1560 2014 1584 cap.
2026 1559 2065 1582 x1;

963 1598 1004 1622 De
1022 1597 1107 1627 Malo,
1127 1604 1172 1630 qu.
1190 1604 1212 1626 1,
1232 1602 1280 1622 art.
1300 1603 1328 1627 23
1351 1593 1495 1628 Combend.
1519 1595 1616 1625 Theol„
1637 1603 1693 1628 cap.
1712 1603 1797 1620 cxvm.

284 1702 288 1706 '
319 1715 377 1748 »μ
399 1719 471 1762 »A«
496 1710 519 1735 D
537 1709 698 1734 TERTIUM
727 1708 780 1733 sm
809 1707 1049 1732 moeson-ua.
1069 1694 1229 1732 Videtur
1248 1693 1353 1742 quod

312 1736 466 1810 §.2725
497 1752 644 1788 malum
663 1762 743 1787 non
763 1749 807 1786 sit
820 1748 860 1785 in
874 1748 979 1785 bono
996 1748 1092 1785 sicut
1111 1748 1149 1784 in
1168 1747 1352 1784 subiecto.

301 1791 354 1851 “fs
433 1790 461 1849 ἱ,
479 1803 643 1841 Omnia
671 1803 774 1840 enim
794 1802 898 1839 bona
926 1809 1013 1838 sunt
1040 1801 1245 1838 existentia.
1277 1799 1355 1837 Sed

306 1851 314 1858 ’
340 1875 352 1886 -«
375 1850 707 1906 1'52‘KDionysius
736 1855 837 1902 dicit,
859 1867 894 1892 lv
914 1867 995 1904 cap.
1017 1855 1063 1891 de
1085 1854 1172 1891 Diu.
1189 1854 1306 1891 Nom.
1322 1853 1353 1900 ⁹⁸,

286 1910 392 1961 quod
421 1911 567 1947 malum
596 1922 670 1947 non
699 1915 754 1946 est
779 1908 951 1954 existens,
982 1919 1102 1956 neque
1130 1907 1167 1944 in
1197 1907 1353 1943 existen-

285 1965 392 2003 tibus.
433 1964 536 2013 Ergo
574 1963 721 2000 malum
761 1974 840 1999 non
879 1968 934 1998 est
970 1960 1011 1998 in
1047 1961 1152 1997 bono
1190 1959 1286 1997 sicut
1317 1959 1357 1996 in

286 2017 470 2056 subiecto.

342 2082 378 2108 2.
407 2071 652 2117 Pmrumza,
690 2068 837 2106 malum
876 2079 955 2104 non
994 2075 1050 2104 est
1083 2079 1171 2113 ens,
1210 2066 1357 2103 bonum

286 2127 382 2162 vero
412 2131 469 2161 est
497 2135 575 2160 ens.
607 2122 684 2159 Sed
712 2133 791 2159 non
820 2133 887 2158 ens
915 2132 994 2157 non
1023 2120 1179 2169 requirit
1207 2131 1290 2166 ens,
1319 2119 1357 2155 in

288 2189 366 2228 quo
395 2176 441 2214 sit
469 2176 565 2213 sicut
592 2175 631 2213 in
659 2175 843 2212 subiecto.
882 2174 985 2221 Ergo
1020 2186 1091 2210 nec
1127 2173 1272 2210 malurn
1302 2184 1358 2208 re-

289 2229 400 2280 quirit
418 2230 580 2277 bonum,
600 2228 639 2266 in
659 2241 735 2278 quo
756 2227 802 2264 sit
821 2227 916 2264 sicut
934 2226 973 2263 in
993 2226 1177 2263 subiecto.

344 2284 379 2321 3.
422 2284 666 2329 ΡκΑΕτΕκΕΑ,
704 2293 828 2318 unum
867 2279 1144 2316 contrariorum
1188 2291 1266 2316 non
1305 2285 1359 2314 est

289 2335 505 2373 subiectum
538 2334 701 2372 alterius.
742 2334 819 2371 Sed
852 2333 1000 2370 bonum
1030 2340 1066 2369 et
1098 2333 1244 2369 malurn
1273 2339 1360 2368 sunt

290 2388 489 2426 contraria.
519 2389 622 2436 Ergo
651 2388 798 2425 malum
826 2399 906 2423 non
935 2393 990 2422 est
1008 2385 1046 2422 in
1066 2386 1171 2423 bono
1201 2385 1295 2422 sicut
1320 2385 1359 2422 in

290 2442 472 2480 subiecto.
570 2485 576 2490 Ι

343 2507 380 2543 4
410 2495 652 2541 ΡΚΑΕτΕκΕΑ,
687 2493 727 2530 id
754 2492 794 2530 in
822 2505 900 2542 quo
938 2499 993 2528 est
1021 2492 1159 2529 albedo
1198 2491 1292 2528 sicut
1319 2491 1358 2527 in

291 2547 476 2595 subiecto,
498 2546 632 2584 dicitur
660 2558 742 2583 esse
757 2552 775 2568 ⁶*
795 2547 938 2582 album.
969 2545 1071 2594 Ergo
1102 2553 1138 2582 et
1166 2545 1203 2581 id
1223 2545 1261 2581 in
1281 2557 1358 2593 quo

293 2608 348 2638 est
366 2601 512 2639 malum
541 2599 638 2636 sicut
656 2599 695 2636 in
714 2599 896 2646 subiecto,
927 2605 983 2635 est
1011 2599 1168 2635 malurn.
1200 2598 1240 2635 Si
1269 2610 1358 2646 ergo

292 2655 439 2692 malum
468 2653 513 2690 sit
550 2653 588 2690 in
615 2653 720 2689 bono
750 2652 846 2689 sicut
882 2652 920 2689 in
955 2651 1152 2699 subiecto,
1191 2651 1360 2699 sequitur

292 2707 398 2756 quod
426 2707 574 2744 bonum
602 2706 648 2743 sit
676 2706 842 2743 malurn:
874 2713 1005 2743 eontra
1033 2704 1072 2742 id
1093 2704 1199 2753 quod
1227 2704 1361 2742 dicitur

293 2761 377 2798 lsai.
398 2759 476 2798 v*:
513 2761 607 2806 Vae,
637 2759 704 2808 qui
729 2759 846 2796 dicitis
874 2759 1018 2796 malum
1047 2759 1207 2806 bonum,
1236 2764 1273 2794 et
1298 2758 1360 2794 ho-

293 2826 384 2851 num
412 2813 568 2850 malum.
905 2832 906 2836 =

347 2867 422 2904 SED
451 2877 598 2904 CONTRA
625 2877 692 2902 EST
720 2864 824 2914 quod
844 2864 1075 2913 Augustinus
1100 2864 1199 2911 dicit,
1221 2863 1259 2900 in
1283 2864 1360 2900 En-

293 2920 425 2958 chirid.
445 2919 476 2968 *‚
507 2919 611 2968 quod
639 2919 785 2955 malum
814 2930 894 2954 non
922 2925 977 2955 est
1005 2916 1076 2954 nisi
1105 2917 1143 2953 in
1172 2917 1288 2953 bono.

348 2974 575 3010 RESPONDEO
603 2983 789 3009 DICENDUM
817 2971 936 3019 quod,
966 2971 1060 3008 sicut
1084 2970 1227 3007 dictum
1256 2977 1310 3006 est
1328 2968 1361 3016 ³⁶,

295 3026 441 3063 malum
469 3025 650 3074 importat
677 3022 932 3062 remotionem
966 3022 1068 3061 boni.
1108 3024 1199 3060 Non
1234 3029 1361 3059 autem

296 3079 487 3128 quaelibet
501 3079 662 3116 remotio
678 3077 771 3115 boni
786 3078 932 3114 malum
948 3077 1094 3115 dicitur.
1115 3077 1245 3113 Potest
1261 3075 1362 3112 enim

297 3131 417 3181 accipi
435 3132 598 3169 remotio
619 3131 712 3168 boni
733 3139 768 3168 et
786 3130 985 3180 privative,
1017 3139 1053 3168 et
1072 3129 1258 3177 negative.
1289 3129 1362 3165 Re-

250 3200 255 3205 ·
295 3185 416 3222 motio
436 3184 546 3233 igitur
563 3185 656 3222 boni
675 3184 850 3233 negative
870 3191 1037 3233 accepta,
1059 3183 1148 3220 mali
1178 3182 1363 3219 rationem

297 3250 376 3275 non
412 3238 548 3275 habet:
587 3237 755 3287 alioquin
788 3244 1010 3286 sequeretur
1044 3236 1149 3286 quod
1184 3248 1228 3271 ea
1265 3247 1363 3283 quae

298 3291 401 3327 nullo
430 3291 550 3328 modo
579 3298 684 3339 sunt,
714 3291 815 3328 mala
853 3297 999 3337 essent;
1030 3297 1066 3327 et
1093 3289 1230 3325 iterum
1259 3287 1363 3336 quod

299 3342 491 3392 quaelibet
519 3356 579 3381 res
607 3351 707 3381 esset
734 3344 846 3391 mala,
868 3355 912 3380 ex
932 3344 1007 3389 hoc
1027 3342 1133 3392 quod
1152 3354 1230 3378 non
1251 3341 1365 3377 habet

298 3397 446 3433 bonum
476 3397 628 3434 alterius
656 3397 720 3445 rei,
742 3404 875 3446 utpote
896 3397 1000 3446 quod
1028 3397 1146 3432 homo
1167 3402 1266 3431 esset
1285 3406 1364 3430 ma-

1410 1694 1488 1740 lus,
1519 1693 1608 1742 quia
1636 1705 1714 1729 non
1742 1693 1856 1729 habet
1882 1693 2121 1730 velocitatem
2157 1706 2313 1742 capreae
2341 1693 2377 1741 β,
2405 1696 2467 1732 vel

1410 1746 1669 1783 fortitudinem
1702 1746 1833 1783 leonis.
1865 1747 1941 1783 Sed
1970 1746 2128 1783 remotio
2166 1747 2256 1783 boni
2283 1747 2466 1796 privative

1411 1807 1578 1848 accepta,
1609 1799 1752 1836 malum
1783 1799 1934 1836 dicitur:
1965 1799 2059 1836 sicut
2083 1799 2242 1848 privatio
2261 1800 2364 1837 visus
2385 1813 2467 1837 cae-

1413 1852 1503 1889 citas
1524 1852 1670 1890 dicitur.
1698 1852 1916 1889 Subiectum
1946 1859 2071 1889 autem
2092 1853 2312 1901 privationis
2341 1860 2377 1890 et
2394 1854 2467 1890 for-

1413 1918 1500 1942 mae
1530 1913 1585 1942 est
1611 1917 1733 1942 unum
1757 1913 1793 1942 et
1812 1905 1913 1942 idem
1926 1904 1957 1952 ²³⁶,
1979 1905 2116 1942 scilicet
2137 1918 2202 1942 ens
2222 1905 2259 1942 in
2277 1906 2464 1954 potentia:

1413 1959 1494 1995 sive
1523 1959 1570 1996 sit
1598 1971 1664 1995 ens
1692 1958 1730 1995 in
1757 1958 1924 2007 potentia
1951 1958 2178 2007 simpliciter,
2200 1958 2294 1995 sicut
2311 1959 2468 1996 materia

1412 2011 1556 2060 prima,
1587 2024 1685 2061 quae
1715 2019 1770 2048 est
1797 2011 2007 2048 subiectum
2041 2012 2186 2048 formae
2220 2012 2468 2049 substantialis

1414 2072 1450 2101 et
1467 2065 1690 2114 privationis
1719 2064 1931 2114 oppositae3
1962 2064 2041 2101 sive
2070 2064 2115 2101 sit
2143 2077 2209 2101 ens
2237 2064 2275 2100 in
2301 2065 2470 2113 potentia

1414 2118 1625 2155 secundum
1654 2118 1745 2167 quid
1774 2125 1810 2154 et
1837 2118 1875 2154 in
1904 2125 1988 2154 actu
2018 2117 2243 2166 simpliciter,
2273 2125 2313 2154 ut
2332 2130 2470 2167 corpus

1414 2171 1670 2220 diaphanum,
1700 2171 1806 2220 quod
1835 2178 1889 2207 est
1916 2170 2128 2207 subiectum
2161 2170 2402 2207 tenebrarum
2436 2178 2472 2207 et

1414 2225 1519 2261 lucis.
1563 2224 1809 2261 Manifestum
1847 2231 1902 2260 est
1938 2231 2065 2260 autem
2103 2223 2207 2272 quod
2243 2223 2367 2260 forma
2404 2236 2472 2272 per

1415 2290 1532 2326 quam
1561 2277 1703 2326 aliquid
1733 2285 1787 2314 est
1806 2284 1902 2324 actu,
1923 2276 2103 2326 perfectio
2123 2275 2312 2325 quaedam
2342 2283 2408 2324 est,
2439 2284 2474 2313 et

1415 2331 1561 2367 bO'num
1591 2330 1809 2378 quoddam:
1840 2338 1876 2366 et
1904 2330 1955 2366 sic
1985 2342 2099 2366 omne
2129 2341 2195 2366 ens
2223 2329 2262 2365 in
2287 2337 2383 2376 actu,
2405 2330 2473 2366 bO-

1415 2396 1508 2420 num
1546 2383 1742 2432 quoddam
1777 2390 1842 2420 est.
1882 2384 1930 2419 Et
1958 2382 2124 2418 similiter
2160 2394 2274 2418 omne
2304 2394 2370 2418 ens
2393 2387 2407 2409 ⁷
2434 2382 2473 2419 in

1414 2436 1593 2485 potentia,
1615 2436 1839 2484 inquantum
1859 2435 2088 2481 huiusmodi,
2111 2435 2256 2470 bonurn
2276 2435 2470 2483 quoddam

1416 2497 1481 2537 est,
1507 2489 1719 2526 secundum
1749 2489 1853 2536 quod
1881 2488 1996 2524 habet
2023 2487 2196 2524 ordinem
2225 2487 2274 2523 ad
2303 2488 2470 2526 bonum:

1415 2543 1509 2579 sicut
1538 2542 1639 2578 enirn
1675 2549 1730 2578 est
1758 2554 1824 2578 ens
1851 2540 1890 2577 in
1917 2541 2096 2589 potentia,
2125 2540 2174 2576 ita
2204 2546 2240 2576 et
2267 2540 2411 2577 bonum
2434 2541 2472 2578 in

1414 2596 1593 2644 potentia.
1629 2594 1864 2643 Relinquitur
1892 2605 1980 2641 ergo
2009 2594 2114 2641 quod
2143 2593 2354 2629 subiectum
2382 2594 2471 2630 mali

1416 2649 1461 2686 sit
1489 2649 1635 2685 bonum
1655 2647 1685 2684 ²³².

1469 2704 1526 2738 An
1555 2713 1691 2738 PRIMUM
1720 2711 1816 2736 ERGO
1845 2711 2027 2736 DICENDUM
2057 2698 2160 2747 quod
2192 2697 2396 2746 Dionysius
2417 2699 2471 2736 in-

1415 2755 1541 2802 telligit
1560 2754 1706 2791 malum
1735 2765 1812 2789 non
1833 2764 1914 2788 esse
1942 2751 1978 2787 in
2008 2751 2247 2788 existentibus
2276 2751 2370 2787 sicut
2386 2764 2471 2800 par-

1416 2816 1514 2854 tem,
1554 2815 1618 2844 aut
1646 2806 1740 2842 sicut
1765 2804 2035 2855 proprietatem
2070 2804 2278 2841 naturalem
2316 2804 2471 2841 alicuius

1418 2860 1615 2898 existentis.

1469 2916 1528 2951 AD
1548 2924 1736 2950 SECUNDUM
1763 2922 1946 2948 DICENDUM
1975 2910 2079 2958 quod
2108 2922 2186 2946 non
2215 2922 2280 2946 ens
2299 2909 2471 2957 negative

1417 2974 1614 3015 acceptum
1629 2977 1707 3002 non
1727 2963 1879 3012 requirit
1897 2963 2120 3000 subiectum.
2143 2963 2218 2999 Sed
2238 2961 2397 3010 pr1vatio
2418 2970 2472 2999 est

1418 3020 1566 3068 negatio
1587 3019 1625 3055 in
1645 3017 1813 3054 subiecto
1829 3013 1853 3063 δ,
1875 3023 1916 3052 ut
1935 3016 2066 3052 dicitur
2083 3015 2121 3052 in
2141 3016 2192 3052 IV
2209 3014 2469 3063 Metaphys.*:

1418 3081 1454 3110 et
1481 3074 1553 3109 tale
1582 3083 1659 3108 non
1689 3082 1754 3106 ens
1784 3077 1838 3106 est
1866 3070 2022 3105 malum.

1470 3128 1529 3162 AD
1566 3135 1724 3161 TERTIUM
1762 3133 1944 3159 mCENDUM
1982 3121 2086 3169 quod
2123 3121 2267 3157 malum
2303 3132 2381 3156 non
2418 3127 2472 3157 est

1419 3180 1512 3216 sicut
1530 3177 1568 3214 in
1590 3176 1759 3213 subiecto
1787 3175 1824 3211 in
1854 3175 1956 3211 bono
1986 3173 2090 3222 quod
2115 3173 2147 3209 ei
2169 3173 2384 3222 opponitur,
2405 3173 2472 3210 sed

1418 3233 1456 3269 in
1476 3231 1644 3280 quodam
1674 3229 1746 3265 alio
1775 3228 1900 3264 bono:
1930 3227 2141 3263 subiectum
2166 3226 2266 3262 enim
2287 3225 2472 3262 caecitatis

1419 3297 1496 3322 non
1526 3291 1580 3320 est
1607 3282 1730 3328 visus,
1760 3281 1827 3317 sed
1856 3280 2005 3317 animal.
2026 3300 2050 3306 -
2070 3279 2228 3315 Videtur
2255 3286 2403 3326 tamen,
2433 3286 2473 3315 ut

1419 3336 1650 3385 Augustinus
1679 3334 1764 3371 dicit
1782 3333 1817 3380 ²¹²,
1847 3333 1907 3369 hic
1944 3333 2069 3368 fallere
2099 3331 2380 3368 dialecticorum
2415 3344 2473 3368 re-

1418 3392 1523 3439 gula,
1553 3400 1651 3438 quae
1680 3387 1767 3424 dicit
1794 3386 1984 3423 contraria
2011 3385 2122 3422 simul
2149 3397 2225 3421 esse
2253 3390 2326 3421 non
2349 3396 2471 3432 posse.

351 3537 380 3569 a)
399 3543 463 3562 esse.
480 3550 500 3556 —
517 3537 579 3563 Om.
598 3537 708 3563 codices.

352 3570 378 3605 β)
397 3579 517 3605 capreae.
536 3587 554 3591 -
572 3580 670 3605 caprae
688 3573 799 3598 codices.

1471 3532 1497 3564 γ)
1519 3531 1553 3555 Et
1566 3529 1687 3554 similiter
1701 3535 1776 3552 omne
1789 3534 1842 3551 ens.
1860 3540 1879 3545 -
1898 3526 2027 3550 Similiter
2038 3525 2117 3550 etiam
2131 3531 2177 3549 ens
2191 3524 2289 3552 But-'as
2309 3524 2345 3548 Et
2391 3524 2475 3557 quod-

1419 3568 1481 3592 dam
1500 3570 1539 3591 est
1557 3573 1610 3589 om.
1629 3564 1704 3588 CEG.

1472 3601 1497 3633 ὃ)
1516 3601 1639 3626 subiecto.
1657 3612 1675 3618 -
1692 3597 1840 3623 substantia
1859 3596 2003 3622 ACDEFG.

2493 780 2503 789 ·
2516 779 2586 802 Num.
2596 780 2705 808 praeced.

2495 1917 2504 1926 ·
2519 1916 2548 1937 D.
2563 1915 2623 1943 1058.

2500 2654 2508 2662 ·
2523 2652 2551 2673 D.
2566 2656 2610 2677 ²91-

2596 3014 2610 3023 κ

2596 3022 2610 3039 ο

2498 3049 2510 3060 “
2524 3049 2548 3070 S.
2559 3048 2707 3070 Th.1ect.1u.

2499 3087 2509 3091 -
2524 3075 2576 3096 Did.
2598 3074 2637 3096 lib.
2659 3074 2708 3097 111.

2499 3108 2550 3129 cap.
2565 3107 2591 3128 ιι,
2606 3107 2629 3122 n.
2644 3101 2666 3122 8.

2501 3346 2509 3355 ·
2519 3344 2583 3366 Loco
2591 3349 2661 3371 supra
2671 3342 2710 3364 cit.
