2768 4178
70 1138 78 1146 ¹
102 1136 112 1157 1
134 1136 264 1158 Periherm.
271 1153 280 1163 ‚

67 1169 93 1184 ca
113 1178 118 1184 .
132 1169 148 1190 1,
163 1169 227 1185 num.
238 1169 258 1185 2.
270 1175 280 1180 -

66 1169 145 1212 seth.
160 1190 212 1213 lect.
223 1196 248 1212 ιι.

163 1302 180 1318 α

91 1403 149 1431 Cap.
160 1410 176 1425 1.
185 1415 195 1420 -
207 1403 279 1426 S.Th.

67 1431 120 1452 lect.
135 1436 166 1452 ιιι.

66 1835 77 1846 “
99 1835 135 1856 De
158 1835 261 1862 Mystica

67 1861 158 1889 Theoi„
173 1867 224 1890 cap.
235 1868 252 1883 1.

66 2157 75 2167 ⁸
90 2156 159 2178 Vei-s.
174 2163 206 2183 14,
222 2162 250 2184 15.

67 2748 75 2756 '
86 2745 222 2768 S.Th.lect.
230 2752 279 2768 xvi.

66 2784 77 2789 -
96 2773 149 2794 Did.
171 2772 212 2795 lib.
234 2773 277 2800 111,

66 2805 117 2827 cap.
130 2805 178 2836 vn:s
186 2805 210 2822 n.
220 2806 243 2827 9.

64 2862 76 2873 ⁸
90 2862 119 2884 D.
134 2836 179 2884 ιιοῗ

164 2899 174 2915 Ε

314 267 385 303 150

308 347 411 378 rando
437 346 560 377 diversa
583 346 761 386 praedicata
784 346 865 377 inter
888 357 930 383 se,
948 347 1122 387 analogum
1141 346 1312 386 praecedit:
1337 355 1382 376 re-

309 391 465 422 solvendo
490 398 598 421 autern
620 390 707 421 idem
730 391 948 431 praedicatum
971 391 1005 422 in
1029 401 1071 428 se,
1092 391 1269 422 univocum
1291 400 1381 431 prae-

309 435 400 472 cedit,
417 442 453 466 ut
476 445 579 466 unum
602 435 713 466 multa.

1000 267 1269 314 QUAEsTio
1299 267 1407 315 xm,

1437 267 1737 326 ARTICULUS
1765 268 1817 304 VI

1490 346 1626 388 Reliqua
1658 356 1740 387 quae
1764 347 1798 377 in
1821 346 1880 378 hac
1913 346 2124 387 responsione
2148 347 2187 377 de
2210 346 2374 386 agentium
2402 347 2512 378 ordine

1437 390 1595 427 dicuntur,
1613 390 1695 421 infra
1712 391 1739 427 *‚
1762 402 1836 423 cum
1860 392 1899 422 de
1925 391 2050 422 actione
2073 390 2133 422 Dei
2157 390 2197 421 ad
2221 398 2305 422 extra
2320 391 2511 428 tractabitur,

1437 436 1601 475 patebunt.

1129 580 1450 624 ARTICULUS
1481 581 1691 623 SEXTUS

623 669 780 700 UTRUM
808 669 981 700 NOMINA
1011 669 1093 700 PER
1116 670 1239 701 Palus
1263 670 1491 702 DICANTUR
1518 671 1576 701 DE
1600 670 1847 702 CREATums
1875 671 2003 708 QUAM
2025 671 2083 701 DE
2107 670 2197 702 DEo

686 744 778 778 Supra,
799 749 846 770 art.
861 744 889 776 33
909 744 919 769 1
934 744 1018 773 Sent„
1038 744 1097 769 dist.
1112 751 1171 774 xxn,
1191 749 1238 769 art.
1255 751 1283 774 23
1302 745 1312 769 1
1329 745 1406 770 Cont.
1421 746 1509 775 Gent„
1530 753 1585 777 cap.
1599 752 1686 776 xxx1v;
1704 745 1849 777 Compend-
1866 744 1963 775 17teol„
1983 753 2039 778 cap.
2053 753 2135 777 xxvnj.

1225 780 1331 812 Ephes„
1350 787 1406 812 cap.
1420 788 1462 812 111,
1483 781 1542 806 lect.
1556 788 1591 805 iv.

311 861 315 870 '
340 875 403 919 isis<
428 882 491 912 ..Ji
523 872 545 897 D
575 872 717 898 SEXTUM
746 873 799 898 su:
823 872 1064 898 PROCEDITUR.
1090 859 1250 898 Videtur
1275 860 1381 909 quod

333 893 498 973 {7¹53
523 914 682 951 nomina
701 926 770 963 per
789 914 892 963 prius
922 914 1096 951 dicantur
1124 913 1170 951 de
1201 913 1382 951 creaturis

326 969 329 975 '
356 965 440 1002 'sn
494 964 510 1001 ,“
549 980 641 1004 uam
670 968 717 1004 de
746 969 843 1005 Deo.
876 967 1099 1004 Secundum
1136 967 1239 1004 enim
1302 967 1382 1004 uod

326 970 425 1047 ²5ss
477 1011 510 1056 N
524 980 793 1068 iiognoscimus
822 1021 976 1070 aliquid,
1006 1021 1221 1058 secundum
1246 979 1322 1057 hgc
1341 1020 1383 1057 il-

308 1073 374 1110 lud
403 1074 671 1120 nominamus;
703 1086 791 1111 curn
821 1074 990 1122 nomina,
1021 1074 1236 1112 secundum
1256 1074 1383 1112 Philo-

309 1127 477 1176 sophum
491 1127 522 1175 *,
552 1127 625 1164 sint
653 1127 760 1175 signa
786 1127 1060 1165 intellectuum.
1092 1128 1171 1165 Sed
1190 1140 1259 1177 p,er
1277 1128 1382 1178 prius

309 1180 578 1228 cognoscimus
613 1189 825 1218 creaturam
860 1194 979 1231 quam
1008 1183 1149 1220 Deum.
1180 1182 1283 1231 Ergo
1313 1194 1381 1219 no-

309 1233 413 1271 mina
433 1246 455 1271 a
474 1234 587 1271 nobis
607 1234 797 1284 imposita,
814 1247 884 1284 per
897 1235 1003 1284 prius
1024 1235 1259 1273 conveniunt
1279 1249 1382 1273 crea-

308 1287 400 1324 turis
429 1300 547 1337 quam
576 1289 662 1325 Deo
683 1294 711 1325 ².

363 1353 398 1378 2.
428 1342 668 1390 PRAETEREA,
698 1342 913 1379 secundum
942 1342 1187 1391 Dionysium,
1217 1342 1255 1380 in
1283 1343 1381 1380 libro

307 1395 353 1432 de
380 1395 468 1432 Div.
489 1395 650 1444 Nom.*‚
680 1396 808 1432 Deum
839 1408 884 1433 ex
913 1396 1092 1434 creaturis
1121 1396 1380 1434 nominamus.

309 1448 386 1486 Sed
414 1449 573 1486 nomina
601 1462 624 1486 a
653 1449 833 1486 creaturis
861 1450 1041 1487 translata
1069 1450 1108 1488 in
1136 1452 1283 1498 Deum,
1314 1463 1383 1500 per

307 1502 412 1551 prius
441 1502 618 1540 dicuntur
647 1502 694 1540 de
725 1503 902 1540 creaturis
931 1515 1050 1551 quam
1079 1505 1128 1542 de
1151 1505 1256 1550 Deo;
1286 1504 1382 1541 sicut

308 1555 376 1602 leo,
398 1556 503 1604 Iapis,
521 1563 558 1593 et
575 1556 807 1594 huiusmodi.
830 1557 932 1605 Ergo
953 1557 1085 1594 omnia
1104 1557 1263 1595 nomina
1283 1571 1381 1607 quae

308 1609 355 1646 de
384 1610 469 1646 Deo
500 1617 535 1646 et
565 1611 612 1648 de
642 1610 822 1647 creaturis
852 1610 1027 1648 dicuntur
1045 1610 1074 1659 β,
1102 1623 1173 1660 per
1199 1611 1305 1661 prius
1334 1611 1381 1649 de

308 1662 487 1704 creaturis
515 1675 634 1712 quam
663 1664 710 1701 de
739 1665 825 1701 Deo
856 1663 1044 1702 dicuntur.

364 1717 397 1754 3.
415 1717 650 1763 PRAETEREA,
674 1717 806 1755 omnia
827 1717 984 1755 nomina
1004 1730 1104 1767 quae
1124 1718 1383 1756 communiter

309 1770 356 1807 de
390 1771 475 1807 Deo
510 1778 546 1807 et
575 1770 756 1808 creaturis
790 1771 978 1819 dicuntur,
1009 1772 1186 1810 dicuntur
1218 1773 1266 1810 de
1294 1773 1380 1809 Deo

308 1823 403 1861 sicut
432 1824 479 1861 de
507 1836 621 1861 causa
641 1824 828 1872 omnium,
849 1832 891 1862 ut
911 1825 1000 1862 dicit
1020 1825 1230 1874 Dionysius
1248 1825 1280 1863 *.
1303 1826 1381 1865 Sed

308 1878 413 1926 quod
443 1877 577 1915 dicitur
602 1878 650 1915 de
677 1877 804 1927 aliquo
824 1891 895 1928 per
914 1891 1082 1925 causam,
1102 1891 1172 1928 per
1190 1879 1380 1928 posterius

308 1931 355 1968 de
384 1931 445 1968 illo
476 1931 628 1968 dicitur:
657 1944 726 1981 per
752 1931 858 1981 prius
879 1932 983 1970 enim
1009 1932 1142 1970 dicitur
1161 1932 1303 1970 animal
1323 1945 1381 1970 sa-

307 1997 400 2022 num
431 1997 548 2033 quam
586 1985 797 2032 medicina,
836 1998 937 2034 quae
966 1994 1023 2023 est
1051 1998 1166 2023 causa
1200 1986 1378 2024 sanitatis.

307 2039 410 2087 Ergo
438 2038 660 2076 huiusmodi
698 2039 858 2076 nomina
894 2052 963 2090 per
991 2039 1097 2089 prius
1126 2039 1303 2078 dicuntur
1332 2040 1380 2078 de

308 2091 487 2129 creaturis
517 2104 634 2141 quam
663 2092 710 2129 de
740 2094 838 2131 Deo.

362 2145 436 2182 SED
458 2157 604 2182 CONTRA
624 2158 690 2183 EST
709 2146 814 2196 quod
836 2146 972 2184 dicitur
986 2148 1123 2196 Ephes.
1140 2159 1175 2185 111
1190 2146 1226 2184 *z
1251 2147 1379 2184 Hecto

305 2211 434 2249 genua
454 2211 539 2236 mea
558 2199 611 2236 ad
626 2200 779 2237 Patrem
799 2201 959 2238 Domini
975 2201 1094 2238 nostri
1111 2203 1211 2247 Iesu,
1236 2213 1286 2237 ex
1305 2212 1378 2249 quo

307 2252 429 2289 omnis
452 2253 662 2301 paternitas
690 2253 726 2290 in
757 2253 861 2290 caelo
891 2260 927 2291 et
953 2254 990 2290 in
1020 2259 1122 2291 terra
1148 2254 1377 2292 nominatur.

307 2306 357 2342 Et
376 2305 513 2343 eadem
534 2306 627 2343 ratio
646 2306 799 2343 videtur
822 2307 870 2344 de
898 2307 1120 2345 nominibus
1139 2312 1154 2334 ⁷
1174 2307 1254 2344 aliis
1278 2320 1379 2357 quae

308 2359 356 2397 de
376 2360 461 2396 Deo
483 2367 519 2396 et
539 2359 719 2396 creaturis
739 2360 926 2398 dicuntur.
948 2362 1050 2409 Ergo
1070 2360 1292 2398 huiusmodi
1312 2374 1380 2398 no-

307 2413 412 2450 mina
426 2425 495 2462 per
507 2412 612 2463 prius
628 2413 675 2451 de
691 2414 776 2450 Deo
794 2426 912 2463 quam
929 2414 976 2451 de
993 2414 1172 2452 creaturis
1189 2414 1377 2453 dicuntur.

361 2468 588 2503 RESPONDEO
608 2479 792 2504 DICENDUM
817 2467 923 2516 quod
955 2467 994 2505 in
1015 2468 1195 2506 omnibus
1215 2468 1379 2506 nomini-

307 2520 378 2557 bus
408 2532 506 2569 quae
527 2519 575 2557 de
594 2520 767 2569 pluribus
787 2520 984 2569 analogice
1013 2522 1201 2569 dicuntur,
1222 2535 1379 2560 necesse

308 2580 363 2610 est
383 2573 487 2622 quod
503 2573 635 2610 omnia
651 2573 824 2612 dicantur
843 2587 912 2623 per
931 2583 1148 2624 respectum
1170 2575 1219 2612 ad
1237 2588 1377 2614 unum:

307 2634 343 2664 et
364 2626 451 2664 ideo
472 2627 564 2664 illud
588 2640 710 2664 unum
731 2636 882 2677 oportet
902 2629 1007 2677 quod
1026 2631 1193 2678 ponatur
1218 2629 1256 2666 in
1286 2629 1380 2667 defi-

307 2680 451 2717 nitione
487 2681 675 2718 omnium.
711 2682 759 2718 Et
793 2682 882 2730 quia
916 2682 1010 2719 ratio
1044 2695 1161 2732 quam
1195 2682 1380 2731 significat

307 2746 465 2781 nomen,
493 2742 549 2772 est
569 2734 754 2782 definitio,
774 2743 816 2772 ut
836 2735 970 2773 dicitur
989 2736 1028 2773 in
1048 2737 1100 2774 lV
1118 2736 1377 2786 Metaphys.*,

308 2800 465 2825 necesse
496 2795 551 2825 est
579 2788 686 2836 quod
706 2788 798 2826 illud
819 2802 964 2826 nomen
983 2802 1053 2839 per
1071 2790 1176 2839 prius
1196 2787 1210 2812 δ
1234 2790 1380 2828 dicatur

309 2842 357 2879 de
382 2853 428 2877 eo
453 2841 560 2890 quod
588 2841 744 2890 ponitur
768 2842 804 2879 in
826 2843 1049 2881 definitione
1078 2843 1241 2881 aliorum
1256 2843 1312 2891 *‘,
1344 2851 1380 2882 et

306 2907 377 2944 per
395 2895 584 2944 posterius
605 2895 653 2932 de
673 2895 766 2943 aliis,
788 2897 1002 2934 secundum
1024 2897 1199 2935 ordinem
1215 2909 1292 2947 quo
1313 2910 1378 2947 ap-

307 2948 569 2998 propinquant
584 2948 632 2986 ad
652 2948 745 2986 illud
757 2949 925 2998 primum
942 2951 1003 2987 vel
1020 2951 1141 3000 magis
1155 2951 1218 2988 vel
1234 2950 1377 2988 minus:

308 3002 405 3039 sicut
422 3015 558 3040 sanum
580 3002 686 3052 quod
707 3002 842 3040 dicitur
863 3004 909 3040 de
926 3004 1092 3051 animali,
1110 3004 1208 3042 cadit
1224 3005 1261 3042 in
1283 3004 1378 3042 defi-

308 3055 448 3093 nitione
468 3056 555 3093 sani
568 3056 672 3106 quod
688 3056 825 3094 dicitur
840 3057 887 3094 de
908 3057 1112 3105 medicina,
1129 3071 1228 3107 quae
1244 3058 1379 3096 dicitur

307 3122 400 3146 sana
415 3109 644 3158 inquantum
666 3118 797 3147 causat
816 3111 1016 3148 sanitatem
1032 3111 1070 3148 in
1090 3111 1263 3158 animali;
1285 3120 1321 3149 et
1339 3111 1378 3149 in

308 3162 530 3200 definitione
549 3164 634 3200 sani
649 3164 754 3213 quod
770 3164 904 3201 dicitur
925 3164 971 3201 de
987 3164 1106 3212 urina,
1123 3177 1223 3214 quae
1244 3165 1379 3203 dicitur

308 3229 400 3254 sana
420 3216 648 3265 inquantum
670 3225 725 3254 est
745 3217 895 3266 signum
916 3218 1082 3255 sanitatis
1103 3218 1276 3256 animalis
1297 3218 1322 3256 ζ.

361 3333 387 3364 α)
406 3339 486 3363 quam
506 3332 572 3356 Deo.
591 3346 609 3350 -
629 3331 690 3357 Om.
710 3332 812 3357 codices
832 3337 857 3357 et
876 3333 917 3357 ed.
931 3340 956 3357 a.

361 3366 386 3398 β)
406 3374 518 3399 quae...
538 3367 674 3392 dicuntur.
692 3381 711 3386 —
729 3368 791 3393 Om.
812 3368 914 3393 codices
934 3374 959 3393 et
978 3369 1018 3394 ed.
1031 3377 1057 3394 a.

360 3403 386 3435 γ)
407 3403 563 3427 nominibus.
578 3417 596 3421 -
615 3403 677 3428 Om.
692 3403 721 3434 F,
741 3404 862 3429 omnibus
881 3405 958 3429 ceteri
978 3409 1003 3429 et
1021 3405 1069 3430 ab.
1087 3419 1105 3424 -
1124 3405 1151 3430 ln
1170 3404 1222 3430 fine
1235 3412 1283 3438 pro
1296 3411 1375 3437 quam

307 3437 339 3462 de
358 3438 497 3466 creaturis,
517 3446 595 3470 quam
615 3439 748 3464 creaturis
769 3439 845 3469 Pet-n
867 3440 976 3472 Ergo...
992 3440 1119 3466 dicuntur
1137 3449 1191 3466 om.
1205 3441 1235 3466 Β.

359 3472 384 3503 δ)
399 3480 451 3505 per
465 3474 552 3505 prius.
571 3487 590 3492 -
605 3474 695 3506 primo
715 3475 871 3500 ACDEFab.

360 3509 383 3540 ε)
402 3509 527 3534 aliorum.
540 3521 559 3529 ο·
572 3510 731 3542 aliquorum,
750 3511 850 3536 scilicet
865 3511 897 3536 de
916 3511 961 3536 illo
976 3519 1028 3537 uno
1041 3513 1077 3537 ad
1096 3512 1167 3544 quod
1183 3512 1252 3538 sicut
1265 3511 1303 3537 ad
1316 3511 1376 3537 sub-

306 3544 436 3568 stantiam
456 3545 546 3569 omnia
565 3545 727 3579 reseruntur.
752 3547 914 3579 Exemplum
935 3547 1087 3581 (corrigitur
1107 3549 1130 3572 in
1150 3548 1234 3580 si'cut)
1254 3547 1287 3572 de
1300 3554 1375 3577 sano,

306 3579 378 3612 quod
402 3580 501 3605 dicitur
527 3580 559 3605 de
582 3581 713 3606 medicina
738 3585 764 3607 et
790 3582 870 3607 urina
893 3583 1033 3615 analogice
1054 3590 1104 3615 per
1129 3586 1275 3616 respectum
1299 3589 1375 3615 quem

307 3615 385 3639 habet
403 3615 440 3639 ad
459 3623 552 3645 unum,
572 3617 671 3642 scilicet
688 3617 725 3641 ad
743 3625 838 3643 sanum
859 3618 884 3643 in
905 3618 1018 3643 animali
1037 3619 1069 3648 Β,
1095 3619 1140 3644 sed
1161 3617 1297 3652 sequentia
1316 3622 1376 3651 post

306 3651 462 3684 reseruntur
481 3651 606 3676 tolluntur
625 3660 671 3684 per
690 3656 776 3678 vacat.

1492 859 1555 897 Sic
1583 872 1674 908 ergo
1705 860 1836 898 omnia
1864 861 2023 899 nomina
2052 874 2151 911 quae
2176 862 2438 912 metaphorice
2463 863 2510 901 de

1437 914 1523 950 Deo
1559 913 1751 961 dicuntur,
1786 926 1856 963 per
1888 914 1994 964 prius
2030 914 2077 952 de
2117 915 2297 953 creaturis
2335 915 2513 954 dicuntur

1437 979 1556 1015 quam
1590 967 1638 1004 de
1672 968 1776 1004 Deo:
1812 967 1904 1016 quia
1937 967 2035 1005 dicta
2068 968 2116 1005 de
2144 970 2248 1016 Deo,
2282 969 2375 1006 nihil
2407 970 2512 1007 aliud

1438 1020 1651 1068 significant
1685 1032 1804 1069 quam
1833 1020 2097 1062 similitudines
2122 1027 2137 1045 ‘¹
2165 1021 2215 1059 ad
2242 1023 2337 1059 tales
2367 1031 2512 1060 creatu-

1438 1086 1510 1111 ras.
1533 1073 1637 1111 Sicut
1657 1073 1759 1111 enirn
1778 1074 1913 1122 ridere,
1930 1074 2073 1111 dictum
2095 1075 2142 1112 de
2157 1082 2278 1124 prato,
2300 1075 2391 1113 nihil
2410 1076 2512 1114 aliud

1437 1127 1624 1176 significat
1657 1139 1776 1176 quam
1805 1127 1911 1177 quod
1944 1135 2098 1177 pratum
2131 1128 2301 1166 similiter
2328 1141 2368 1166 se
2393 1129 2513 1168 habet

1437 1181 1477 1218 in
1501 1181 1642 1219 decore
1671 1194 1761 1219 cum
1789 1181 1914 1229 floret,
1945 1181 2041 1219 sicut
2054 1182 2176 1219 homo
2198 1195 2287 1220 cum
2315 1182 2424 1231 ridet,
2454 1196 2512 1221 se-

1438 1235 1609 1272 cundum
1645 1234 1933 1273 similitudinem
1965 1235 2245 1285 proportionis3
2279 1236 2334 1273 sic
2366 1249 2512 1275 nomen

2539 394 2549 406 ⁸
2561 394 2658 423 Quam,
2667 398 2754 423 arnna.

1437 1288 1566 1335 leonis,
1594 1288 1737 1326 dictum
1758 1290 1806 1327 de
1826 1289 1924 1336 Deo,
1946 1289 2036 1326 nihil
2056 1289 2156 1327 aliud
2180 1289 2367 1338 significat
2394 1302 2535 1340 quam·

1438 1341 1544 1391 quod
1572 1343 1679 1379 Deus
1708 1341 1880 1380 similiter
1908 1355 1949 1379 se
1968 1343 2084 1380 habet
2102 1350 2144 1380 ut
2163 1343 2307 1381 sortiter
2331 1351 2511 1394 operetur

1437 1395 1476 1433 in
1504 1395 1581 1433 suis
1610 1396 1813 1445 operibus,
1843 1396 1939 1434 sicut
1966 1396 2027 1434 leo
2057 1396 2095 1434 in
2124 1396 2213 1435 suis.
2250 1397 2300 1434 Et
2328 1397 2382 1435 sic
2407 1405 2513 1447 patet

1438 1449 1556 1498 quod,
1587 1449 1802 1487 secundum
1830 1450 1937 1499 quod
1967 1449 2144 1488 dicuntur
2171 1451 2219 1488 de
2239 1452 2343 1499 Deo,
2374 1463 2511 1490 eorum

1438 1503 1663 1552 significatio
1685 1503 1836 1540 definiri
1856 1516 1936 1541 non
1955 1511 2092 1553 potest,
2114 1503 2186 1541 nisi
2205 1517 2275 1554 per
2294 1505 2386 1542 illud
2405 1505 2511 1554 quod

1439 1557 1486 1594 de
1517 1556 1698 1594 creaturis
1727 1557 1862 1594 dicitur
1880 1555 1905 1594 ⁰.

1491 1611 1552 1647 De
1571 1610 1651 1648 aliis
1671 1618 1802 1648 autem
1823 1609 2059 1659 nominibus,
2090 1623 2190 1659 quae
2210 1623 2289 1649 non
2308 1613 2510 1662 metapho-

1437 1663 1513 1701 rice
1533 1663 1711 1702 dicuntur
1730 1665 1778 1703 de
1798 1665 1896 1711 Deo,
1923 1671 2022 1701 esset
2041 1663 2154 1701 etiam
2169 1671 2177 1685 ⁸
2197 1665 2334 1702 eadem
2355 1665 2463 1715 ratio,
2479 1666 2511 1704 si

1437 1717 1653 1755 dicerentur
1682 1717 1730 1755 de
1758 1719 1844 1755 Deo
1875 1717 2072 1755 causaliter
2100 1725 2261 1766 tantum,
2290 1726 2332 1755 ut
2351 1719 2510 1768 quidam

1436 1779 1659 1820 posuerunt.
1691 1771 1754 1809 Sic
1774 1771 1889 1819 enim,
1911 1783 2001 1808 cum
2021 1770 2156 1808 dicitur
2181 1773 2286 1808 Deus
2305 1778 2360 1809 est
2376 1774 2508 1820 bonus,

1436 1824 1527 1861 nihil
1555 1825 1658 1862 aliud
1687 1832 1788 1862 esset
1814 1836 1934 1873 quarn
1970 1825 2076 1861 Deus
2104 1830 2159 1861 est
2183 1836 2300 1862 causa
2335 1826 2510 1864 bonitatis

1435 1883 1635 1915 creaturae
1660 1884 1690 1915 *z
1722 1885 1758 1915 et
1786 1877 1839 1915 sic
1857 1878 1934 1915 hoc
1957 1889 2102 1915 nomen
2121 1878 2275 1926 bonum,
2297 1878 2441 1918 dictum
2461 1879 2510 1918 de

1435 1932 1533 1979 Deo,
1565 1931 1760 1969 clauderet
1787 1931 1826 1969 in
1854 1944 1926 1968 suo
1955 1930 2147 1968 intellectu
2171 1931 2387 1971 bonitatem
2407 1945 2511 1972 crea-

1435 1993 1555 2023 turae.
1585 1985 1698 2023 Unde
1718 1986 1859 2023 honum
1879 1997 1949 2034 per
1975 1984 2082 2034 prius
2111 1984 2300 2024 diceretur
2328 1987 2376 2025 de
2406 1999 2509 2025 crea-

1435 2046 1518 2076 tura
1533 2051 1652 2088 quam
1669 2039 1716 2077 de
1732 2040 1831 2076 Deo.
1854 2038 1932 2076 Sed
1947 2051 2063 2088 supra
2077 2038 2098 2060 ³⁸
2112 2046 2311 2077 ostensum
2327 2048 2385 2078 est
2403 2041 2509 2090 quod
2535 2052 2546 2061 ·

1434 2092 1658 2130 huiusmodi
1687 2092 1846 2130 nomina
1874 2104 1954 2129 non
1983 2093 2110 2129 solum
2138 2092 2317 2131 dicuntur
2345 2094 2394 2132 de
2422 2095 2508 2132 Deo

1435 2146 1646 2192 causaliter,
1668 2146 1737 2183 sed
1757 2145 1871 2183 etiam
1893 2145 2151 2184 essentialiter.
2173 2147 2275 2184 Cum
2295 2147 2400 2186 enim
2420 2147 2509 2186 dici-

1434 2207 1494 2236 tur
1512 2200 1617 2236 Deus
1631 2198 1644 2220 λ
1662 2205 1716 2236 est
1734 2199 1865 2245 honus,
1885 2200 1948 2250 vel
1971 2199 2132 2248 sapiens,
2152 2212 2232 2238 non
2252 2201 2378 2239 solum
2397 2201 2509 2251 signi-

1433 2252 1569 2290 ficatur
1594 2253 1701 2300 quod
1729 2251 1811 2301 ipse
1831 2252 1878 2289 sit
1907 2265 2023 2290 causa
2051 2252 2258 2302 sapientiae
2278 2255 2340 2292 vel
2360 2255 2507 2294 bonita-

1433 2306 1491 2353 tis,
1507 2305 1576 2343 sed
1591 2305 1697 2355 quod
1716 2306 1812 2342 haec
1831 2305 1870 2342 in
1891 2317 1937 2342 eo
1954 2306 2184 2343 eminentius
2203 2308 2462 2356 praeexistunt
2474 2315 2506 2347 μ.

1434 2359 1557 2407 Unde,
1580 2358 1793 2396 secundum
1814 2359 1900 2407 hoc,
1927 2358 2135 2397 dicendum
2163 2367 2219 2397 est
2247 2362 2365 2410 quod,
2386 2374 2507 2411 quan-

1433 2420 1515 2450 tum
1545 2412 1593 2450 ad
1622 2425 1704 2450 rern
1733 2412 1985 2461 significatam
2013 2425 2083 2462 per
2111 2425 2275 2462 nomen,
2303 2427 2374 2464 per
2400 2415 2506 2465 prius

1434 2466 1611 2504 dicuntur
1631 2466 1678 2504 de
1698 2467 1783 2503 Deo
1805 2478 1922 2515 quarn
1951 2465 1998 2504 de
2024 2466 2221 2505 creaturis:
2251 2468 2341 2517 quia
2369 2481 2391 2506 a
2419 2469 2506 2520 Deo

1433 2519 1656 2558 huiusmodi
1684 2519 1936 2569 perfectiones
1956 2519 1994 2557 in
2015 2528 2206 2558 creaturas
2226 2530 2396 2560 manant.
2426 2522 2506 2560 Sed

1433 2581 1619 2623 quantum
1648 2573 1698 2610 ad
1726 2573 2013 2622 impositionem
2042 2574 2221 2622 nominis,
2251 2587 2321 2624 per
2347 2576 2455 2625 prius
2484 2588 2507 2614 a

1433 2627 1545 2664 nobis
1573 2626 1825 2676 imponuntur
1845 2627 2038 2674 creaturis,
2069 2639 2164 2677 quas
2183 2628 2290 2677 prius
2310 2630 2508 2678 cognosci-

1434 2693 1520 2718 mus
1539 2680 1571 2718 *.
1601 2680 1714 2718 Unde
1743 2688 1780 2717 et
1808 2681 1971 2718 modum
2004 2680 2242 2730 significandi
2269 2682 2414 2721 habent
2441 2683 2507 2733 qui

1434 2734 1616 2784 competit
1646 2734 1837 2782 creaturis,
1867 2741 1909 2772 ut
1936 2747 2051 2784 supra
2070 2734 2090 2757 ’¹‘
2119 2734 2264 2773 dictum
2293 2743 2361 2774 est.

1485 2790 1545 2825 Αι)
1580 2800 1718 2825 ramum
1752 2799 1850 2825 ERGO
1884 2800 2070 2826 DICENDUM
2105 2789 2212 2837 quod
2245 2789 2411 2828 obiectio
2444 2790 2507 2829 illa

1430 2841 1605 2891 procedit
1633 2849 1820 2891 quantum
1849 2842 1898 2879 ad
1927 2841 2214 2892 impositionem
2243 2843 2421 2881 nominis.

1485 2897 1544 2932 AD
1573 2907 1763 2933 SECUNDUM
1798 2907 1982 2932 DICENDUM
2020 2896 2127 2945 quod
2155 2908 2235 2934 non
2273 2903 2330 2933 est
2366 2897 2504 2935 eadem

1432 2949 1526 2987 ratio
1563 2949 1609 2986 de
1648 2948 1868 2986 nominibus
1903 2961 2002 2998 quae
2038 2948 2299 2999 metaphorice
2336 2949 2383 2988 de
2418 2951 2504 2988 Deo

1432 3002 1620 3050 dicuntur,
1653 3010 1689 3040 et
1717 3001 1765 3040 de
1794 3002 1888 3049 aliis,
1918 3010 1959 3040 ut
1989 3002 2133 3041 dictum
2163 3010 2220 3040 est
2237 3002 2269 3040 *.

1485 3058 1544 3093 AD
1572 3068 1733 3094 TER-rium
1763 3068 1947 3094 DiCENDUM
1977 3057 2083 3106 quod
2102 3055 2267 3094 obiectio
2288 3056 2350 3094 illa
2368 3070 2505 3107 proce-

1433 3110 1549 3157 deret,
1579 3109 1610 3147 si
1638 3109 1859 3147 huiusmodi
1889 3110 2048 3147 nomina
2076 3110 2203 3147 solum
2233 3110 2280 3148 de
2310 3111 2395 3148 Deo
2417 3123 2505 3149 cau-

1432 3163 1557 3201 saliter
1587 3163 1801 3200 dicerentur
1820 3169 1831 3183 ¹·
1861 3171 1896 3200 et
1924 3176 2004 3201 non
2033 3162 2291 3212 essentialiter,
2322 3164 2418 3202 sicut
2444 3177 2504 3203 sa-

1432 3229 1522 3254 num
1554 3217 1601 3254 de
1631 3216 1833 3255 medicina.

1484 3332 1510 3374 ζ)
1529 3333 1664 3358 animalis.
1684 3346 1702 3352 -
1721 3333 1792 3358 unde
1809 3340 1904 3358 sanum
1925 3331 2024 3357 dicitur
2042 3338 2095 3363 per
2114 3332 2193 3364 prius
2213 3332 2246 3357 de
2264 3338 2330 3357 sano
2346 3332 2372 3358 in
2391 3332 2505 3358 animali

1432 3369 1727 3436 ⁸dd¹⁷i>¹iimt1ftudfnem
1746 3419 1764 3423 -
1782 3403 1983 3429 simnitudtnem
2003 3402 2103 3428 ACDE.

1485 3438 1509 3472 0)
1529 3440 1638 3465 dicitur.
1656 3453 1675 3459 -
1694 3440 1821 3465 dicuntur
1840 3439 1910 3464 FGa.

1485 3476 1502 3507 ι)
1522 3475 1613 3501 etiam.
1631 3488 1649 3495 ·-
1668 3476 1730 3500 Om.
1750 3475 1852 3500 codices
1871 3480 1896 3499 et
1916 3475 1956 3499 ed.
1971 3482 1996 3499 a.

1485 3511 1510 3543 κ)
1529 3514 1680 3536 creaturae.
1697 3525 1716 3530 -
1734 3514 1842 3536 creatae
1861 3510 1983 3536 ACDEF.
2002 3525 2019 3529 —
2038 3510 2134 3536 bonum
2159 3515 2220 3543 post
2247 3516 2341 3536 nomen
2361 3516 2416 3535 om.
2435 3509 2502 3534 ΑΒΕ

1431 3546 1615 3614 οεξῗ.ὒσιιε.
1633 3595 1652 3600 -
1670 3581 1742 3613 quod
1762 3581 1835 3606 Deus
1854 3581 1967 3607 codices.

1485 3617 1513 3651 μ)
1529 3617 1729 3649 praeexistunt.
1747 3630 1766 3637 —
1780 3617 1972 3649 praeexistant
1991 3617 2112 3643 ABCDE.

1484 3654 1507 3686 ν)
1528 3653 1688 3678 dicerentur.
1706 3666 1725 3672 ·-
1739 3653 1966 3685 praedicarentur
1985 3653 2096 3685 codices,
2115 3653 2243 3678 dicantur
2261 3652 2300 3677 ed.
2320 3659 2346 3678 a.

2533 2697 2542 2707 ·
2558 2695 2590 2719 D.
2604 2702 2655 2725 ¹⁰7·

2533 3012 2541 3022 ·
2557 3011 2583 3034 ιιι
2598 3016 2711 3040 corpore.
