2768 4178
81 359 92 369 ⁸
105 358 129 380 S.
141 357 186 379 Th.
197 358 249 379 lect.
265 363 295 378 ιν.

83 396 94 401 -
109 384 162 406 Did.
178 383 218 406 lib.
233 383 295 410 Vlll,

82 417 134 439 cap.
150 418 171 437 v,
188 417 210 432 n.
225 417 245 438 3.

184 785 200 810 Υ

85 891 94 899 ·
110 889 135 911 In
152 895 261 917 corpore.

182 991 196 1016 δ

81 1823 92 1832 “
109 1822 156 1849 Qu.
167 1827 228 1843 κων.

81 2228 91 2236 ·
107 2226 142 2248 Cf.
159 2232 224 2249 num.
238 2232 269 2247 ιν.

83 2274 92 2282 ·
107 2270 143 2292 Cf.
160 2276 225 2292 num.
238 2276 260 2291 v.

81 2450 91 2459 ⁶
108 2448 143 2470 Cf.
159 2454 223 2470 num.
234 2455 257 2472 v.

82 2668 90 2676 ·
107 2666 143 2688 Εἰ.
159 2673 222 2689 num.
239 2673 263 2689 n.

330 270 401 306 180

323 362 444 386 unum
468 362 538 398 per
557 348 778 398 appetitum,
803 356 846 385 ut
869 348 1004 386 dicitur
1024 348 1062 386 in
1079 350 1131 386 IX
1152 349 1398 398 Metaplzys.*

325 403 573 440 Manifestum
599 410 655 439 est
674 409 803 439 autem
824 402 930 451 quod
950 403 1057 439 Deus
1076 415 1146 451 per
1165 402 1397 440 intellectum

324 469 438 493 suum
460 463 589 493 causat
608 468 681 503 res,
703 468 792 492 cum
813 468 927 493 suum
949 468 1032 493 esse
1057 456 1102 492 sit
1126 468 1240 493 suum
1264 456 1412 493 intelli--

324 522 424 558 gere.
453 509 564 547 Unde
585 522 743 546 necesse
764 517 820 546 est
838 509 944 559 quod
964 522 1033 546 sua
1052 509 1208 546 scientia
1221 509 1268 546 sit
1283 522 1398 547 causa

325 575 464 610 rerum,
486 563 700 600 secundum
721 563 826 612 quod
845 563 962 600 habet
979 564 1220 600 voluntatem
1241 563 1397 600 coniun-

325 624 437 653 ctam.
458 617 570 654 Unde
586 616 744 654 scientia
758 616 843 663 Dei,
860 616 1074 654 secundum
1092 616 1196 665 quod
1213 624 1269 654 est
1284 629 1398 654 causa

324 682 465 717 rerum,
492 670 693 707 consuevit
720 670 911 707 nominari
928 670 1083 707 scientia
1102 671 1396 718 approbationis,

378 725 436 760 AD
466 736 604 761 PRIMUM
624 736 723 761 ERGO
752 735 938 765 meramnum
959 723 1064 773 quod
1086 723 1273 770 Origenes
1292 724 1396 761 locu-

324 784 384 814 tus
413 784 471 814 est
498 777 698 815 attendens
727 777 916 814 rationem
954 776 1133 814 scientiae
1163 782 1198 822 ⁷,
1230 777 1291 814 cui
1319 789 1398 814 non

326 830 508 879 competit
527 831 622 868 ratio
644 831 882 877 causalitatis,
899 830 970 868 nisi
989 830 1168 868 adiuncta
1186 831 1396 878 voluntate,

324 891 366 921 ut
390 884 539 921 'dictum
569 892 624 921 est
642 884 674 922 ³⁸.
696 906 720 913 -
742 885 820 922 Sed
840 884 946 933 quod
975 884 1065 921 dicit
1092 883 1180 921 ideo
1208 883 1398 933 praescire

325 939 454 975 Deum
474 938 611 987 aliqua,
633 939 722 987 quia
741 946 827 975 sunt
854 938 997 975 futura:
1027 937 1314 986 intelligendum
1345 945 1400 975 est

325 991 539 1029 secundum
579 1004 734 1029 causam
774 991 1092 1041 consequentiae,
1123 1003 1203 1028 non
1223 989 1236 1012 ὅ
1265 1003 1400 1028 secun-

326 1044 420 1082 dum
450 1057 605 1082 causam
645 1045 807 1082 essendi.
849 1045 1029 1094 Sequitur
1058 1044 1180 1092 enim,
1210 1044 1240 1081 si
1274 1044 1400 1094 aliqua

325 1107 412 1136 sunt
432 1099 568 1146 futura,
589 1099 695 1147 quod
710 1100 817 1136 Deus
837 1110 883 1135 ea
901 1098 1140 1147 praescierit:
1171 1110 1250 1135 non
1269 1105 1400 1136 tamen

325 1164 385 1188 res
414 1152 561 1189 futurae
590 1160 676 1189 sunt
701 1164 816 1189 causa
849 1152 955 1200 quod
984 1153 1091 1189 Deus
1120 1151 1224 1189 sciat.

377 1285 403 1328 ἵ)
423 1285 558 1310 scientiae.
579 1298 593 1303 -
615 1287 719 1309 tantum
740 1283 809 1308 addit
827 1284 859 1308 D.
873 1298 892 1303 -
911 1284 962 1308 Pro
981 1284 1159 1314 causaturum,
1179 1284 1326 1310 causaliter
1344 1284 1400 1309 FG.

376 1321 402 1353 ο)
422 1327 485 1345 non.
502 1333 522 1340 ·—
539 1323 566 1345 et
585 1327 638 1345 non
657 1320 759 1345 codices
779 1325 805 1344 et
822 1320 871 1345 ab.
889 1333 909 1338 -
927 1319 979 1344 Pro
993 1320 1163 1352 praescierit,
1179 1320 1319 1353 praesciat
1337 1321 1366 1345 B.
1381 1334 1400 1339 —

323 1356 374 1395 Pro
392 1360 455 1382 sunt
473 1363 563 1386 causa,
583 1359 647 1381 sunt
665 1362 762 1381 causae
780 1355 833 1380 ΒΕ.

997 268 1267 315 QUAESTIO
1297 270 1398 317 XIV,
1429 270 1727 307 ARTICULUS
1757 271 1843 307 VIII

1507 351 1566 386 An
1596 361 1787 387 SECUNDUM
1816 362 2001 388 mcaNDUM
2031 350 2136 399 quod
2165 350 2321 388 scientia
2349 350 2421 388 Dei
2439 355 2451 371 ⁸
2471 357 2527 387 est

1454 415 1568 440 causa
1588 415 1728 451 rerum,
1746 404 1960 441 secundum
1983 404 2089 452 quod
2110 416 2170 441 res
2190 411 2279 441 sunt
2297 404 2336 442 in
2355 404 2524 442 scientia.

1453 457 1545 493 Non
1574 456 1643 493 fuit
1669 465 1799 494 autem
1827 457 1866 494 in
1895 457 2050 494 scientia
2071 457 2156 504 Dei,
2178 458 2283 506 quod
2312 469 2372 495 res
2401 465 2526 495 essent

1453 510 1501 547 ab
1531 517 1699 548 aeterno.
1730 511 1860 559 Unde,
1891 511 2069 560 quamvis
2103 511 2257 548 scientia
2285 510 2358 548 Dei
2391 510 2438 548 sit
2464 523 2526 548 ae-

1452 571 1571 611 terna,
1601 576 1682 601 non
1709 564 1880 612 sequitur
1907 573 2037 602 tamen
2057 565 2071 591 t
2091 564 2196 613 quod
2231 572 2426 602 creaturae
2453 564 2528 601 sint

1453 618 1501 655 ab
1531 625 1699 655 aeterno.

1506 672 1566 708 An
1594 683 1755 709 τεκτῐυΜ
1783 683 1968 709 D1CEND1JM
1997 673 2104 721 quod
2132 684 2192 709 res
2221 671 2412 709 naturales
2440 677 2528 708 sunt

1453 724 1605 761 mediae
1633 724 1731 762 inter
1750 724 1949 763 scientiam
1969 725 2041 763 Dei
2062 733 2098 762 et
2117 725 2314 763 scientiam
2334 732 2525 762 nostram:

1454 790 1526 815 nos
1556 777 1658 815 enim
1685 777 1884 816 scientiam
1917 779 2127 828 accipimus
2156 791 2178 816 a
2207 780 2321 816 rebus
2350 776 2527 816 naturali-

1454 831 1538 878 bus,
1558 843 1724 880 quarum
1744 832 1851 869 Deus
1869 845 1940 881 per
1968 845 2078 870 suam
2099 833 2295 870 scientiam
2323 844 2439 869 causa
2458 838 2525 868 est.

1454 883 1588 930 Unde,
1628 884 1725 922 sicut
1752 885 1894 922 scibilia
1922 886 2107 923 naturalia
2136 895 2224 924 sunt
2252 886 2380 935 priora
2408 897 2525 935 quam

1455 937 1611 974 scientia
1639 945 1781 985 nostra,
1803 946 1840 975 et
1858 951 2039 977 mensura
2069 940 2161 988 eius,
2187 940 2238 978 ita
2266 939 2424 977 scientia
2450 938 2525 976 Dei

1455 998 1511 1028 est
1529 990 1635 1040 prior
1649 1003 1767 1039 quam
1787 1003 1847 1028 res
1867 993 2070 1041 naturales,
2087 1001 2124 1031 et
2142 1005 2324 1031 mensura
2341 993 2525 1042 ipsarum.

1456 1044 1562 1082 Sicut
1590 1049 1607 1069 η
1636 1044 1762 1094 aliqua
1792 1044 1933 1083 domus
1962 1054 2018 1083 est
2044 1046 2174 1084 media
2205 1047 2303 1084 inter
2329 1046 2527 1084 scientiam

1455 1098 1608 1135 artificis
1629 1098 1694 1147 qui
1715 1110 1801 1135 eam
1821 1098 1919 1146 fecit,
1941 1107 1978 1136 et
1997 1099 2195 1137 scientiam
2227 1100 2326 1137 illius
2358 1099 2423 1150 qui
2447 1099 2528 1136 eius

1457 1151 1715 1201 cognitionem
1750 1164 1795 1189 ex
1824 1152 1907 1201 ipsa
1935 1153 2012 1190 iam
2042 1153 2139 1190 facta
2168 1153 2279 1203 capit.

1508 1285 1530 1318 ε)
1552 1285 1612 1310 Dei.
1630 1298 1650 1303 -
1668 1285 1731 1310 Om.
1751 1285 1853 1310 codices
1873 1290 1899 1310 et
1918 1286 1960 1311 ed.
1974 1293 2000 1310 a.

1506 1319 1533 1352 ζ)
1553 1323 1652 1346 tamen.
1669 1334 1689 1339 -
1707 1320 1770 1346 Om.
1788 1321 1955 1346 ABCDEGa.

1507 1355 1535 1388 η)
1556 1356 1641 1382 Sicut.
1658 1370 1678 1375 -
1695 1357 1777 1382 etiam
1796 1356 1895 1382 addunt
1913 1356 2010 1382 DFGa.
2028 1371 2047 1376 -
2066 1356 2116 1382 Pro
2129 1357 2206 1392 fecit,
2219 1356 2293 1391 facit
2310 1356 2400 1382 FGab.

1011 1452 1344 1486 Commentaria
1368 1452 1620 1486 Car-dinalis
1643 1453 1845 1487 Caietani

386 1563 503 1583 nutus.
523 1570 543 1574 -
569 1552 707 1583 Adverte
735 1552 825 1592 quod
855 1551 906 1582 hic
935 1551 1085 1583 articulus
1117 1558 1163 1583 est
1193 1551 1301 1592 magni
1330 1561 1400 1582 mo—

327 1566 501 1628 Tmenti:
527 1596 682 1638 quoniam
705 1595 835 1627 inchoat
858 1596 1003 1638 quaestio
1028 1597 1066 1627 de
1096 1597 1196 1627 modo
1221 1606 1288 1637 quo
1312 1597 1400 1627 Deus

323 1642 474 1684 producit
497 1651 544 1672 res
574 1647 658 1672 extra
682 1651 724 1671 se.
759 1641 919 1678 Quaerere
947 1641 1034 1671 enim
1058 1650 1102 1671 arr
1122 1641 1250 1672 scientia
1278 1641 1339 1672 Dei
1362 1641 1401 1672 sit

324 1697 418 1718 causa
441 1696 561 1722 rerum,
587 1685 665 1716 nihil
689 1685 776 1716 aliud
804 1692 850 1716 est
873 1696 972 1727 quam
995 1695 1155 1727 quaerere,
1180 1693 1289 1717 utrum
1312 1686 1400 1716 Deus

324 1738 431 1763 causet
454 1741 510 1772 per
528 1730 733 1761 intellectum.
752 1724 883 1767 Verum,
901 1730 977 1771 quia
993 1730 1158 1762 causalitas
1174 1740 1281 1761 rerum
1295 1737 1401 1770 potest

324 1776 491 1817 dupliciter
514 1774 718 1806 considerari:
748 1774 869 1815 primo,
902 1775 1082 1806 secundum
1104 1783 1154 1806 se:
1179 1782 1210 1806 et
1233 1774 1277 1806 sic
1300 1775 1340 1805 de
1363 1784 1399 1805 ea

323 1820 454 1852 inferius
472 1819 490 1838 ⁴*
514 1820 572 1851 erit
595 1819 739 1860 specialis
763 1826 929 1855 tractatus,
955 1820 1010 1850 ubi
1034 1819 1144 1850 omnia
1166 1820 1261 1861 plene
1284 1819 1399 1850 exami-

324 1866 495 1896 nabuntur.
519 1864 594 1895 Alio
618 1864 728 1900 modo,
754 1870 790 1895 ut
811 1871 858 1895 est
876 1864 1011 1905 qualitas
1035 1864 1182 1895 scientiae
1206 1864 1344 1894 divinae:
1369 1871 1400 1895 et

324 1910 368 1941 sic
391 1910 454 1940 hoc
476 1909 509 1939 in
533 1909 606 1940 loco
637 1908 814 1949 quaeritur,
840 1916 876 1940 ut
899 1908 1058 1950 complete
1088 1909 1273 1940 ostendatur
1296 1908 1399 1949 qualis

325 1955 364 1985 sit
380 1954 509 1985 scientia
532 1953 601 1990 Dei,
626 1963 667 1983 an
690 1953 819 1984 scientia
842 1953 902 1984 Dei
926 1953 1039 1984 habeat
1063 1953 1144 1984 hanc
1169 1953 1398 1990 conditionem,

325 1999 441 2030 scilicet
464 2008 531 2029 esse
556 2007 682 2028 causam
707 2007 824 2028 rerum.

383 2044 421 2074 11.
447 2043 482 2074 In
506 2052 640 2084 corpore
663 2052 728 2073 una
751 2042 927 2081 conclusio,
945 2042 1130 2082 responsiva
1148 2042 1294 2083 quaesito
1318 2041 1399 2072 affir-

324 2088 458 2119 mative:
488 2087 624 2119 Scientia
647 2087 706 2118 Dei
730 2093 776 2117 est
799 2096 894 2117 causa
917 2096 1034 2118 rerum.
1053 2104 1071 2109 —
1089 2086 1182 2118 Circa
1204 2096 1304 2128 quam
1323 2096 1399 2118 con—

326 2133 504 2164 clusionem
526 2132 560 2162 in
583 2131 683 2162 littera
707 2131 766 2162 tria
788 2130 884 2162 fiunt:
908 2131 1026 2172 primo,
1052 2132 1221 2172 probatur;
1246 2131 1398 2167 secundo,

326 2177 503 2208 ostenditur
526 2176 559 2206 in
583 2175 749 2207 communi
774 2176 892 2206 modus
916 2186 982 2217 quo
1007 2175 1136 2207 scientia
1151 2175 1211 2206 Dei
1235 2182 1282 2206 est
1305 2185 1399 2206 causa

325 2221 358 2252 in
374 2228 445 2252 actu
463 2221 603 2252 secundo
618 2219 651 2256 ἡ
672 2219 774 2255 tertio,
792 2221 945 2260 probatur
962 2220 1127 2251 efficaciter
1142 2220 1307 2251 conclusio
1324 2230 1398 2251 cum

326 2266 426 2296 modo
450 2266 515 2296 iam
538 2274 685 2306 expresso
696 2264 724 2295 *.

385 2310 438 2341 ΙΙΙ.
463 2310 581 2347 Quoad
598 2310 763 2350 primum:
787 2308 923 2339 Scientia
953 2308 1012 2339 Dei
1037 2318 1070 2339 se
1093 2308 1189 2340 habet
1213 2308 1252 2339 ad
1276 2317 1339 2344 res,
1364 2315 1400 2339 ut

326 2354 456 2386 scientia
479 2353 604 2385 artificis
621 2354 661 2384 ad
679 2351 854 2384 artificiata:
880 2353 935 2384 sed
951 2353 1080 2384 scientia
1095 2352 1221 2384 artificis
1241 2359 1287 2384 est
1305 2363 1399 2384 causa

325 2398 552 2430 artificialium:
582 2408 656 2438 ergo
689 2397 816 2428 scientia
842 2398 902 2429 Dei
931 2404 978 2428 est
1006 2407 1099 2428 causa
1126 2406 1244 2428 rerum.
1262 2414 1280 2420 -
1297 2397 1400 2428 Maior

326 2454 393 2474 non
417 2444 570 2484 probatur
593 2452 695 2483 usque
719 2444 759 2474 ad
782 2442 908 2473 tertiam
930 2449 1055 2483 partem
1083 2441 1224 2483 corporis
1239 2441 1268 2472 “.
1292 2442 1400 2473 Minor

326 2495 433 2519 autem
443 2488 604 2528 probatur.
618 2487 738 2519 Artifex
753 2494 903 2528 operatur
917 2496 973 2528 per
985 2496 1082 2518 suum
1096 2486 1306 2517 intellectum:
1323 2496 1397 2527 ergo

326 2533 428 2564 forma
444 2532 621 2564 intellectus
638 2538 685 2562 est
700 2531 894 2573 principium
911 2531 1115 2572 operationis,
1141 2530 1222 2562 sicut
1245 2531 1331 2562 calor
1350 2541 1398 2562 ca-

325 2577 510 2608 lefactionis.
541 2577 581 2607 Et
605 2583 681 2607 tunc
711 2576 864 2608 subaudi:
896 2576 951 2606 sed
980 2575 1109 2606 scientia
1133 2582 1179 2606 est
1202 2575 1271 2616 ipsa
1295 2574 1398 2606 forma

325 2622 501 2653 intellectus
526 2621 608 2657 eius;
633 2631 718 2661 ergo.
745 2621 864 2652 Omnia
887 2627 962 2651 sunt
985 2620 1077 2651 clara.

378 2666 431 2697 IV.
446 2666 563 2704 Quoad
578 2665 753 2697 secundum
764 2666 790 2703 *‚
809 2664 1036 2696 determinatur
1047 2664 1079 2695 in
1093 2664 1274 2695 communi:
1294 2664 1399 2696 Scien-

325 2710 367 2742 tia
379 2717 426 2741 est
438 2720 531 2741 causa
549 2720 614 2740 non
631 2710 690 2740 nisi
708 2710 855 2741 adiuncta
865 2709 1039 2740 voluntate.
1052 2727 1070 2732 -
1081 2709 1247 2740 Probatur.
1264 2708 1399 2740 Scientia

325 2765 391 2786 non
412 2754 565 2795 significat
588 2754 744 2785 rationem
764 2764 876 2786 causae
901 2764 937 2784 ex
961 2754 1023 2784 hoc
1042 2759 1168 2784 tantum
1191 2753 1281 2794 quod
1301 2760 1347 2785 est
1366 2753 1398 2784 in

325 2800 451 2836 sciente,
477 2799 532 2830 sed
556 2809 594 2830 ex
616 2799 820 2830 inclinatione
844 2799 884 2829 ad
907 2798 1071 2830 effectum:
1097 2808 1172 2838 ergo
1196 2808 1263 2829 non
1282 2798 1342 2828 nisi
1362 2808 1399 2829 ex

325 2844 473 2875 adiuncta
484 2844 659 2875 voluntate.
672 2861 690 2867 -
702 2843 900 2875 Antecedens
913 2843 1066 2884 probatur
1082 2853 1119 2874 ex
1135 2842 1230 2874 simili
1245 2842 1279 2873 in
1296 2842 1399 2874 forma

325 2888 469 2925 naturali,
494 2895 572 2930 puta
595 2888 708 2920 calore.
730 2888 969 2930 Consequentia
984 2898 1059 2918 vero
1084 2888 1249 2928 probatur:
1270 2887 1399 2918 scientia

325 2943 362 2964 ex
381 2943 414 2964 se
437 2943 470 2964 se
489 2933 583 2964 habet
606 2933 646 2964 ad
670 2932 834 2974 opposita:
860 2943 935 2972 ergo
960 2931 1180 2964 determinatio
1205 2932 1245 2962 ad
1268 2932 1399 2964 alteram

325 2984 448 3018 partem
479 2984 524 3008 est
549 2987 585 3008 ex
609 2977 751 3019 appetitu
783 2977 943 3008 adiuncto.
978 2979 1193 3018 Assumptum
1225 2983 1255 3007 et
1285 2986 1397 3007 conse-

325 3022 457 3063 quentia
480 3022 636 3052 habentur
660 3021 703 3053 IX
726 3022 911 3062 Metaphys.

383 3067 520 3098 Adverte
543 3066 604 3103 hic,
629 3066 718 3107 quod
742 3066 844 3097 littera
867 3066 940 3097 satis
965 3072 1056 3097 caute
1079 3065 1224 3109 loquitur
1239 3065 1279 3096 de
1294 3064 1399 3096 forma

326 3111 470 3142 naturali.
494 3112 569 3142 Non
594 3111 680 3142 enim
703 3110 779 3142 dicit
809 3111 898 3151 quod
929 3110 1033 3141 forma
1065 3110 1248 3142 naturaliter
1277 3109 1398 3146 activa,

326 3163 403 3196 puta
423 3155 518 3192 calor,
538 3162 608 3196 eget
631 3155 738 3196 aliqua
760 3155 964 3186 inclinatione
989 3154 1199 3196 superaddita,
1223 3154 1264 3185 ad
1283 3154 1344 3185 hoc
1364 3161 1400 3185 ut

326 3199 366 3230 sit
382 3199 575 3240 principium
595 3199 744 3236 actionis;
763 3210 838 3231 cum
854 3198 915 3230 hoc
934 3200 974 3231 sit
989 3199 1116 3230 falsum.
1141 3199 1204 3230 Sed
1220 3198 1296 3230 dicit
1310 3198 1399 3240 quod

323 3244 394 3285 ipsa
418 3244 539 3281 forma,
569 3243 686 3276 scilicet
709 3244 812 3281 calor,
842 3244 1035 3285 inquantum
1058 3244 1153 3275 habet
1176 3243 1256 3280 hoc,
1284 3243 1400 3274 scilicet

327 3298 394 3319 esse
411 3298 465 3319 seu
482 3299 610 3320 manere
634 3289 666 3319 in
691 3289 843 3325 subiecto,
870 3298 906 3319 ex
930 3289 1001 3325 hoc,
1019 3288 1084 3319 sive
1101 3295 1137 3319 ut
1153 3287 1205 3325 sic,
1223 3298 1290 3319 non
1306 3287 1400 3318 habet

327 3333 416 3373 quod
440 3333 494 3370 sit,
520 3343 575 3364 seu
600 3332 792 3374 significetur
823 3339 859 3363 ut
882 3333 1075 3373 principium
1099 3332 1242 3364 actionis.
1273 3332 1315 3363 Et
1337 3332 1400 3363 hoc

327 3387 439 3408 verum
463 3385 527 3409 est:
553 3377 709 3419 quoniam
732 3377 820 3409 aliter
843 3385 1028 3418 sequeretur
1051 3378 1141 3418 quod
1171 3377 1278 3408 omnis
1297 3376 1400 3408 forma

328 3431 410 3462 quae
434 3428 480 3452 est
508 3422 540 3452 in
563 3422 692 3464 aliquo,
727 3429 807 3453 esset
837 3421 1032 3463 principium
1061 3421 1211 3458 actionis;
1241 3421 1331 3463 quod
1354 3427 1401 3452 est

329 3465 456 3496 falsum.
482 3466 543 3497 Sed
566 3466 713 3508 quamvis
738 3477 774 3497 ex
798 3466 860 3498 hoc
884 3476 950 3497 non
975 3466 1088 3498 habeat
1112 3466 1268 3498 rationem
1292 3465 1398 3502 activi,

328 3509 497 3550 requiritur
521 3517 627 3541 tamen
650 3510 713 3542 hoc
736 3511 776 3541 ad
800 3510 957 3542 rationem
981 3510 1082 3542 activi.
1108 3510 1272 3542 Inclinatio
1293 3516 1400 3541 autem

329 3554 369 3583 ad
393 3564 476 3594 opus
501 3562 546 3585 est
569 3565 651 3596 quae
675 3555 728 3586 dat
752 3555 873 3586 formae
897 3555 1054 3586 rationem
1071 3555 1173 3586 activi.
1191 3573 1211 3578 -
1226 3555 1293 3586 Nec
1307 3553 1401 3585 refert

329 3598 437 3638 quoad
461 3599 677 3640 propositum,
703 3610 742 3630 an
764 3600 833 3630 talis
858 3599 1078 3630 determinatio
1103 3599 1143 3630 sit
1166 3600 1204 3630 ab
1229 3599 1399 3630 intrinseco

330 3652 366 3672 ex
390 3642 458 3683 ipsa
483 3650 593 3674 natura
618 3644 755 3680 formae,
781 3651 816 3675 ut
839 3651 925 3685 patet
951 3644 988 3675 de
1013 3644 1133 3680 calore;
1159 3654 1199 3675 an
1222 3644 1261 3675 ab
1285 3643 1399 3674 extrin-

1457 1562 1540 1589 seco,
1558 1559 1594 1584 ut
1610 1552 1765 1593 contingit
1787 1552 1820 1583 in
1844 1552 1981 1589 scientia,
1999 1563 2091 1594 quae,
2109 1559 2145 1584 ut
2159 1554 2333 1594 probatum
2348 1559 2402 1590 est,
2419 1563 2532 1585 causae

1457 1597 1490 1628 in
1506 1604 1578 1628 actu
1595 1597 1736 1628 secundo
1760 1597 1918 1628 rationem
1941 1607 2009 1628 non
2032 1597 2136 1634 habet,
2160 1597 2221 1629 nisi
2245 1605 2280 1629 ut
2302 1598 2398 1630 habet
2416 1597 2531 1630 volun-

1457 1648 1555 1673 tatem
1571 1641 1763 1672 adiunctam.
1783 1641 1859 1672 Sola
1874 1641 1961 1672 enim
1976 1649 2105 1683 sumpta
2120 1642 2200 1673 nihil
2217 1652 2362 1683 unquam
2379 1641 2529 1678 causabit‚

1457 1686 1517 1717 nisi
1533 1693 1676 1717 causaret
1691 1686 1842 1727 opposita
1857 1686 1967 1723 simun
1995 1687 2085 1728 quod
2101 1693 2148 1718 est
2162 1687 2370 1728 impossibile.
2469 1720 2476 1725 ,

1515 1731 1554 1762 V.
1573 1731 1691 1768 Quoad
1707 1732 1837 1762 tertium
1850 1728 1875 1767 ¹⁸,
1891 1731 2042 1771 repetitur
2058 1731 2232 1768 conclusio,
2250 1731 2400 1763 adiuncto
2418 1731 2529 1768 modo,

1456 1775 1588 1807 scilicet:
1606 1775 1743 1807 Scientia
1757 1775 1816 1806 Dei
1833 1782 1879 1806 est
1895 1785 1990 1806 causa
2005 1785 2122 1812 rerum,
2136 1776 2315 1807 secundum
2330 1777 2420 1817 quod
2435 1776 2532 1807 habet

1455 1820 1655 1851 voluntatem
1670 1819 1864 1851 adiunctam.
1881 1837 1902 1842 —
1916 1820 2073 1851 Probatur
2095 1819 2234 1851 ratione:
2258 1830 2341 1861 quae
2365 1827 2412 1852 est
2434 1820 2531 1855 etiam

1455 1864 1603 1905 probatio
1630 1864 1760 1895 maioris
1774 1863 1823 1902 *in
1853 1863 2011 1905 principio
2040 1871 2222 1905 assumptae
2240 1863 2268 1895 ¹¹⁸.
2292 1864 2372 1896 Esse
2399 1865 2460 1897 Dei
2483 1871 2531 1896 est

1456 1910 1554 1939 'suum
1576 1908 1766 1948 intelligere:
1797 1918 1872 1948 ergo
1900 1908 1989 1939 Deus
2012 1915 2059 1940 est
2083 1918 2178 1940 causa
2200 1918 2308 1940 rerum
2330 1919 2387 1950 per
2409 1909 2530 1941 intelle-

1456 1960 1562 1984 ctum:
1588 1963 1664 1993 ergo
1688 1952 1818 1984 scientia
1840 1952 1900 1984 Dei
1924 1960 1971 1984 est
1994 1962 2090 1984 causa
2108 1963 2225 1990 rerum,
2243 1954 2422 1985 secundum
2440 1953 2531 1996 quod

1455 1997 1551 2029 habet
1573 1997 1773 2029 voluntatem
1797 1997 1990 2028 adiunctam.

1509 2042 1710 2074 Antecedens
1733 2049 1828 2083 patet.
1853 2042 1894 2073 Et
1917 2042 2020 2083 prima
2043 2041 2272 2083 consequentia
2289 2042 2479 2084 relinquitur
2495 2048 2531 2074 ut

1455 2094 1541 2118 nota.
1567 2087 1713 2118 Secunda
1729 2093 1838 2118 autem
1861 2096 1898 2118 ex
1914 2086 2074 2126 assignato
2090 2087 2191 2118 modo
2208 2096 2275 2128 quo
2290 2086 2468 2119 intellectus
2484 2093 2532 2119 est

1455 2141 1551 2162 causa
1573 2141 1699 2167 rerum,
1724 2137 1820 2173 patet.
1844 2131 1885 2162 Et
1908 2131 2118 2162 nihilominus
2142 2130 2349 2163 confirmatur
2371 2131 2405 2163 in
2427 2131 2530 2165 littae

1455 2185 1493 2206 ex
1511 2175 1726 2216 singularitate
1749 2174 1904 2206 nominis:
1930 2175 2005 2217 quia
2029 2175 2159 2208 scientia
2181 2175 2242 2207 Dei
2266 2182 2302 2207 ut
2325 2185 2430 2218 causa,
2454 2185 2530 2208 con-

1455 2219 1558 2251 suevit
1576 2219 1642 2251 dici
1665 2220 1798 2251 scientia
1821 2220 2071 2260 approbationis.

1508 2264 1562 2295 VI.
1581 2263 1674 2295 Circa
1689 2263 1826 2304 primam
1843 2263 2106 2305 consequentiam
2122 2263 2218 2295 huius
2234 2264 2374 2301 rationis,
2393 2264 2529 2296 dubium

1455 2308 1606 2339 occurrit:
1630 2317 1713 2349 quae
1737 2307 1854 2338 scilicet
1877 2307 1917 2339 sit
1939 2308 2027 2338 radix
2052 2307 2149 2339 huius
2173 2308 2436 2349 consequentiae,
2461 2317 2530 2340 esse

1454 2353 1518 2384 Dei
1540 2357 1588 2384 est
1610 2362 1705 2384 suum
1731 2352 1936 2393 intelligere,
1969 2362 2048 2393 ergo
2079 2353 2170 2383 Deus
2193 2358 2240 2384 est
2269 2362 2372 2394 agens
2394 2363 2459 2394 per
2481 2353 2528 2384 in-

1455 2397 1625 2428 tellectum.
1651 2397 1756 2427 Habet
1771 2396 1857 2427 enim
1873 2396 2055 2428 instantiam
2078 2396 2255 2437 dupliciter.
2278 2397 2399 2435 Primo,
2417 2407 2529 2429 secun-

1455 2441 1721 2473 dumwveritatem.
1746 2441 1822 2472 Non
1845 2441 1932 2471 enim
1955 2441 2053 2478 valet,
2078 2451 2146 2472 esse
2169 2441 2232 2473 Dei
2255 2447 2302 2473 est
2321 2451 2416 2473 suum
2437 2441 2528 2473 intel-

1455 2486 1570 2528 ligere,
1594 2495 1675 2527 ergo
1697 2486 1789 2516 Deus
1801 2485 1955 2526 producit
1973 2486 2103 2524 Filium,
2122 2486 2173 2517 vel
2187 2485 2342 2526 Spiritum
2360 2486 2526 2524 Sanctum,

1448 2541 1512 2572 per
1535 2530 1752 2568 intellectum;
1777 2540 1851 2561 cum
1880 2536 2014 2571 uterque
2042 2530 2237 2571 producatur
2260 2540 2278 2560 a
2300 2530 2370 2561 Deo
2395 2540 2451 2571 per
2474 2540 2528 2561 na·

1454 2583 1568 2612 turam,
1586 2581 1622 2606 ut
1644 2574 1726 2605 infra
1741 2574 1758 2593 *
1781 2574 1909 2615 patebit.
1925 2592 1946 2597 -
1960 2574 2120 2612 Secundo,
2145 2574 2323 2606 secundum
2339 2574 2529 2615 opinionem

1454 2619 1630 2652 tenentium
1657 2620 1763 2650 Deum
1785 2629 1875 2659 agere
1891 2629 1929 2650 ex
1944 2619 2127 2650 necessitate
2143 2625 2282 2650 naturae.
2309 2618 2530 2651 Concederent

1454 2664 1540 2696 enim
1555 2663 1601 2695 illi
1617 2663 1802 2705 philosophi
1825 2663 1915 2705 quod
1939 2674 2006 2694 esse
2030 2663 2088 2694 Dei
2112 2670 2159 2695 est
2173 2662 2240 2695 eius
2256 2663 2448 2704 intelligere:
2472 2663 2528 2695 sed

1454 2715 1605 2750 negarent
1634 2708 1814 2750 sequelam,
1840 2708 1974 2739 dicendo
2006 2708 2096 2749 quod
2118 2707 2207 2739 Deus
2230 2708 2379 2749 producit
2401 2717 2449 2740 res
2471 2717 2529 2750 per

1454 2753 1651 2785 intellectum
1674 2754 1925 2784 concomitanter
1947 2759 2083 2789 tantum,
2100 2752 2175 2794 quia
2191 2752 2308 2784 scilicet
2326 2751 2472 2794 intelligit
2494 2761 2527 2784 se

1455 2798 1555 2830 facere
1579 2806 1646 2834 eas3
1673 2797 1727 2828 sed
1751 2807 1807 2837 per
1830 2803 1977 2828 naturam
2001 2797 2104 2828 solam
2128 2797 2314 2828 causaliter.

1512 2842 1581 2874 VII.
1605 2842 1657 2873 Ad
1680 2841 1742 2872 hoc
1765 2842 1900 2873 breviter
1928 2841 2055 2878 dicitur,
2081 2842 2170 2883 quod
2193 2841 2280 2873 radix
2302 2841 2398 2873 huius
2418 2850 2527 2874 εοῐικτ

1455 2886 1602 2928 quentiae
1619 2893 1665 2917 est
1684 2886 1743 2917 ista
1762 2886 1951 2927 propositio,
1975 2895 2078 2928 agere
2093 2896 2159 2928 per
2173 2885 2369 2917 intellectum
2386 2890 2433 2916 est
2448 2895 2525 2926 per-

1446 2931 1581 2973 fectius,
1597 2932 1748 2972 superius
1764 2936 1794 2961 et
1809 2931 2038 2969 universalius,
2052 2939 2149 2972 quam
2164 2939 2266 2972 agere
2272 2939 2337 2970 per
2352 2934 2504 2961 naturam
2510 2939 2525 2968 ;

1454 2986 1536 3018 quae
1560 2975 1738 3017 propositio
1760 2976 1912 3016 probatur
1926 2975 1958 3006 in
1976 2975 2001 3006 11
2030 2974 2153 3006 Contra
2175 2973 2328 3012 Gentiles,
2354 2983 2422 3015 cap.
2441 2983 2524 3006 xxm.

1454 3020 1558 3062 Super
1579 3020 1638 3051 hac
1661 3019 1748 3051 enim
1770 3020 1935 3061 supposita
1955 3019 2076 3061 optime
2099 3018 2250 3060 sequitur,
2275 3019 2304 3049 si
2320 3027 2388 3050 esse
2401 3019 2465 3049 Dei
2480 3023 2527 3050 est

1455 3066 1525 3096 eius
1548 3065 1741 3106 intelligere,
1767 3074 1847 3106 ergo
1870 3074 1980 3096 omnes
2003 3063 2137 3105 effectus
2151 3063 2215 3094 Dei
2227 3068 2304 3094 sunt
2327 3064 2360 3094 in
2383 3063 2454 3094 Deo
2477 3063 2526 3094 in·

1454 3110 1675 3150 telligibiliter,
1702 3115 1737 3140 ut
1753 3119 1789 3139 ex
1806 3108 2020 3149 supradictis*
2036 3114 2135 3150 patet:
2159 3107 2236 3149 quia
2254 3114 2382 3148 oportet
2396 3107 2527 3140 effectus

1455 3153 1660 3195 praeexistere
1684 3153 1716 3184 in
1740 3153 1809 3194 ipsa
1832 3153 1966 3184 essentia
1989 3162 2111 3189 causae,
2130 3152 2308 3183 secundum
2327 3152 2464 3183 modum
2479 3161 2526 3183 es-

1455 3197 1572 3229 sentiae
1595 3197 1695 3238 ipsius
1719 3208 1841 3229 causae.
1867 3197 1900 3230 Si
1924 3205 2031 3229 autem
2059 3196 2170 3228 omnia
2189 3203 2262 3228 sunt
2277 3203 2308 3228 et
2323 3196 2356 3228 in
2371 3206 2439 3228 esse
2455 3194 2524 3234 Dei,

1455 3249 1486 3274 et
1509 3242 1541 3272 in
1565 3242 1736 3283 intelligere
1757 3242 1824 3273 eius
1840 3249 1876 3274 ut
1899 3242 1956 3279 sic;
1981 3247 2011 3273 et
2033 3240 2210 3283 perfectius,
2228 3240 2382 3282 superius,
2400 3240 2526 3272 univer·

1455 3286 1616 3328 saliusque
1633 3293 1679 3318 est
1698 3297 1764 3318 esse
1788 3297 1918 3318 causam
1941 3295 2047 3317 rerum
2070 3295 2126 3326 per
2149 3285 2332 3326 intelligere,
2357 3294 2456 3327 quam
2470 3293 2526 3326 per

1456 3341 1523 3362 esse
1551 3338 1693 3367 tantum;
1719 3341 1794 3362 cum
1818 3337 1940 3363 constet
1962 3330 2033 3361 Deo
2057 3330 2152 3361 tribui
2176 3330 2289 3361 debere
2311 3330 2402 3371 quod
2424 3328 2524 3370 perfe-

1455 3376 1642 3412 ctissimum,
1667 3376 1755 3417 quod
1779 3385 1976 3417 supremum,
1998 3374 2088 3415 quod
2111 3374 2415 3406 universalissimum
2431 3372 2525 3404 estin

1455 3421 1615 3451 causando
1640 3427 1670 3452 et
1693 3420 1843 3452 causandi
1866 3419 1982 3456 modo,
2007 3419 2126 3460 absque
2149 3419 2215 3450 ulla
2239 3418 2397 3450 calumnia
2419 3417 2525 3459 sequi—

1455 3471 1522 3501 tur,
1547 3475 1627 3506 ergo
1650 3465 1741 3496 Deus
1764 3469 1811 3496 est
1833 3473 1932 3495 causa
1957 3473 2066 3494 rerum
2085 3473 2149 3505 per
2173 3463 2377 3495 intellectum.

1509 3509 1591 3540 VIII.
1618 3509 1669 3539 Ad
1693 3508 1907 3540 obiectionem
1931 3517 2005 3548 ergo
2030 3507 2062 3538 in
2087 3507 2275 3549 oppositum
2298 3517 2357 3548 pro
2382 3505 2526 3548 philoso-

1454 3553 1595 3594 phorum
1619 3553 1802 3594 aliquorum
1825 3552 1977 3593 opinione
1993 3552 2019 3589 *‚
2042 3552 2105 3583 iarn
2122 3559 2208 3593 patet
2231 3550 2320 3594 quod
2334 3551 2416 3582 male
2431 3559 2524 3590 nega-

1454 3604 1523 3628 rent
1546 3597 1816 3638 consequentiam.
1833 3614 1853 3619 -
1872 3597 1922 3627 Ad
1946 3607 2017 3627 eam
2040 3607 2115 3628 vero
2139 3606 2220 3638 quae
2243 3595 2343 3636 tangit
2360 3594 2524 3626 materiam

1455 3642 1493 3672 de
1509 3641 1672 3678 Trinitate,
1691 3641 1804 3673 dicitur
1828 3642 1916 3682 quod
1941 3641 2078 3674 obiectio
2097 3651 2164 3672 non
2187 3647 2234 3672 est
2252 3640 2292 3671 ad
2308 3639 2523 3680 propositum.

2559 1741 2568 1750 ·
2584 1739 2621 1763 Cf.
2636 1745 2701 1762 num.
2712 1746 2738 1763 ιι.

2559 1875 2569 1884 ·
2584 1872 2621 1896 Cf.
2635 1878 2701 1895 num.
2711 1878 2744 1895 m.

2555 2578 2565 2588 '
2581 2577 2630 2606 Qu.
2640 2583 2688 2607 m,
2698 2581 2768 2601 art-².

2553 3111 2565 3123 ⁴
2578 3111 2654 3134 Anic.
2667 3118 2691 3134 v.

2554 3562 2561 3570 ·
2579 3559 2614 3583 Cf.
2629 3565 2695 3582 num.
2705 3565 2739 3582 vr.
