2768 4178
54 543 159 568 *,Tract.
170 542 199 570 11,
209 546 268 570 part.

54 576 86 592 m.

55 631 103 653 'De
108 631 266 658 Praedicam„

54 661 121 680 tract.
129 658 170 686 1v‚
181 664 267 685 capax.

53 1124 64 1134 ⁸
73 1123 133 1145 Vide
143 1123 201 1145 Cate
221 1129 266 1150 or„

54 1156 135 1178 capa,
152 1156 194 1172 ιιι
213 1166 219 1171 .

54 1389 64 1399 '⁶
79 1389 193 1420 Isagog„
214 1395 265 1416 cap.

53 1415 83 1437 de
91 1416 182 1444 Specte-

52 1474 63 1484 ⁸
74 1472 110 1495 Cf.
122 1479 192 1501 supra
206 1480 229 1495 n.
240 1481 263 1497 x.

52 2055 60 2063 ·
76 2053 112 2076 Cf.
127 2060 191 2076 num.
207 2059 238 2075 v1.

51 2812 61 2820 ⁶
77 2810 112 2832 Cf.
129 2815 195 2831 num.
212 2816 227 2831 t.

55 3343 64 3351 ⁶
81 3341 152 3363 Num.
164 3347 201 3363 vu.

304 280 374 316 156

295 359 415 390 litterae
438 358 522 389 illius
539 356 682 398 procedit
705 355 852 387 obiectio.
870 375 890 379 -
907 357 1062 395 Quamvis
1083 357 1185 398 possit
1201 357 1262 388 dici
1279 357 1368 398 quod

296 403 482 434 huiusmodi
505 401 647 438 relativa,
672 411 814 442 quorum
835 411 939 432 unum
962 402 1115 442 importat
1137 408 1245 432 actum
1268 408 1299 432 et
1322 411 1368 432 re-

295 449 422 489 liquum
446 446 638 488 potentiam,
670 455 737 476 non
761 452 835 476 sunt
858 446 938 477 bene
962 446 1134 486 assignata:
1160 452 1190 476 et
1213 445 1286 476 ideo
1310 455 1368 476 nec

296 500 371 524 sunt
393 491 489 522 simul
509 498 629 527 natura,
650 500 708 521 nec
723 500 756 520 se
776 489 932 522 definiunt
955 490 1102 526 invicem,
1127 497 1197 526 etc„
1218 496 1255 521 ut
1269 492 1368 521 Aver-

296 548 366 568 roes
389 537 423 567 in
445 535 719 566 Praedicamentis
733 534 751 554 *
774 534 860 566 dixit.

354 582 404 612 Ad
429 582 556 612 tertiam
581 579 805 616 obiectionem,
831 579 959 620 proprie
982 579 1157 620 loquendo,
1182 578 1368 619 negandum

296 634 342 657 est
365 625 570 656 antecedens:
595 624 680 665 quia,
705 630 742 655 ut
760 625 896 664 Magnus
917 623 1027 655 docuit
1050 623 1199 654 Albertus
1214 622 1241 660 *,
1266 623 1368 654 relati-

295 681 373 701 vum
398 680 464 700 non
489 668 637 700 definitur
653 678 718 709 per
740 668 924 705 terminum,
950 668 1005 699 sed
1020 668 1064 698 ad
1079 667 1267 704 terminum;
1292 668 1368 709 quia

295 726 362 746 non
378 715 472 745 habet
488 724 554 744 esse
563 723 627 754 per
640 713 824 749 terminum,
842 713 875 743 in
891 722 1099 754 quocumque
1115 721 1229 751 genere
1244 722 1366 748 causae,

296 760 351 790 sed
374 759 417 790 ad
439 758 623 789 terminum.
649 757 888 798 Consequentia
912 764 1019 788 autem
1043 756 1178 786 omnino
1203 762 1250 787 est
1272 756 1365 786 falsa:

295 804 370 846 quia
394 810 454 834 stat
477 802 629 834 definiens
651 811 718 832 esse
735 801 831 832 simul
847 809 958 833 natura
975 808 1006 832 et
1021 801 1182 832 intellectu
1199 810 1275 831 cum
1291 799 1367 831 defi-

295 849 373 879 nito.
391 866 409 871 -
425 848 475 878 Ad
499 847 700 878 auctoritates
724 853 833 876 autem
856 846 1048 882 Aristotelis,
1074 845 1187 876 dicitur
1210 845 1300 885 quod
1323 851 1367 875 te-

295 900 381 929 nent,
406 892 482 934 quia
505 893 683 933 loquuntur
707 891 745 921 de
769 891 899 921 materia
928 891 961 921 in
985 901 1049 932 qua
1071 890 1152 921 inter
1168 888 1321 920 definiens
1337 895 1368 920 et

296 937 463 968 definitum
487 943 534 967 est
558 937 649 967 ordo.
673 935 877 976 Ubicumque
897 935 983 966 enirn
1002 935 1083 965 inter
1099 933 1252 965 definiens
1269 940 1300 964 et
1315 934 1367 964 de-

295 982 422 1012 finitum
439 987 566 1022 oportet
589 990 656 1011 esse
680 979 836 1016 ordinem,
861 980 904 1010 ibi
927 980 1011 1010 valet
1025 978 1261 1020 consequentia,
1287 988 1367 1019 ergo

295 1027 451 1068 definiens
467 1031 514 1056 est
528 1026 647 1065 prius:
669 1024 724 1054 ubi
748 1031 855 1055 autem
873 1025 980 1055 nullus
1000 1031 1046 1054 est
1065 1024 1156 1060 ordo,
1178 1033 1243 1053 non
1263 1029 1368 1063 potest

295 1071 402 1101 inferri
425 1069 580 1110 prioritas.
616 1069 699 1099 Inter
722 1069 905 1099 correlativa
932 1075 1041 1099 autem
1064 1068 1172 1099 nullus
1196 1074 1243 1098 est
1266 1067 1366 1104 ordo,

295 1115 350 1145 sed
374 1122 449 1145 sunt
472 1114 607 1145 omnino
631 1113 737 1149 simul,
763 1120 799 1144 ut
822 1120 908 1153 patet
931 1113 963 1143 in
979 1113 1324 1153 Postpraedicamentis
1338 1112 1366 1143 *.

295 1160 391 1199 Ergo.
410 1176 428 1182 -
445 1159 486 1189 Et
499 1159 625 1189 adverte
641 1158 731 1199 quod
746 1158 823 1188 haec
843 1157 980 1188 obiectio
997 1157 1111 1188 militat
1128 1163 1237 1188 contra
1256 1163 1366 1188 aucto-

294 1214 362 1235 rem
381 1213 487 1239 suum,
508 1203 670 1243 arguendo
695 1202 748 1233 sic.
774 1202 942 1244 Quidquid
965 1202 1005 1233 sit
1024 1202 1063 1232 de
1081 1202 1229 1238 termino,
1246 1208 1367 1232 certum

295 1256 342 1279 est
364 1249 397 1279 in
420 1247 556 1279 relativis
581 1247 702 1278 mutuis
725 1257 829 1278 unum
853 1257 920 1277 esse
944 1246 1144 1278 definitivum
1167 1246 1311 1283 alterius,
1337 1253 1368 1277 et

295 1304 311 1324 e
337 1301 506 1324 converso:
539 1302 614 1332 ergo
643 1292 731 1332 prius
760 1298 791 1322 et
814 1291 971 1332 posterius
1002 1292 1180 1322 secundum
1213 1290 1367 1322 definitio-

294 1348 378 1375 nem,
399 1344 457 1368 etc.
479 1337 719 1378 Consequentia
735 1343 821 1367 nota.
846 1336 1046 1367 Antecedens
1060 1346 1137 1367 vero
1157 1342 1204 1367 est
1221 1335 1367 1377 Porphy-

294 1383 330 1413 rii
345 1383 372 1419 *,
397 1382 448 1413 hic
470 1381 594 1421 allegati
618 1391 636 1411 a
659 1381 756 1412 Scoto
780 1391 840 1421 pro
864 1391 907 1411 se.
932 1381 1028 1421 Ergo.

349 1427 401 1458 Ad
418 1427 575 1463 ultimam,
592 1435 675 1466 quae
694 1431 787 1456 terret
802 1425 951 1461 novitios,
968 1432 1055 1466 patet
1070 1425 1189 1456 solutio
1209 1435 1246 1456 ex
1263 1425 1366 1455 verbis

293 1471 472 1503 Aristotelis
486 1470 512 1501 ¹⁸.
537 1471 678 1510 Negatur
694 1470 853 1511 siquidem
874 1471 1079 1501 antecedens:
1098 1469 1253 1511 quoniam
1268 1469 1301 1500 in
1320 1479 1366 1499 re-

293 1516 395 1547 lativis
418 1515 501 1546 tertii
524 1515 628 1551 modi,
653 1521 827 1555 utrumque
852 1521 1029 1545 extremum
1052 1514 1149 1545 simul
1171 1514 1266 1545 habet
1288 1514 1366 1544 rela-

293 1561 425 1597 tionem,
451 1560 506 1590 sed
522 1559 730 1596 dissimiliter;
755 1559 831 1600 quia
854 1569 958 1590 unum
982 1566 1028 1590 est
1051 1559 1219 1590 relativum
1235 1565 1366 1599 propter

293 1605 481 1636 relationem
511 1614 594 1645 quae
617 1610 664 1635 est
686 1604 719 1634 in
742 1603 814 1644 ipso
838 1604 878 1634 ad
901 1604 1004 1640 aliud,
1030 1603 1191 1645 reliquum
1213 1613 1290 1634 vero
1319 1609 1366 1634 est

293 1650 460 1681 relativum
482 1655 613 1689 propter
635 1648 823 1679 relationem
846 1648 963 1679 realem
987 1648 1114 1679 alterius
1133 1648 1173 1679 ad
1192 1647 1301 1689 ipsum
1319 1657 1366 1678 re-

293 1694 436 1725 lativum.
456 1694 523 1724 Nec
539 1692 728 1734 requirenda
747 1699 794 1724 est
809 1692 870 1723 alia
889 1693 1052 1724 existentia
1070 1693 1161 1724 istius
1179 1692 1364 1729 correlativi,

293 1749 392 1780 quam
416 1737 578 1769 existentia
601 1737 650 1768 sui
675 1737 852 1778 comparis:
877 1737 1033 1778 quoniam
1057 1738 1095 1768 ab
1120 1747 1170 1774 ea,
1196 1737 1367 1768 extrinseca

293 1782 563 1818 denominatione,
582 1782 677 1812 etiam
693 1781 802 1822 ipsum
818 1781 933 1813 dicitur
947 1792 1024 1813 esse.
1050 1783 1122 1813 Hoc
1139 1781 1225 1812 enim
1241 1788 1288 1812 est
1303 1781 1366 1812 sin-

292 1828 400 1868 gulare
419 1827 451 1857 in
471 1826 607 1857 relativis
630 1826 712 1857 tertii
737 1825 837 1862 modi,
858 1827 947 1867 quod
966 1826 1134 1858 relativum
1152 1826 1234 1857 reale
1253 1826 1367 1857 dicitur

293 1873 333 1902 ad
356 1871 530 1903 terminum
558 1881 624 1901 non
648 1870 765 1901 realem
789 1870 982 1908 formaliter,
1015 1871 1075 1902 nisi
1104 1870 1365 1901 denominatione

293 1917 479 1947 extrinseca:
501 1915 556 1957 qui
575 1922 682 1946 tamen
700 1922 746 1946 est
765 1915 855 1946 realis
872 1915 1159 1951 fundamentaliter,
1181 1925 1236 1946 seu
1256 1915 1365 1956 quoad

293 1961 488 1992 substratum
511 1960 562 1990 vel
585 1959 841 1991 denominatum.

350 2005 433 2036 xm,
459 2005 505 2035 Ex
533 2004 582 2034 his
615 2010 723 2034 autem
754 2011 840 2044 patet
869 2003 1036 2044 responsio
1068 2005 1108 2034 ad
1131 2003 1365 2035 dubitationem

292 2056 415 2081 motam
435 2049 516 2080 circa
532 2058 662 2079 sensum
678 2048 798 2079 litterae
821 2048 918 2080 huius
933 2048 959 2079 *.
986 2049 1033 2079 Ex
1049 2059 1116 2090 quo
1133 2058 1274 2089 namque
1290 2058 1366 2079 con-

292 2101 352 2125 stat
371 2094 460 2135 quod
484 2094 571 2124 Deus
595 2103 661 2124 non
683 2093 832 2124 terminat
855 2093 1039 2124 servitutem
1063 2093 1123 2124 nisi
1146 2099 1183 2124 ut
1205 2092 1366 2124 Dominus

292 2138 476 2174 formaliter,
501 2138 577 2178 quia
600 2138 633 2179 ly
655 2138 816 2169 Dominus
839 2145 886 2169 est
909 2137 1058 2178 proprius
1081 2137 1235 2169 terminus
1258 2138 1364 2175 servi,

292 2190 378 2225 patet
397 2183 486 2223 quod
509 2182 643 2213 intentio
667 2182 787 2213 litterae
811 2189 866 2219 est,
891 2183 982 2222 quod
1001 2181 1224 2213 correlativum
1240 2188 1367 2222 oportet

293 2227 463 2267 cointelligi
493 2226 526 2256 in
556 2226 682 2267 aliquo,
712 2226 737 2256 si
761 2226 841 2257 illud
873 2227 966 2257 debet
994 2225 1125 2266 intelligi
1156 2227 1215 2256 sub
1243 2226 1366 2257 ratione

293 2271 429 2304 termini.
1305 2269 1311 2274 '

347 2317 414 2347 Nec
445 2315 572 2345 obstant
602 2314 650 2345 his
678 2314 774 2345 verba
797 2325 822 2345 s.
838 2315 986 2345 Thomae
1016 2313 1049 2344 in
1073 2314 1138 2352 Qu.
1158 2314 1198 2345 de
1220 2314 1366 2345 Potentia

292 2362 371 2398 Dei,
397 2370 450 2401 qu.
468 2370 521 2395 vn,
542 2365 598 2390 art.
622 2369 670 2395 10,
688 2359 727 2389 ad
743 2368 774 2398 4,
799 2358 854 2389 ubi
879 2358 954 2390 dicit
977 2359 1067 2400 quod
1088 2358 1258 2389 terminare
1281 2358 1366 2389 ordi-

293 2415 367 2436 nem
391 2403 548 2435 servitutis
573 2410 702 2439 creatae,
722 2403 812 2444 quod
836 2403 993 2434 clauditur
1016 2402 1049 2433 in
1073 2402 1196 2434 ratione
1220 2403 1364 2439 dominii,

292 2449 440 2481 convenit
463 2448 553 2484 Deo;
587 2454 618 2479 et
640 2447 776 2478 intendit
803 2448 892 2489 quod
916 2447 1064 2478 convenit
1087 2447 1158 2478 Deo
1188 2448 1366 2478 secundum

291 2504 369 2530 rem,
394 2499 430 2524 ut
453 2499 539 2533 patet
562 2502 599 2522 ex
622 2498 811 2532 argumento
835 2492 875 2522 ad
899 2492 988 2533 quod
1011 2493 1192 2532 respondet.
1218 2492 1299 2528 Hoc,
1320 2492 1365 2522 in·

292 2548 400 2580 quarn,
419 2547 485 2568 non
505 2537 619 2573 obstat,
637 2536 793 2578 quoniam
808 2536 993 2576 intelligitur
1008 2537 1047 2567 de
1062 2537 1229 2568 terminare
1240 2536 1366 2578 funda-

294 2583 496 2614 mentaliter:
519 2581 580 2612 hoc
604 2581 691 2612 enim
715 2581 864 2612 convenit
887 2581 957 2612 Deo
981 2581 1159 2612 secundum
1183 2590 1260 2617 rem,
1286 2581 1367 2613 sicut

292 2634 432 2668 potestas
456 2625 621 2657 coercendi
646 2626 801 2657 subditos.
826 2625 867 2656 Et
889 2626 980 2666 quod
1003 2625 1065 2656 hoc
1089 2625 1240 2662 intendat,
1266 2635 1303 2657 ex
1327 2636 1366 2657 eo

292 2671 520 2706 manifestatur,
542 2670 626 2711 quia,
647 2671 755 2711 quoad
771 2670 918 2701 ordinem
942 2670 981 2700 ad
1005 2670 1160 2707 subditos,
1178 2677 1272 2710 negat
1291 2680 1367 2701 con-

292 2716 398 2747 venire
421 2716 510 2746 Deo:
535 2714 690 2755 quoniam
721 2725 779 2745 nec
811 2714 984 2746 formaliter
1007 2724 1065 2745 nec
1089 2714 1367 2746 fundamentaliter

293 2761 381 2791 Deus
405 2760 498 2790 habet
522 2759 607 2789 unde
631 2759 795 2790 ordinetur
819 2759 858 2789 ad
883 2759 1037 2790 subditos.

349 2805 433 2835 XIV.
451 2804 569 2842 Quoad
584 2809 735 2844 quartum
753 2803 779 2839 *‚
804 2804 958 2843 probatur
981 2804 1146 2835 conclusio
1161 2804 1291 2840 intenta,
1311 2803 1366 2835 sic.

293 2850 381 2881 Deus
401 2855 447 2879 est
466 2854 550 2879 extra
574 2854 680 2878 totum
704 2848 849 2878 ordinem
869 2848 1018 2885 universi,
1038 2848 1081 2880 ita
1100 2849 1190 2889 quod
1207 2855 1366 2879 creaturae

294 2894 481 2925 ordinantur
509 2893 549 2922 ad
572 2892 696 2932 ipsum,
722 2899 752 2923 et
776 2902 841 2922 non
866 2902 882 2923 ε
907 2902 1078 2923 converso:
1108 2902 1183 2934 ergo
1207 2900 1367 2924 creaturae

293 2938 415 2969 realiter
438 2936 617 2968 referuntur
647 2937 686 2966 ad
717 2937 840 2974 Deum,
873 2937 904 2967 in
930 2937 998 2968 Deo
1027 2945 1135 2968 autem
1166 2947 1233 2968 non
1257 2944 1303 2968 est
1327 2938 1367 2968 ad

294 2987 449 3014 creaturas
470 2981 578 3012 relatio
602 2981 662 3011 nisi
679 2981 819 3012 rationis.
845 2981 930 3021 Ergo
951 2981 1029 3012 nihil
1044 2982 1193 3022 prohibet
1209 2982 1367 3023 quaedam

294 3027 427 3058 nomina
449 3025 655 3066 importantia
678 3025 875 3061 relationem,
901 3026 962 3057 dici
987 3027 1025 3057 de
1045 3027 1115 3057 Deo
1131 3037 1168 3057 ex
1187 3033 1343 3067 tempore.

347 3071 546 3102 Antecedens
562 3077 657 3111 patet.
681 3070 788 3101 Prima
805 3077 910 3101 autem
928 3071 1155 3112 consequentia
1169 3080 1206 3102 ex
1228 3070 1282 3102 illa
1301 3081 1367 3102 ma-

293 3116 388 3152 xima,
413 3115 445 3146 in
469 3114 667 3156 praecedenti
691 3121 779 3155 parte
805 3115 918 3155 posita,
945 3115 1076 3146 scilicet:
1101 3115 1368 3157 quandocumque

295 3166 441 3191 extrema
466 3169 529 3190 non
545 3164 622 3190 sunt
641 3160 738 3190 unius
754 3159 888 3197 ordinis,
907 3165 937 3190 et
953 3170 1053 3190 unum
1071 3161 1200 3201 respicit
1214 3159 1317 3198 aliud,
1333 3163 1366 3191 in

296 3205 419 3246 reliquo
439 3214 502 3236 non
520 3209 567 3235 est
583 3205 697 3235 relatio
715 3204 778 3234 nisi
792 3205 936 3235 rationis.
958 3204 1053 3244 Ergo,
1075 3204 1100 3235 si
1116 3205 1204 3235 Dens
1221 3211 1267 3236 est
1281 3210 1368 3235 extra

296 3249 450 3285 ordinem,
475 3255 532 3279 etc.
558 3248 704 3279 Secunda
719 3255 828 3279 autem
852 3249 1079 3289 consequentia
1099 3255 1146 3280 est
1161 3259 1217 3290 per
1232 3258 1265 3280 se
1280 3255 1367 3280 nota.

347 3294 416 3324 XV.
430 3293 551 3324 Contra
567 3293 724 3324 rationem
740 3292 910 3324 adductam
926 3292 959 3323 in
974 3293 1075 3324 littera
1087 3303 1146 3334 pro
1162 3293 1221 3324 hac
1241 3293 1368 3324 conclu-

296 3338 395 3374 sione,
411 3338 525 3368 Scotus
542 3337 710 3378 dupliciter
725 3337 820 3368 instat
835 3337 867 3367 in
884 3337 957 3368 loco
974 3338 1185 3378 praeallegato
1198 3337 1226 3369 ¹⁸¹.
1245 3338 1366 3376 Primo,

296 3382 409 3423 inquit,
426 3382 505 3412 ratio
529 3382 588 3413 ista
611 3381 690 3422 petit
713 3381 915 3422 principium.
942 3382 1036 3419 Quia,
1063 3392 1137 3413 curn
1156 3383 1244 3414 Deus
1267 3381 1368 3413 mani-

297 3426 374 3457 feste
398 3426 438 3456 sit
457 3426 543 3466 prior
566 3433 715 3463 creatura,
733 3436 769 3457 ac
785 3436 842 3467 per
864 3426 926 3457 hoc
950 3426 1090 3467 aliquem
1113 3426 1258 3458 ordinem
1275 3426 1369 3458 habet

297 3477 334 3501 ut
352 3470 438 3510 prius
463 3470 502 3500 ad
525 3470 692 3511 posterius,
712 3470 906 3501 assumendo
922 3471 1012 3512 quod
1026 3471 1057 3501 in
1075 3481 1114 3502 eo
1131 3481 1197 3502 non
1214 3478 1260 3503 est
1275 3471 1367 3508 ordo,

297 3514 376 3545 nihil
400 3514 486 3545 aliud
510 3522 555 3545 est
579 3525 677 3556 quam
701 3525 861 3546 assumere
885 3515 974 3557 quod
1000 3516 1087 3546 Deus
1111 3525 1178 3546 non
1201 3515 1296 3551 habet
1318 3524 1368 3546 or-

298 3558 406 3589 dinem
430 3558 545 3589 realem
562 3560 601 3590 ad
618 3566 805 3590 creaturam:
831 3559 892 3590 hoc
912 3566 1020 3590 autem
1040 3567 1104 3591 erat
1119 3560 1333 3600 probandum.
1347 3577 1369 3584 —

298 3603 445 3634 Secundo
461 3610 578 3643 peccat,
595 3610 631 3634 ut
647 3604 730 3640 dicit,
748 3604 925 3635 secundum
941 3604 1105 3644 sophisma
1122 3603 1367 3646 Consequentia.

299 3647 384 3685 Quia
414 3647 539 3688 negatio
568 3648 687 3679 ordinis
711 3658 777 3679 non
801 3648 894 3680 infert
918 3648 1121 3690 negationem
1151 3648 1312 3680 relationis
1334 3648 1367 3679 in

980 278 1249 325 QUAESTIO
1281 278 1388 326 XIII,
1418 279 1717 318 ARTICULUS
1746 281 1815 318 VII

1425 358 1608 388 communi:
1634 359 1789 399 quoniam
1812 370 1878 390 non
1903 359 2106 400 negationem
2131 359 2323 391 relationum
2346 361 2498 402 aequipa-

1424 402 1552 433 rantiae.
1573 403 1614 434 Et
1628 409 1734 434 tamen
1750 404 1861 440 littera,
1875 414 1912 435 ex
1929 404 2097 444 negatione
2111 404 2241 441 ordinis,
2258 411 2352 445 negat
2366 415 2499 436 omnem

1423 447 1541 477 realem
1563 447 1761 479 relationem.
2031 474 2034 477 .

1477 491 1638 522 Aureolus
1657 502 1799 534 quoque,
1824 500 1860 524 ut
1883 493 1980 524 habes
2003 493 2036 523 in
2059 503 2119 523 xxx
2135 493 2349 524 Distinctione
2366 494 2464 525 Primi
2479 493 2499 513 θ

1423 534 1456 569 in
1482 535 1657 575 CapreoIo,
1687 544 1797 568 contra
1824 537 1905 568 hanc
1933 537 2090 569 rationem
2117 537 2222 568 instat.
2253 537 2315 568 Sed
2343 538 2499 579 quoniam

1423 580 1559 611 assumit
1573 581 1622 611 vel
1638 581 1760 612 motiva
1778 582 1883 613 soluta
1898 592 1917 612 a
1935 593 1960 613 s.
1974 582 2104 613 Thoma
2121 591 2275 622 expresse,
2291 582 2343 613 vel
2366 582 2500 614 assumit

1424 623 1511 654 aliud
1530 625 1569 655 ab
1592 625 1651 656 hac
1674 626 1796 657 ratione
1819 626 1893 657 loco
1917 626 2012 664 illius,
2036 627 2109 657 ideo
2133 626 2310 657 omittenda
2333 627 2452 658 censui.

1483 669 1567 700 XVI.
1587 670 1640 700 Ad
1662 670 1786 701 obiecta
1809 681 1884 711 ergo
1908 671 1994 702 Scoti
2019 671 2142 708 dicitur,
2160 672 2249 712 quod
2268 671 2301 701 in
2320 671 2498 714 aequivoco

1422 712 1616 745 laboramus.
1642 714 1678 745 In
1701 714 1803 746 littera
1826 715 1912 746 enim
1936 722 1983 746 est
2006 726 2122 752 sermo,
2147 725 2213 746 non
2237 716 2276 746 de
2300 715 2412 746 ordine
2435 715 2499 746 for-

1424 757 1563 795 maliter,
1593 758 1650 799 qui
1673 765 1721 790 est
1743 759 1874 797 relatio,
1904 760 1959 790 sed
1983 760 2022 791 de
2046 760 2157 791 ordine
2177 760 2500 801 fundamentaliter:

1423 801 1466 832 ita
1489 802 1580 842 quod
1602 812 1670 833 esse
1695 803 1839 834 eiusdem
1862 804 1982 835 ordinis
2005 804 2085 835 nihil
2109 804 2195 835 aliud
2219 811 2283 841 est,
2308 815 2407 846 quam
2431 815 2498 836 esse

1424 845 1568 876 eiusdem
1597 847 1728 878 rationis
1759 848 1875 890 quoad
1897 858 2027 879 causam
2055 849 2237 886 relationis;
2270 856 2300 880 et
2331 859 2399 880 esse
2431 859 2498 880 non

1424 889 1568 921 eiusdem
1591 891 1726 928 ordinis,
1752 899 1798 923 est
1822 902 1889 923 esse
1913 893 2040 924 alterius
2064 893 2205 924 rationis.
2237 894 2282 925 Ita
2305 894 2395 935 quod
2417 893 2499 925 inter

1423 944 1460 964 ea
1483 934 1552 965 sola
1575 942 1622 966 est
1645 935 1756 967 relatio
1787 937 1879 967 realis
1902 937 2051 979 utrinque
2065 961 2072 974 ‚
2105 937 2140 968 in
2167 937 2284 979 quibus
2316 945 2363 970 est
2385 939 2498 969 eadem

1424 988 1519 1009 causa
1542 979 1697 1010 referendi
1721 990 1825 1011 unum
1847 981 1888 1011 ad
1910 981 2009 1013 aliud.
2040 982 2103 1013 Sed
2125 982 2188 1013 hoc
2211 982 2366 1024 contingit
2388 983 2498 1014 multis

1424 1023 1547 1054 modis:
1572 1023 1649 1065 quia
1671 1023 1705 1054 in
1728 1024 1864 1055 relativis
1887 1025 1983 1065 primi
2006 1026 2106 1063 modi,
2131 1026 2249 1058 scilicet
2271 1027 2499 1067 pertinentium

1423 1068 1464 1098 ad
1482 1069 1702 1109 quantitatem,
1723 1075 1771 1100 est
1793 1069 1939 1100 identitas
1958 1069 2103 1111 specifica
2121 1070 2154 1101 in
2173 1080 2284 1108 causa;
2308 1071 2341 1102 in
2360 1072 2498 1103 relativis

1423 1119 1531 1143 autem
1554 1113 1686 1144 secundi
1710 1113 1810 1150 modi,
1835 1113 1953 1145 scilicet
1975 1114 2202 1155 pertinentium
2225 1116 2266 1146 ad
2284 1116 2444 1147 actionem
2468 1123 2498 1148 et

1422 1157 1615 1198 passionem,
1640 1164 1687 1189 est
1709 1157 1855 1189 identitas
1879 1158 1971 1199 quasi
1993 1158 2149 1199 specifica,
2169 1169 2224 1190 seu
2249 1159 2401 1197 formalis,
2421 1161 2498 1202 quia

1423 1202 1572 1243 utrinque
1596 1212 1691 1233 causa
1719 1210 1766 1234 est
1789 1202 1940 1244 perfectio
1963 1203 2107 1244 propi-Ia,
2133 1203 2279 1244 quamvis
2301 1204 2335 1235 in
2358 1205 2497 1245 patiente

1422 1253 1459 1278 ut
1481 1247 1647 1284 habeatur,
1673 1254 1704 1278 et
1725 1247 1757 1278 in
1782 1254 1894 1288 agente
1917 1254 1954 1278 ut
1981 1255 2194 1284 conservetur,
2222 1254 2259 1279 ut
2280 1250 2436 1280 Averroes
2458 1250 2498 1280 de

1421 1291 1645 1332 intelligentiis,
1665 1291 1723 1323 XII
1739 1293 1937 1333 Metaphys„
1962 1302 2080 1323 comm.
2101 1303 2202 1329 xxxvr,
2222 1292 2342 1324 docuit.
2367 1293 2403 1324 In
2418 1293 2498 1324 rela-

1422 1336 1493 1367 tivis
1516 1343 1625 1367 autem
1648 1336 1730 1367 tertii
1754 1337 1854 1374 modi,
1879 1336 1998 1368 scilicet
2021 1337 2234 1377 spectantium
2253 1337 2294 1368 ad
2313 1347 2498 1369 mensuram

1422 1387 1453 1412 et
1475 1387 1712 1418 mensuratum,
1746 1381 1779 1412 in
1803 1381 1902 1412 altero
1927 1387 2067 1412 extremo
2091 1381 2179 1412 nulla
2203 1391 2298 1413 causa
2320 1388 2368 1414 est
2389 1381 2498 1414 referi—

1421 1425 1549 1457 bilitatis
1569 1435 1644 1456 suae
1663 1426 1704 1456 ad
1722 1425 1827 1456 aliud:
1853 1432 1883 1457 ει
1906 1433 2074 1467 propterea
2098 1426 2225 1457 alterius
2244 1426 2365 1457 ordinis
2383 1426 2498 1458 dicitur

1421 1470 1530 1512 quoad
1554 1480 1683 1501 causam
1706 1469 1877 1501 relationis.

1477 1515 1570 1546 Unde
1593 1521 1680 1555 patet
1701 1515 1791 1556 quod
1814 1524 1881 1546 non
1905 1514 1984 1555 petit
2005 1514 2210 1556 principium.
2239 1516 2314 1546 Non
2339 1522 2386 1547 est
2410 1515 2498 1546 enim

2525 497 2537 509 ⁴
2551 497 2638 520 coum
2657 504 2716 521 ooa-

2526 524 2585 546 clus.
2599 531 2621 554 3.

1421 1559 1507 1590 idem
1523 1559 1637 1596 dicere,
1655 1560 1688 1590 in
1704 1560 1775 1590 Deo
1792 1559 1884 1590 nulla
1900 1565 1948 1590 est
1965 1569 2066 1591 causa
2090 1565 2126 1591 ut
2149 1559 2316 1602 referatur
2339 1560 2383 1592 ad
2405 1570 2497 1592 crea·
2551 1564 2554 1566 ’

1421 1609 1543 1642 turam,
1562 1605 1710 1645 quamvis
1734 1605 1766 1634 in
1790 1609 1944 1635 creatura
1959 1605 2002 1635 sit
2018 1614 2117 1635 causa
2141 1604 2307 1645 referendi
2325 1605 2427 1646 ipsam
2450 1605 2495 1636 ad

1420 1647 1541 1686 Deum,
1560 1655 1592 1679 et
1615 1648 1728 1685 dicere,
1746 1649 1777 1679 in
1794 1649 1864 1679 Deo
1888 1658 1952 1679 non
1976 1654 2023 1680 est
2038 1649 2118 1680 ordo
2135 1649 2235 1680 realis
2249 1649 2293 1680 ad
2307 1654 2497 1680 creaturas:

1421 1693 1476 1724 sed
1499 1693 1580 1724 illud
1603 1699 1650 1724 est
1673 1702 1768 1724 causa
1791 1692 1898 1724 huius.
1922 1693 1964 1724 Et
1986 1699 2154 1734 propterea
2176 1700 2344 1734 processus
2367 1693 2426 1725 iste
2450 1699 2498 1725 est

1422 1748 1439 1768 a
1463 1747 1557 1769 causa
1580 1738 1620 1768 ad
1644 1737 1801 1768 effectum.
1819 1755 1838 1760 —
1854 1737 1921 1768 Nec
1943 1744 2053 1778 peccat
2075 1737 2255 1769 secundum
2283 1747 2493 1779 consequens.

1421 1782 1507 1820 Quia
1529 1792 1597 1813 non
1619 1782 1764 1823 loquitur
1786 1781 1826 1812 de
1849 1781 1961 1812 ordine
1979 1781 2170 1819 formaliter,
2194 1782 2250 1813 sed
2273 1781 2496 1814 fundamenta-

1421 1826 1499 1863 liter,
1520 1836 1619 1868 quem
1642 1826 1738 1858 etiam
1761 1826 1794 1856 in
1818 1825 1954 1857 relativis
1978 1825 2234 1867 aequiparandae
2257 1833 2386 1868 oportet
2410 1835 2494 1858 esse:

1421 1872 1488 1902 duo
1512 1870 1599 1902 enim
1629 1871 1700 1902 alba
1727 1870 1872 1901 eiusdem
1904 1870 2036 1901 rationis
2065 1877 2158 1907 sunt,
2183 1877 2214 1902 et
2236 1871 2439 1912 simpliciter,
2464 1877 2496 1903 et

1421 1915 1529 1957 quoad
1546 1915 1609 1946 hoc
1633 1921 1669 1946 ut
1692 1921 1822 1946 causent
1837 1915 1876 1945 ad
1893 1924 1926 1945 se
1941 1914 2078 1946 invicem
2101 1922 2278 1956 respectus;
2302 1915 2366 1947 hoc
2387 1921 2497 1948 autem

1421 1967 1468 1991 est
1491 1970 1558 1990 esse
1581 1959 1726 1990 eiusdem
1749 1958 1870 1990 ordinis
1885 1958 1912 1990 *.

1474 2004 1573 2036 XVII.
1595 2004 1713 2042 Quoad
1734 2005 1880 2045 quintum
1896 2003 1923 2040 *,
1949 2004 2075 2035 adverte
2091 2004 2180 2045 quod
2196 2003 2316 2036 intenta
2331 2003 2497 2036 conclusio
2523 2017 2534 2027 ·

1421 2059 1458 2080 ex
1482 2049 1610 2080 duobus
1633 2048 1780 2089 impediri
1803 2054 1920 2089 posset.
1945 2048 2063 2085 Primo,
2088 2058 2126 2079 ex
2144 2048 2223 2089 ipso-
2237 2047 2413 2089 significato
2433 2048 2498 2081 fon-

1421 2093 1498 2124 mali
1525 2093 1645 2124 horum
1677 2093 1868 2129 nominum,
1899 2092 2037 2129 scilicet,
2069 2092 2095 2124 si
2127 2091 2339 2134 significarent
2368 2093 2402 2124 in
2425 2093 2496 2125 Deo

1421 2138 1562 2179 aliquam
1578 2147 1646 2168 rem
1662 2144 1810 2169 naturae:
1836 2137 1911 2178 quia
1934 2137 1967 2168 in
1987 2137 2057 2168 Deo
2074 2137 2163 2169 nulla
2178 2147 2227 2168 res
2243 2144 2374 2170 naturae
2389 2143 2496 2179 potest

1421 2181 1639 2223 temporaliter
1661 2181 1750 2222 poni.
1776 2181 1935 2218 Secundo,
1956 2191 1993 2212 ex
2012 2182 2223 2214 fundamento
2246 2182 2331 2214 illius
2354 2182 2495 2214 rationis.

1421 2227 1505 2257 Dato
1529 2226 1615 2257 enim
1638 2226 1729 2267 quod
1751 2226 1912 2257 Dominus
1935 2235 2001 2256 non
2017 2233 2117 2266 ponat
2140 2236 2235 2267 supra
2250 2227 2356 2258 Deum
2374 2226 2434 2258 nisi
2449 2235 2496 2258 re-

1420 2270 1574 2302 lationem
1597 2269 1738 2306 rationis,
1763 2276 1794 2301 et
1817 2279 1854 2300 ex
1877 2269 1939 2301 hoc
1955 2279 2022 2301 non
2041 2270 2248 2311 prohibeatur
2261 2270 2494 2312 temporalitas;

1421 2315 1447 2346 si
1466 2322 1574 2346 tamen
1597 2314 1656 2345 ista
1678 2314 1790 2345 relatio
1814 2313 1945 2345 rationis
1968 2324 2035 2345 non
2059 2322 2168 2355 posset
2191 2314 2397 2346 denominare
2415 2321 2497 2346 tem-

1421 2359 1579 2400 poraliter,
1605 2358 1663 2390 nisi
1688 2365 1818 2399 propter
1841 2358 2055 2390 mutationem
2080 2359 2222 2400 aliquam
2245 2359 2278 2390 in
2301 2359 2374 2400 ipso
2396 2360 2497 2391 deno-

1421 2403 1574 2441 minabili,
1594 2410 1757 2445 oporteret
1775 2402 1878 2434 dicere
1901 2403 1991 2444 quod
2015 2403 2142 2434 nullum
2165 2403 2352 2435 huiusmodi
2375 2413 2497 2435 nomen

1421 2455 1527 2490 potest
1550 2447 1612 2479 dici
1643 2448 1681 2478 de
1712 2448 1782 2478 Deo
1814 2457 1850 2478 ex
1879 2454 2040 2489 tempore:
2072 2447 2228 2489 quoniam
2258 2448 2291 2479 in
2314 2449 2384 2479 Deo
2408 2448 2497 2480 nulla

1421 2492 1582 2534 possibilis
1606 2498 1653 2523 est
1675 2492 1831 2528 mutatio,
1862 2492 1917 2522 sed
1946 2499 1992 2524 est
2021 2492 2156 2523 omnino
2185 2492 2379 2529 immobilia,
2403 2499 2440 2524 ut
2462 2492 2495 2524 in

1421 2547 1476 2579 qu.
1487 2547 1518 2568 tx
1533 2537 1655 2568 dictum
1671 2543 1727 2568 est.
1748 2536 1832 2574 Quia
1848 2536 1943 2577 igitur
1957 2537 2059 2568 littera
2074 2537 2132 2568 ista
2147 2537 2212 2568 iam
2227 2537 2496 2578 impedimentum

1421 2592 1458 2613 ex
1481 2581 1609 2612 formali
1631 2580 1808 2622 significato
1832 2581 2022 2618 excluserat;
2057 2588 2092 2613 ut
2116 2580 2336 2613 confirmatam
2366 2581 2496 2613 conclu-

1422 2626 1521 2657 sionis
1544 2625 1767 2667 probationem
1791 2625 1922 2662 afferret,
1947 2626 2127 2657 secundum
2149 2626 2419 2667 impedimentum
2441 2635 2494 2658 ex-

1422 2671 1532 2707 clusit,
1557 2670 1715 2711 praefatae
1739 2670 1910 2702 obiectioni
1934 2670 2026 2702 tacite
2050 2670 2291 2712 respondendo,
2317 2670 2396 2702 dum
2419 2670 2498 2702 dixit

1421 2715 1511 2757 quod
1534 2715 1622 2746 Deus
1646 2714 1761 2746 dicitur
1785 2725 1821 2746 ex
1845 2721 1990 2755 tempore
2013 2715 2185 2754 Dominus,
2201 2715 2288 2746 verbi
2305 2714 2412 2756 gratia,
2429 2724 2495 2746 non

1421 2766 1552 2801 propter
1570 2759 1784 2790 mutationem
1805 2759 1946 2800 aliquam
1966 2759 1998 2790 in
2018 2759 2100 2801 ipso,
2117 2760 2173 2791 sed
2191 2759 2224 2791 in
2244 2766 2394 2791 creatura.
2418 2760 2496 2791 Pro-

1421 2805 1538 2846 batque
1562 2803 1624 2835 hoc
1649 2813 1685 2834 ex
1708 2803 1814 2835 simili.

1478 2848 1592 2880 XVIII.
1610 2848 1645 2879 In
1661 2848 1870 2888 responsione
1894 2849 1933 2879 ad
1953 2855 2114 2890 quartum,
2133 2848 2355 2890 perspicaciter
2370 2848 2495 2880 adverte

1421 2893 1511 2935 quod
1528 2892 1750 2924 coi-relativum
1774 2892 1855 2923 tertii
1880 2893 1979 2930 modi,
2003 2900 2040 2924 ut
2063 2892 2179 2930 scibile,
2204 2903 2260 2924 seu
2276 2893 2310 2923 in
2325 2892 2494 2934 proposito

1420 2939 1592 2976 Dominus,
1619 2944 1650 2969 et
1672 2937 1796 2974 similia,
1821 2945 1957 2978 possunt
1980 2937 2111 2969 iudicari
2135 2946 2202 2968 esse
2226 2937 2404 2968 secundum
2427 2936 2494 2968 duo

1422 2982 1502 3014 entis
1526 2990 1656 3023 genera:
1681 2981 1796 3023 primo,
1821 2981 1854 3012 in
1878 2991 1991 3022 genere
2015 2981 2096 3013 entis
2116 2981 2316 3022 simpliciter;
2341 2981 2494 3018 secundo,

1421 3027 1455 3058 in
1473 3036 1588 3068 genere
1608 3026 1688 3058 entis
1711 3026 1890 3057 secundum
1913 3026 2001 3067 quid,
2025 3026 2106 3057 idest
2129 3025 2209 3057 entis
2230 3025 2370 3057 rationis.
2395 3025 2495 3057 Silo·

1422 3081 1561 3113 quamur
1585 3071 1625 3102 de
1648 3070 1692 3102 eis
1714 3071 1890 3102 secundum
1915 3080 1984 3102 esse
2008 3071 2208 3112 simpliciter,
2233 3077 2310 3101 tunc
2334 3070 2403 3111 ipsa
2425 3079 2492 3101 non

1422 3115 1483 3146 alia
1499 3115 1620 3147 ratione
1645 3121 1728 3152 sunt,
1745 3115 1805 3146 nisi
1824 3115 1900 3156 quia
1923 3115 2085 3157 comparia
2099 3124 2166 3151 sua,
2186 3124 2269 3156 quae
2286 3114 2496 3146 terminantur

1422 3160 1463 3191 ad
1485 3160 1554 3200 ipsa
1583 3159 1776 3196 formaliter,
1808 3166 1883 3191 sunt
1912 3160 1946 3190 in
1976 3169 2083 3192 rerum
2105 3165 2236 3190 natura:
2269 3159 2312 3190 ita
2342 3159 2431 3201 quod
2455 3159 2496 3190 ad

1422 3214 1537 3235 eorum
1557 3214 1624 3235 esse
1642 3210 1727 3235 extra
1746 3203 1887 3235 animam
1910 3203 1973 3235 hoc
1996 3202 2127 3240 sufficit;
2152 3210 2227 3234 sunt
2243 3203 2329 3235 enim
2345 3209 2494 3235 contenta

1423 3249 1484 3280 hoc
1504 3248 1700 3279 debilissimo
1721 3248 1844 3279 essendi
1864 3248 1975 3280 modo.
2000 3248 2041 3279 Et
2064 3247 2108 3279 sic
2127 3257 2194 3279 esse
2218 3248 2398 3279 Dominum
2413 3247 2494 3279 nihil

1422 3293 1514 3334 ponit
1537 3293 1570 3324 in
1593 3293 1679 3329 Deo,
1704 3293 1828 3324 secluso
1853 3292 1943 3324 omni
1965 3291 2136 3329 intellectu,
2161 3292 2221 3323 nisi
2244 3292 2412 3324 terminare
2431 3291 2495 3323 for-

1423 3337 1546 3368 maliter
1561 3337 1747 3369 relationem
1767 3337 1857 3374 servi,
1874 3346 1973 3379 quam
1991 3336 2079 3367 Deus
2098 3337 2277 3368 secundum
2295 3346 2328 3368 se
2347 3335 2495 3368 terminat

1422 3382 1603 3419 subiective,
1627 3381 1709 3413 idest
1732 3388 1768 3413 ut
1790 3381 1882 3423 quasi
1904 3380 2083 3412 subiectum
2106 3381 2232 3422 termini
2256 3380 2407 3413 formalis.
2432 3380 2493 3412 Sed

1423 3427 1524 3467 ponit,
1549 3427 1599 3457 vel
1623 3426 1786 3467 supponit,
1811 3426 1891 3456 bene
1913 3424 2032 3466 aliquid
2056 3425 2088 3456 in
2113 3433 2262 3463 creatura,
2280 3425 2398 3457 scilicet
2415 3424 2495 3456 rela-

1422 3470 1544 3502 tionem
1569 3470 1726 3501 servitutis
1749 3470 1790 3500 ad
1812 3470 1919 3500 Deum
1943 3476 1978 3500 ut
2001 3469 2180 3501 subiectum
2203 3477 2262 3502 etc.
2291 3470 2359 3501 Nec
2385 3469 2493 3510 ipsum

1422 3514 1589 3546 terminare
1605 3514 1778 3545 formaliter
1794 3513 1951 3544 servitutis
1967 3514 2162 3552 relationem,
2179 3514 2252 3556 plus
2267 3512 2388 3555 aliquid
2401 3512 2494 3554 ponit

1423 3569 1522 3600 quam
1538 3558 1578 3590 sit
1593 3568 1661 3589 esse
1679 3557 1779 3598 ipsius
1798 3557 1974 3589 terminati:
2000 3558 2071 3590 licet
2090 3558 2152 3590 alio
2172 3558 2273 3590 modo
2289 3557 2369 3589 illud
2384 3563 2492 3598 ponat.

1423 3603 1463 3634 Et
1486 3603 1664 3634 secundum
1686 3602 1767 3639 hoc,
1792 3602 1880 3633 Deus
1904 3609 1951 3634 est
1973 3603 2132 3634 Dominus
2161 3603 2200 3634 de
2223 3611 2330 3639 novo,
2363 3607 2395 3633 et
2426 3600 2493 3632 sine

1423 3647 1514 3678 omni
1536 3647 1706 3683 intellectu,
1734 3646 1802 3677 sola
1826 3646 1973 3678 servitute
1997 3654 2172 3679 creaturae:
2197 3646 2273 3688 quia
2295 3654 2362 3678 esse
2380 3644 2493 3677 Domi-
