2768 4178
43 676 53 686 ·
68 674 136 697 Vers-
150 680 172 696 2.

42 998 213 1027 ‘luem-pore.

34 2506 50 2519 ³
63 2505 99 2529 Cf.
114 2511 180 2528 num.
194 2511 244 2534 seq.

35 2594 48 2605 ⁴
63 2592 170 2616 OEnum.
183 2600 206 2616 v.

943 221 1210 267 QUAESTIO
1239 223 1414 270 XLVIII,
1443 225 1739 263 ARTICULUS
1769 227 1820 263 IV

285 299 517 337 diminuetur
550 297 724 335 habilitas
762 297 858 333 aeris
886 297 935 334 ad
968 298 1118 335 lumen:
1154 311 1351 348 nunquam

284 360 414 389 tamen
433 351 596 389 totaliter
614 350 766 397 tollitur,
787 357 964 386 manente
985 363 1072 387 aere
1087 350 1112 397 ἕ,
1134 352 1198 399 qui
1218 364 1351 388 secun-

286 406 379 443 dum
412 412 588 442 naturam
621 415 731 440 suam
761 410 816 439 est
845 402 1068 450 diaphanus.
1106 404 1284 441 Similiter
1313 405 1351 441 in

284 458 475 495 infinitum
503 463 629 506 potest
646 455 728 493 fieri
749 455 891 492 additio
912 455 950 492 in
969 456 1145 504 peccatis,
1166 469 1234 505 per
1253 469 1351 504 quae

284 523 438 560 semper
460 510 581 558 magis
601 521 646 546 ac
663 508 784 556 magis
803 508 984 545 minuitur
1001 508 1172 545 habilitas
1201 509 1351 546 animae

285 565 334 601 ad
361 564 536 612 gratiam:
567 574 666 611 quae
695 561 851 610 quidem
875 569 1031 610 peccata
1051 569 1138 598 sunt
1156 562 1263 610 quasi
1284 563 1351 599 ob—

284 618 428 654 stacula
454 615 675 664 interposita
702 614 798 651 inter
817 626 888 650 nos
909 622 945 650 et
968 615 1107 660 Deum,
1138 615 1350 652 secundum

283 670 376 707 illud
396 669 515 707 Isaiae
542 680 602 705 ux
621 667 662 704 *t
689 669 849 704 Peccata
869 672 997 704 nostra
1025 667 1232 704 diviserunt
1256 669 1352 705 inter

285 735 353 760 nos
379 728 417 759 et
439 723 577 760 Deum.
611 721 750 769 Neque
778 727 908 756 tamen
942 720 1081 756 tollitur
1108 721 1270 757 totaliter
1302 722 1350 758 ab

284 775 413 813 anima
444 774 639 824 praedicta
675 772 866 810 habilitas:
897 773 986 821 quia
1015 773 1259 822 consequitur
1286 787 1351 811 na-

284 836 408 866 turam
435 828 565 877 ipsius.

336 883 395 918 Αι)
424 892 562 918 ptumum
590 891 689 917 ano
719 891 904 917 mcaNDUM
933 878 1039 927 quod
1067 878 1215 915 bonum
1244 880 1350 926 quod

252 919 255 922 Δ
283 934 490 984 opponitur
516 934 641 980 malo,
670 933 833 970 totaliter
858 931 1018 969 tollitur:
1052 932 1120 968 sed
1149 931 1221 968 alia
1249 933 1350 969 bona

282 999 361 1024 non
381 987 544 1024 totaliter
571 987 763 1033 tolluntur,
787 993 829 1022 ut
858 985 1000 1022 dictum
1031 992 1086 1021 est
1103 984 1134 1021 ²¹³.

335 1042 395 1078 An
424 1052 616 1078 SECUNDUM
643 1051 829 1077 mCENDUM
866 1038 972 1086 quod
1001 1037 1175 1074 habilitas
1202 1038 1350 1086 praedi-

283 1101 342 1132 cta
370 1101 426 1131 est
453 1093 582 1130 media
601 1101 617 1125 η
646 1092 742 1130 inter
770 1091 984 1129 subiectum
1013 1098 1050 1127 et
1069 1098 1208 1127 actum.
1238 1091 1350 1128 Unde

283 1159 328 1184 ex
357 1159 402 1184 ea
430 1154 536 1196 parte
566 1158 642 1195 qua
676 1145 820 1193 attingit
851 1153 996 1191 actum,
1033 1144 1255 1181 diminuitur
1282 1156 1351 1192 per

282 1201 449 1238 malum:
480 1199 548 1236 sed
577 1211 622 1236 ex
651 1211 696 1236 ea
714 1206 820 1247 parte
840 1210 917 1247 qua
935 1205 1038 1234 tenet
1057 1209 1097 1234 se
1118 1209 1206 1234 cum
1226 1197 1349 1234 subie-

281 1261 356 1301 ct0,
376 1260 558 1290 remanet.
589 1253 704 1300 Ergo,
734 1251 820 1291 licet
848 1252 996 1288 bonum
1015 1250 1054 1287 in
1073 1262 1114 1287 se
1143 1250 1189 1287 sit
1217 1250 1350 1297 simile,

332 1392 358 1426 ζ)
374 1392 493 1418 totaliter
507 1392 618 1422 tollitur,
632 1394 755 1417 manente
769 1398 840 1416 aere.
857 1405 876 1411 -
894 1395 1018 1416 manente
1037 1397 1100 1415 aere
1112 1390 1216 1415 tollitur
1228 1391 1348 1416 totaliter

279 1428 347 1458 Pam·
365 1436 413 1461 pro
428 1428 539 1457 tollitur,
553 1428 662 1453 tolletur
675 1427 776 1458 DEFG,
790 1428 928 1452 tolleretur
941 1427 970 1451 B.
988 1440 1008 1447 -
1026 1426 1077 1450 Pro
1092 1426 1139 1458 qui
1188 1426 1346 1458 diaphanus,

278 1464 351 1498 quod
369 1463 426 1497 (qui
443 1463 512 1497 BsF)
562 1463 726 1496 diaphanum
745 1462 856 1488 codices.

2389 230 2465 278 495

1406 308 1546 349 tamen,
1574 310 1730 352 propter
1759 305 2082 352 comparationem
2117 306 2197 343 eius
2226 307 2275 344 ad
2304 307 2466 355 diversa,

1407 366 1485 390 non
1513 355 1674 392 totaliter
1701 356 1851 398 tollitur,
1881 358 1948 394 sed
1977 358 2014 394 in
2041 367 2159 407 parte.

1459 409 1518 443 An
1546 419 1705 446 TERTmM
1733 421 1916 447 DlCENDUM
1944 411 2048 459 quod
2068 412 2233 459 quidam,
2259 412 2467 460 imaginan-

1406 466 1461 496 tes
1482 460 1774 498 diminutionem
1802 462 1893 499 boni
1913 464 2094 511 praedicti
2113 465 2161 501 ad
2182 465 2465 502 similitudinem

1407 511 1665 550 diminutionis
1686 514 1909 562 quantitatiS,
1932 515 2103 553 dixerunt
2121 518 2238 565 quod,
2261 518 2355 554 sicut
2375 530 2466 554 con-

1405 564 1553 602 tinuum
1569 566 1746 603 dividitur
1759 567 1798 604 in
1812 567 2012 614 infinitum,
2025 570 2120 606 facta
2132 570 2317 607 divisione
2333 583 2465 608 secun-

1407 617 1499 653 dum
1520 618 1682 655 eandem
1702 620 1990 668 proportionem
2007 624 2061 668 (ut
2078 630 2169 671 puta
2184 623 2288 670 quod
2307 623 2464 672 accipia-

1405 677 1465 706 tur
1484 670 1654 708 medium
1674 673 1801 719 medii,
1817 674 1879 710 vel
1894 674 2044 711 tertium
2059 676 2181 722 tertii),
2197 676 2249 712 sic
2268 676 2306 712 in
2323 688 2464 725 propo-

1405 722 1475 759 sito
1492 723 1635 761 accidit.
1656 745 1679 751 -
1701 725 1777 762 Sed
1792 727 1886 763 haec
1906 727 1998 763 ratio
2014 727 2074 764 hic
2093 729 2220 765 locum
2240 741 2318 766 non
2336 730 2462 766 habet.

1406 775 1504 822 Quia
1523 776 1561 812 in
1582 777 1765 814 divisione
1784 778 1822 815 in
1841 791 1917 826 qua
1936 792 2087 828 semper
2101 779 2113 801 ⁰
2133 789 2304 818 servatur
2327 782 2462 819 eadem

1405 829 1612 877 proportio,
1630 842 1782 878 semper
1800 832 2029 869 subtrahitur
2043 833 2168 870 minus
2184 842 2220 870 et
2234 834 2375 871 minus:
2392 834 2461 871 mi-

1406 893 1476 918 nus
1497 882 1597 918 enim
1618 891 1674 919 est
1692 884 1863 920 medium
1883 885 1998 922 medii
2014 898 2130 934 quam
2146 886 2317 924 medium
2336 887 2460 924 totius.

1406 934 1483 970 Sed
1499 937 1709 972 secundum
1725 945 1925 984 peccatum
1945 951 2023 975 non
2039 939 2085 975 de
2100 939 2320 976 necessitate
2335 940 2462 977 minus

1406 986 1579 1024 diminuit
1594 988 1640 1025 de
1655 989 1844 1026 habilitate
1861 991 2063 1039 praedicta,
2077 1004 2192 1039 quam
2211 992 2459 1041 praecedens:

1405 1040 1472 1076 sed
1491 1040 1584 1077 forte
1605 1049 1669 1078 aut
1683 1043 1898 1090 aequaliter,
1915 1052 1979 1080 aut
1992 1044 2123 1092 magis.
2135 1066 2158 1072 -
2175 1045 2389 1082 Dicendum
2406 1053 2462 1082 est

1406 1104 1493 1140 ergo
1514 1094 1630 1142 quod,
1651 1094 1736 1131 licet
1749 1095 1818 1141 ista
1837 1096 2007 1133 habilitas
2023 1097 2068 1133 sit
2086 1097 2282 1145 quoddam
2297 1098 2458 1145 finitum,

1406 1145 1624 1183 diminuitur
1642 1155 1771 1184 tamen
1785 1148 1823 1184 in
1842 1149 2041 1196 infinitum,
2058 1162 2136 1186 non
2155 1163 2223 1199 per
2241 1163 2293 1197 se,
2310 1151 2377 1187 sed
2391 1153 2475 1199 per'

1406 1198 1591 1245 accidens,
1613 1201 1824 1237 secundum
1844 1202 1948 1250 quod
1969 1202 2175 1239 contrariae
2196 1203 2459 1252 dispositiones

1407 1251 1518 1287 etiam
1538 1258 1546 1272 ¹
1564 1252 1602 1288 in
1621 1252 1810 1290 infinitum
1830 1262 2023 1302 augentur,
2043 1263 2084 1292 ut
2103 1255 2244 1292 dictum
2265 1264 2319 1293 est
2337 1255 2368 1293 ²⁸.

1455 1392 1481 1423 η)
1502 1392 1598 1416 media.
1616 1405 1634 1410 -
1653 1393 1767 1417 medium
1786 1393 1896 1418 codices.

1455 1425 1479 1458 θ)
1498 1434 1609 1459 semper.
1628 1441 1647 1446 —
1665 1428 1727 1452 Om.
1747 1428 1808 1453 Pab.

1457 1462 1475 1495 ι)
1494 1463 1583 1487 etiam.
1602 1477 1622 1481 —
1640 1463 1701 1488 Om.
1720 1463 1830 1489 codices.

954 1560 1290 1593 Commentario,
1312 1558 1563 1592 cardinalis
1586 1559 1785 1592 Caietam

309 1670 330 1691 n
352 1658 457 1695 titulo,
481 1667 689 1698 corrumpere
707 1657 844 1688 sumitur
862 1656 1044 1688 formaliter.
1070 1657 1183 1687 Totum
1202 1666 1278 1687 vero
1297 1656 1349 1687 boza

282 1672 387 1735 Inum
411 1703 548 1734 sumitur
563 1712 622 1744 pro
643 1708 713 1733 toto
736 1701 889 1742 integrali,
914 1702 965 1732 vel
988 1701 1077 1742 quasi
1099 1700 1252 1741 integrali,
1269 1700 1349 1731 circa

278 1748 368 1791 quod
391 1747 514 1778 malum
537 1746 678 1787 ponitur.
702 1746 748 1777 Ita
763 1747 851 1787 quod
875 1756 985 1777 sensus
1005 1753 1067 1777 est:
1093 1745 1210 1776 Utrum
1226 1745 1348 1775 malum

278 1793 423 1835 positum
445 1792 478 1822 in
502 1791 611 1832 aliquo
625 1814 633 1827 ,
665 1790 786 1821 auferat
813 1790 987 1821 formaliter
1014 1789 1172 1831 quidquid
1199 1789 1348 1821 bonitatis

277 1837 438 1870 invenitur
459 1836 494 1866 in
516 1835 583 1866 illo.

337 1882 375 1912 11.
401 1881 437 1911 In
465 1889 597 1920 corpore
621 1878 715 1910 unica
746 1886 792 1910 est
814 1877 1001 1922 {principalis
1026 1877 1208 1914 conclusio,
1234 1878 1349 1909 directe

278 1925 463 1967 responsiva
486 1924 631 1965 quaesito
655 1923 817 1964 negative:
847 1923 971 1954 Malum
995 1933 1062 1953 non
1085 1929 1190 1963 potest
1212 1922 1350 1953 totaliter

279 1979 466 2002 consumere
481 1969 616 2000 bonum.
631 1985 652 1992 -
667 1968 759 1999 Hanc
782 1975 890 1999 autem
914 1966 1155 1998 conclusionem
1170 1966 1350 1997 manifestat

277 2024 343 2046 una
359 2013 559 2044 distinctione
578 2012 764 2049 trimembri,
789 2012 943 2043 adiunctis
960 2011 1091 2052 singulis
1107 2011 1258 2041 membris
1274 2021 1349 2042 con-

278 2058 474 2090 clusionibus
497 2057 694 2097 specialibus.

339 2103 390 2134 111.
414 2103 585 2133 Distinctio
609 2107 670 2132 est:
702 2102 832 2132 Bonum
862 2100 974 2141 triplex
997 2107 1060 2137 est,
1085 2099 1201 2132 scilicet
1228 2100 1347 2136 forma,

279 2147 473 2183 subiectum,
499 2152 529 2176 et
551 2145 696 2177 habilitas
719 2145 851 2176 subiecti
875 2146 915 2175 ad
940 2145 1087 2176 formam.
1105 2163 1126 2168 -
1141 2143 1252 2175 Prima
1275 2154 1348 2175 con-

278 2192 379 2223 clusio
404 2198 465 2222 est:
490 2190 620 2221 Bonum
643 2196 679 2220 ut
702 2189 815 2226 forma,
833 2189 955 2220 tollitur
978 2189 1115 2221 totaliter
1138 2198 1194 2230 per
1214 2189 1346 2219 malum.

277 2236 449 2271 Probatur:
475 2234 551 2275 quia
574 2240 621 2265 est
638 2234 696 2264 sibi
720 2233 918 2274 oppositum.
944 2233 985 2264 Et
1008 2234 1243 2265 manifestatur:
1269 2233 1349 2264 sicut

277 2280 388 2311 lumen
411 2279 532 2310 tollitur
554 2288 611 2319 per
633 2278 786 2314 tenebras,
812 2284 842 2308 et
857 2277 942 2308 visus
966 2287 1023 2318 per
1046 2278 1237 2309 caecitatem.
1254 2295 1275 2300 —
1292 2278 1348 2308 Se-

277 2324 385 2356 cunda
400 2323 560 2354 conclusio
579 2330 642 2354 est:
666 2323 797 2353 Bonum
812 2328 849 2353 ut
863 2322 1051 2359 subiectum,
1068 2332 1126 2353 nec
1142 2322 1273 2358 tollitur,
1290 2332 1348 2352 nec

278 2367 468 2405 diminuitur
482 2377 539 2408 per
552 2367 685 2398 malum.
705 2367 747 2397 Et
761 2366 980 2398 manifestatur
995 2367 1027 2396 in
1044 2377 1114 2398 aere
1130 2374 1160 2398 et
1179 2367 1316 2398 tenebra.
1327 2384 1347 2389 —

283 2413 392 2444 Tertia
415 2418 481 2443 est:
505 2412 636 2442 Bonum
658 2418 695 2442 ut
716 2411 861 2441 habilitas
885 2411 1016 2441 subiecti
1040 2412 1080 2442 ad
1104 2419 1229 2447 actum,
1255 2410 1348 2440 dimi-

278 2457 388 2489 nuitur
411 2465 467 2496 per
490 2456 624 2492 malum,
649 2462 679 2486 et
703 2465 769 2485 non
793 2455 930 2486 totaliter
953 2455 1083 2486 tollitur.
1109 2456 1150 2486 Et
1173 2455 1348 2486 declaratur

278 2501 356 2532 haec
387 2500 566 2537 conclusio,
597 2499 702 2540 primo
731 2505 887 2540 quantum
916 2499 956 2529 ad
980 2499 1226 2530 diminutionem
1242 2499 1276 2535 *;
1302 2509 1346 2529 se-

279 2545 396 2581 cundo,
413 2544 473 2575 ibi:
498 2544 534 2574 Si
557 2545 659 2585 igitur
673 2544 858 2574 contrariae
878 2543 1111 2584 dispositiones,
1136 2551 1292 2585 quantum
1309 2542 1348 2573 ad

279 2600 346 2621 non
369 2589 502 2620 totalem
524 2588 718 2618 ablationem
732 2587 760 2618 *.

337 2634 391 2664 IV.
417 2633 585 2664 Intendens
602 2642 677 2672 ergo
694 2632 850 2663 declarare
869 2632 972 2673 qualis
996 2640 1027 2663 et
1050 2639 1169 2673 quanta
1184 2632 1224 2663 sit
1239 2632 1347 2663 huius-

279 2677 369 2709 modi
385 2677 566 2713 diminutio,
590 2676 730 2707 insinuat
753 2676 915 2716 duplicem
938 2676 1135 2707 diminuendi
1151 2677 1288 2707 modum
1302 2676 1347 2706 in-

278 2722 388 2758 veniri,
404 2721 522 2752 scilicet
536 2731 592 2761 per
606 2720 862 2757 subtractionem,
879 2728 910 2752 et
923 2731 979 2761 per
993 2721 1228 2751 remissionem:
1245 2720 1348 2761 prima

276 2773 327 2804 ,est
350 2766 568 2807 quantitativa,
594 2765 731 2796 secunda
755 2771 802 2795 est
824 2765 1019 2805 qualitativa.
1045 2766 1085 2796 Et
1108 2775 1230 2801 rursus,
1256 2765 1347 2795 dimi-

279 2810 372 2842 nutio
388 2820 444 2851 per
458 2809 689 2846 remissionem,
706 2819 761 2839 seu
779 2809 972 2850 qualitativa,
995 2810 1163 2850 dupliciter
1179 2809 1346 2848 contingit:

279 2855 396 2896 primo,
420 2864 477 2895 per
499 2854 720 2884 remissionem
743 2853 842 2894 ipsius
859 2854 1032 2894 qualitatis;
1058 2860 1089 2884 et
1103 2863 1160 2894 per
1178 2853 1348 2884 contrarias

279 2898 504 2940 dispositiones
528 2898 660 2929 subiecti
684 2898 723 2928 ad
746 2898 842 2928 talem
865 2905 981 2929 actum.
999 2899 1072 2928 -In
1096 2898 1277 2938 proposito,
1303 2897 1347 2926 di-

278 2943 418 2974 minutio
438 2943 593 2974 sumenda
616 2949 663 2973 est
685 2952 742 2982 per
763 2942 993 2979 remissionem,
1011 2952 1076 2972 non
1093 2941 1346 2982 quomodolibet,

279 2987 335 3018 sed
358 2997 414 3027 per
437 2986 674 3028 appositionem
698 2986 925 3018 contrariarum
949 2986 1205 3027 dispositionum.

335 3032 377 3062 Et
391 3032 543 3072 probatur
565 3031 627 3061 hoc
650 3031 828 3061 secundum
851 3031 904 3062 sic.
929 3031 1085 3062 Habilitas
1104 3030 1277 3061 intenditur
1292 3039 1348 3069 per

280 3075 504 3116 dispositiones
520 3082 740 3116 praeparantes
756 3076 922 3106 materiam
939 3076 980 3106 ad
995 3082 1118 3106 actum:
1145 3084 1218 3114 ergo
1242 3073 1346 3104 remit-

279 3119 356 3150 titur
378 3129 435 3159 per
458 3119 680 3160 dispositiones
702 3119 911 3160 impedientes
934 3119 1110 3160 potentiam
1133 3119 1173 3148 ad
1192 3125 1308 3148 actum.
1326 3135 1346 3139 -

280 3164 479 3194 Antecedens
495 3163 730 3194 manifestatur:
751 3164 826 3205 quia
842 3170 963 3205 quanto
980 3163 1080 3204 magis
1096 3162 1348 3203 multiplicantur

278 3207 504 3247 dispositiones
527 3208 691 3245 materiae,
715 3215 805 3239 tanto
827 3208 965 3239 habilior
988 3214 1034 3239 est
1057 3208 1096 3238 ad
1120 3211 1236 3237 actum.
1262 3205 1347 3236 Con-

1402 1656 1565 1706 sequentia
1581 1667 1655 1688 vero
1672 1658 1839 1698 probatur:
1865 1658 1938 1699 quia
1962 1658 2101 1689 remissio
2121 1659 2255 1690 sumitur
2270 1670 2286 1690 e
2303 1660 2456 1691 contrario

1401 1700 1582 1732 intensmni.

1461 1745 1499 1775 V.
1524 1745 1662 1781 Deinde,
1686 1745 1850 1776 intendens
1876 1747 2072 1778 manifestare
2103 1748 2269 1788 quomodo
2292 1758 2456 1788 nunquam

1402 1789 1524 1819 tollitur
1540 1789 1675 1820 totaliter
1693 1790 1859 1822 habilitatis
1876 1791 1997 1821 bonurn
2012 1792 2038 1828 *,
2060 1792 2220 1832 distinguit
2242 1792 2457 1822 remissionem

1402 1843 1459 1873 per
1475 1833 1643 1864 contrarias
1663 1834 1882 1874 dispositiones
1898 1835 2062 1875 dupliciter
2075 1836 2206 1866 inveniri
2221 1845 2328 1876 posse:
2353 1836 2455 1876 primo

1402 1876 1498 1914 finite,
1520 1878 1659 1908 secundo
1683 1878 1813 1910 infinite.
1838 1880 1879 1910 Et
1901 1887 2013 1911 neutro
2037 1880 2135 1910 modo
2159 1880 2294 1911 totaliter
2315 1880 2455 1910 habilita-

1403 1929 1468 1952 tem
1492 1921 1621 1952 subiecti
1645 1923 1683 1952 ad
1708 1930 1813 1953 actum
1835 1923 1903 1954 tolli
1927 1924 2070 1955 ostendit.

1459 1966 1557 2003 Quod
1573 1967 1658 1997 enim
1674 1966 1760 1997 finita
1777 1967 1816 1998 sit
1830 1969 2022 2008 quandoque
2037 1968 2178 1998 remissio
2193 1968 2367 2004 habilitatis,
2385 1977 2456 2008 pro-

1404 2011 1495 2041 batur
1511 2021 1547 2041 ex
1563 2021 1602 2041 eo
1621 2012 1710 2051 quod
1733 2011 1819 2042 finita
1833 2019 1879 2042 est
1890 2012 2109 2052 multiplicatio
2126 2012 2368 2052 dispositionum
2383 2022 2456 2042 con-

1403 2055 1582 2092 trariarum;
1608 2062 1642 2086 ut
1666 2062 1751 2095 patet
1773 2056 1806 2086 in
1829 2057 2088 2096 multiplicatione
2112 2056 2298 2096 qualitatum
2322 2057 2456 2086 elemen-

1404 2106 1526 2135 torum,
1550 2100 1666 2140 quibus
1690 2101 1836 2131 materiae
1865 2100 2007 2131 habilitas
2030 2101 2068 2130 ad
2092 2100 2245 2136 formam,
2269 2100 2348 2140 ignis
2371 2100 2456 2130 verbi

1403 2143 1514 2183 gratia,
1540 2144 1735 2174 diminuitur.
1752 2162 1772 2167 —
1790 2145 1886 2182 Quod
1909 2155 1983 2174 vero
2006 2145 2039 2174 in
2061 2144 2245 2175 huiusmodi
2274 2144 2456 2174 remissione

1403 2197 1470 2218 non
1493 2188 1622 2218 tollatur
1650 2189 1784 2219 totaliter
1813 2189 1974 2225 habilitas,
2000 2199 2036 2218 ex
2065 2198 2102 2219 eo
2126 2195 2210 2228 patet
2233 2188 2338 2229 quod,
2362 2187 2456 2218 finitis

1404 2232 1606 2262 existentibus
1636 2233 1834 2272 appositione
1865 2233 2094 2263 contrariorum
2117 2239 2147 2263 et
2169 2232 2367 2268 remissione,
2391 2241 2457 2261 non

1403 2283 1450 2307 est
1473 2286 1555 2316 opus
1579 2277 1725 2307 eradicari
1748 2277 1940 2308 habilitatem
1963 2276 2150 2307 remanentis
2173 2276 2311 2306 subiecti.

1462 2321 1559 2358 Quod
1584 2328 1690 2351 autem
1713 2321 1833 2352 infinita
1856 2322 2048 2362 quandoque
2076 2321 2114 2351 sit
2137 2320 2294 2356 remissio,
2325 2319 2456 2349 manife-

1403 2371 1503 2395 statur
1518 2375 1554 2395 ex
1569 2365 1689 2396 infinita
1713 2366 1972 2406 multiplicatione
1996 2375 2170 2405 opacorum
2190 2374 2359 2403 corporum
2378 2363 2457 2393 inter

1403 2409 1504 2438 solem
1529 2416 1559 2439 et
1581 2418 1698 2445 aerem;
1724 2417 1753 2440 et
1776 2409 2052 2450 proportionaliter
2074 2418 2111 2438 ex
2125 2407 2246 2438 infinita
2268 2407 2456 2447 multiplica-

1402 2452 1489 2482 tione
1505 2460 1706 2492 peccatorum
1730 2454 1809 2484 inter
1827 2453 1960 2483 iustitiae
1976 2452 2083 2483 Solem
2106 2459 2136 2482 et
2158 2452 2304 2482 animam.
2321 2469 2342 2474 -
2359 2451 2456 2487 Quod

1402 2507 1476 2526 vero
1492 2507 1528 2526 ex
1544 2497 1728 2527 huiusmodi
1752 2497 1871 2528 infinita
1891 2496 2074 2527 remissione
2090 2506 2155 2526 non
2172 2495 2307 2527 totaliter
2329 2495 2456 2525 tollatur

1402 2541 1555 2577 habilitas,
1579 2542 1731 2581 probatur
1753 2541 1886 2572 ratione:
1912 2541 1987 2580 quia
2010 2550 2133 2580 semper
2155 2547 2261 2570 manet
2282 2539 2314 2569 in
2338 2548 2394 2568 sua
2409 2548 2455 2568 ra-

1403 2585 1479 2621 dice,
1497 2586 1585 2625 quod
1601 2592 1647 2616 est
1663 2586 1833 2616 substantia
1852 2585 1990 2615 subiecti.
2016 2585 2055 2614 Et
2071 2583 2286 2614 manifestatur
2308 2583 2340 2612 in
2356 2582 2455 2612 allatis

1403 2630 1562 2670 exemplis,
1586 2629 1617 2659 in
1642 2630 1834 2660 naturalibus
1858 2636 1888 2659 et
1910 2628 2098 2659 moralibus:
2122 2628 2155 2657 in
2179 2627 2335 2667 diaphano
2359 2626 2454 2667 siqui-

1402 2675 1474 2704 dem
1498 2680 1639 2714 respectu
1662 2673 1800 2709 luminis,
1825 2680 1855 2703 et
1877 2673 1981 2703 anima
2004 2678 2145 2712 respectu
2168 2671 2293 2710 gratiae.

1461 2719 1501 2748 Et
1524 2718 1567 2748 sic
1590 2724 1675 2757 patet
1698 2717 1875 2758 principalis
1900 2716 2061 2747 conclusio
2077 2716 2102 2752 *‚
2125 2715 2240 2745 scilicet
2263 2715 2350 2755 quod
2373 2724 2454 2744 nun-

1402 2772 1500 2802 quam
1523 2763 1643 2792 malum
1667 2762 1802 2792 totaliter
1829 2761 1929 2791 aufert
1956 2761 2094 2790 bonum:
2126 2759 2279 2799 quoniam
2308 2757 2456 2798 relinquit

1402 2806 1588 2842 subiectum,
1606 2813 1636 2836 et
1652 2806 1769 2846 aliquid
1785 2804 1951 2835 habilitatis
1968 2805 2007 2834 ad
2024 2810 2138 2834 actum.

1459 2851 1512 2881 VI.
1538 2851 1572 2880 In
1595 2850 1798 2890 responsione
1823 2850 1862 2879 ad
1880 2848 2016 2884 tertium,
2042 2854 2116 2878 nota
2132 2847 2219 2887 quod
2236 2853 2320 2876 tanta
2337 2853 2382 2876 est
2398 2845 2454 2875 dif-

1402 2894 1530 2925 ferentia
1553 2894 1632 2925 inter
1656 2894 1789 2924 diminui
1812 2903 1867 2933 per
1886 2903 1932 2929 se,
1957 2899 1987 2922 et
2002 2902 2057 2931 per
2073 2891 2223 2926 accidens,
2241 2890 2319 2920 idest
2335 2889 2454 2920 ratione

1402 2939 1451 2969 sui
1473 2939 1523 2968 vel
1550 2938 1693 2974 alterius,
1718 2938 1820 2978 quod,
1846 2947 1920 2967 cum
1948 2935 2143 2975 impossibile
2171 2935 2209 2964 sit
2239 2933 2364 2964 finitum
2388 2943 2454 2964 non

1402 2982 1547 3013 consumi
1571 2981 1692 3012 infinita
1715 2989 1744 3012 et
1767 2981 1890 3021 aequali
1913 2980 2122 3011 subtractione
2146 2988 2201 3018 per
2224 2987 2273 3014 se;
2305 2977 2453 3017 possibile

1401 3034 1506 3057 tamen
1524 3033 1577 3062 est,
1603 3034 1638 3056 ut
1660 3026 1691 3055 in
1715 3026 1815 3055 littera
1834 3024 1955 3060 dicitur,
1980 3035 1998 3054 a
2017 3023 2106 3053 finito
2129 3023 2161 3052 in
2178 3021 2337 3052 infinitum
2360 3021 2454 3051 etiam

1402 3071 1570 3111 aequaliter
1593 3069 1741 3106 subtrahi,
1766 3076 1797 3099 et
1819 3075 1923 3099 tamen
1946 3068 2025 3098 illud
2048 3077 2114 3097 non
2137 3065 2299 3102 consumi,
2325 3065 2452 3105 quando

1402 3114 1569 3145 diminutio
1586 3121 1631 3144 est
1648 3123 1703 3154 per
1717 3113 1869 3149 accidens,
1893 3112 1972 3142 idest
1987 3121 2042 3151 per
2057 3110 2151 3146 aliud,
2176 3117 2211 3140 ut
2225 3109 2257 3139 in
2274 3108 2452 3149 proposito;

1400 3159 1554 3189 minuitur
1570 3158 1654 3188 enim
1670 3157 1812 3188 habilitas
1835 3163 1963 3197 propter
1982 3155 2163 3195 appositum
2179 3153 2451 3194 impedimentum,

1401 3211 1430 3234 et
1449 3213 1514 3233 non
1538 3202 1712 3233 secundum
1736 3211 1778 3232 se.

2588 1247 2596 1263 ι

2486 1273 2495 1283 '¹
2509 1272 2535 1294 Iu
2549 1278 2655 1300 corpore.

2483 1798 2494 1809 “
2508 1797 2543 1820 Cf.
2558 1803 2621 1820 num.
2636 1804 2670 1820 ιιι.

2482 2718 2493 2730 “
2507 2717 2542 2739 Cf.
2558 2723 2622 2739 num.
2637 2723 2661 2739 ιι.
