<?xml version="1.0" encoding="UTF-8"?>
<!DOCTYPE html PUBLIC "-//W3C//DTD XHTML 1.0 Transitional//EN"
    "http://www.w3.org/TR/xhtml1/DTD/xhtml1-transitional.dtd">
<html xmlns="http://www.w3.org/1999/xhtml" xml:lang="en" lang="en">
 <head>
  <title>
</title>
<meta http-equiv="Content-Type" content="text/html;charset=utf-8" />
  <meta name='ocr-system' content='tesseract 3.04.00' />
  <meta name='ocr-capabilities' content='ocr_page ocr_carea ocr_par ocr_line ocrx_word'/>
</head>
<body>
  <div class='ocr_page' id='page_1' title='image "./operaomniaiussui04thom/operaomniaiussui04thom_0063.png"; bbox 0 0 2768 4178; ppageno 0'>
   <div class='ocr_carea' id='block_1_1' title="bbox 4 861 230 917">
    <p class='ocr_par' dir='ltr' id='par_1_1' title="bbox 4 861 230 917">
     <span class='ocr_line' id='line_1_1' title="bbox 14 861 230 891; baseline -0.005 -7"><span class='ocrx_word' id='word_1_1' title='bbox 14 862 25 872; x_wconf 85' lang='lat'>&#39;¹</span> <span class='ocrx_word' id='word_1_2' title='bbox 35 861 95 890; x_wconf 71' lang='lat' dir='ltr'>Cap.</span> <span class='ocrx_word' id='word_1_3' title='bbox 105 867 130 889; x_wconf 84' lang='lat' dir='ltr'>n,</span> <span class='ocrx_word' id='word_1_4' title='bbox 141 861 171 883; x_wconf 81' lang='lat' dir='ltr'>de</span> <span class='ocrx_word' id='word_1_5' title='bbox 181 861 230 891; x_wconf 63' lang='lat' dir='ltr'>dif-</span> 
     </span>
     <span class='ocr_line' id='line_1_2' title="bbox 4 887 131 917; baseline 0 -7"><span class='ocrx_word' id='word_1_6' title='bbox 4 887 131 917; x_wconf 69' lang='lat' dir='ltr'>ferentia.</span> 
     </span>
    </p>
   </div>
   <div class='ocr_carea' id='block_1_2' title="bbox 0 1431 188 1478">
    <p class='ocr_par' dir='ltr' id='par_1_2' title="bbox 0 1431 188 1478">
     <span class='ocr_line' id='line_1_3' title="bbox 0 1431 188 1478; baseline -0.011 -12"><span class='ocrx_word' id='word_1_7' title='bbox 0 1431 27 1478; x_wconf 57' lang='grc' dir='ltr'>ἱ·</span> <span class='ocrx_word' id='word_1_8' title='bbox 39 1441 78 1466; x_wconf 72' lang='lat' dir='ltr'>Cf.</span> <span class='ocrx_word' id='word_1_9' title='bbox 91 1447 157 1464; x_wconf 79' lang='lat' dir='ltr'>nun.</span> <span class='ocrx_word' id='word_1_10' title='bbox 163 1447 188 1464; x_wconf 88' lang='grc' dir='ltr'>-ι,</span> 
     </span>
    </p>
   </div>
   <div class='ocr_carea' id='block_1_3' title="bbox 0 1565 151 1664">
    <p class='ocr_par' dir='ltr' id='par_1_3' title="bbox 0 1565 151 1664">
     <span class='ocr_line' id='line_1_4' title="bbox 0 1565 151 1664; baseline -0.007 -26"><span class='ocrx_word' id='word_1_11' title='bbox 0 1565 25 1664; x_wconf 51' lang='grc' dir='ltr'>ζ*</span> <span class='ocrx_word' id='word_1_12' title='bbox 38 1613 77 1638; x_wconf 71' lang='lat' dir='ltr'>Cf.</span> <span class='ocrx_word' id='word_1_13' title='bbox 91 1613 151 1637; x_wconf 67' lang='lat' dir='ltr'>ibid.</span> 
     </span>
    </p>
   </div>
   <div class='ocr_carea' id='block_1_4' title="bbox 0 1872 229 1972">
    <p class='ocr_par' dir='ltr' id='par_1_4' title="bbox 0 1872 229 1972">
     <span class='ocr_line' id='line_1_5' title="bbox 0 1872 229 1912; baseline -0.009 1"><span class='ocrx_word' id='word_1_14' title='bbox 0 1872 25 1899; x_wconf 34' lang='grc' dir='ltr'>γ·</span> <span class='ocrx_word' id='word_1_15' title='bbox 92 1889 229 1912; x_wconf 69' lang='grc' dir='ltr'><strong>,ιιι-Βία.</strong></span> 
     </span>
     <span class='ocr_line' id='line_1_6' title="bbox 0 1921 228 1972; baseline 0 -7"><span class='ocrx_word' id='word_1_16' title='bbox 0 1941 39 1965; x_wconf 73' lang='lat' dir='ltr'>&#39;‘n.</span> <span class='ocrx_word' id='word_1_17' title='bbox 54 1941 78 1970; x_wconf 82' lang='grc'>6,</span> <span class='ocrx_word' id='word_1_18' title='bbox 91 1930 116 1972; x_wconf 68' lang='grc' dir='ltr'>7ἶ</span> <span class='ocrx_word' id='word_1_19' title='bbox 134 1921 188 1946; x_wconf 56' lang='grc' dir='ltr'>αρ’</span> <span class='ocrx_word' id='word_1_20' title='bbox 201 1922 228 1944; x_wconf 57' lang='lat'>&#39;¹</span> 
     </span>
    </p>
   </div>
   <div class='ocr_carea' id='block_1_5' title="bbox 89 3142 231 3170">
    <p class='ocr_par' dir='ltr' id='par_1_5' title="bbox 89 3142 231 3170">
     <span class='ocr_line' id='line_1_7' title="bbox 89 3142 231 3170; baseline -0.014 -5"><span class='ocrx_word' id='word_1_21' title='bbox 89 3148 137 3169; x_wconf 83' lang='lat' dir='ltr'>.1n,</span> <span class='ocrx_word' id='word_1_22' title='bbox 146 3142 197 3170; x_wconf 81' lang='lat' dir='ltr'>n.6‚</span> <span class='ocrx_word' id='word_1_23' title='bbox 207 3149 231 3170; x_wconf 90' lang='lat'>9.</span> 
     </span>
    </p>
   </div>
   <div class='ocr_carea' id='block_1_6' title="bbox 14 3143 231 3192">
    <p class='ocr_par' dir='ltr' id='par_1_6' title="bbox 14 3143 231 3192">
     <span class='ocr_line' id='line_1_8' title="bbox 14 3143 231 3192; baseline -0.009 0"><span class='ocrx_word' id='word_1_24' title='bbox 14 3143 71 3192; x_wconf 50' lang='grc' dir='ltr'>Σὲ.</span> <span class='ocrx_word' id='word_1_25' title='bbox 101 3169 124 3192; x_wconf 84' lang='lat' dir='ltr'>h.</span> <span class='ocrx_word' id='word_1_26' title='bbox 135 3169 188 3191; x_wconf 84' lang='lat' dir='ltr'>lect.</span> <span class='ocrx_word' id='word_1_27' title='bbox 198 3175 231 3190; x_wconf 77' lang='lat' dir='ltr'>vi.</span> 
     </span>
    </p>
   </div>
   <div class='ocr_carea' id='block_1_7' title="bbox 0 3230 29 4178">
    <p class='ocr_par' dir='ltr' id='par_1_7' title="bbox 0 3230 29 4178">
     <span class='ocr_line' id='line_1_9' title="bbox 0 3230 29 4178; baseline 0 0"><span class='ocrx_word' id='word_1_28' title='bbox 0 3230 29 4178; x_wconf 95' lang='lat' dir='ltr'> </span> 
     </span>
    </p>
   </div>
   <div class='ocr_carea' id='block_1_8' title="bbox 975 245 1752 293">
    <p class='ocr_par' dir='ltr' id='par_1_8' title="bbox 975 245 1752 293">
     <span class='ocr_line' id='line_1_10' title="bbox 975 245 1752 293; baseline 0.001 -11"><span class='ocrx_word' id='word_1_29' title='bbox 975 245 1244 291; x_wconf 89' lang='lat' dir='ltr'>QUAESTIO</span> <span class='ocrx_word' id='word_1_30' title='bbox 1276 246 1345 293; x_wconf 86' lang='lat'>111,</span> <span class='ocrx_word' id='word_1_31' title='bbox 1375 246 1673 283; x_wconf 83' lang='lat' dir='ltr'>ARTICULUS</span> <span class='ocrx_word' id='word_1_32' title='bbox 1702 248 1752 283; x_wconf 89' lang='lat' dir='ltr'>VI</span> 
     </span>
    </p>
   </div>
   <div class='ocr_carea' id='block_1_9' title="bbox 242 323 1335 1346">
    <p class='ocr_par' dir='ltr' id='par_1_9' title="bbox 257 323 1335 488">
     <span class='ocr_line' id='line_1_11' title="bbox 257 323 1335 365; baseline 0 -11"><span class='ocrx_word' id='word_1_33' title='bbox 257 323 418 365; x_wconf 78' lang='lat' dir='ltr'>quaelibet</span> <span class='ocrx_word' id='word_1_34' title='bbox 441 324 561 364; x_wconf 88' lang='lat' dir='ltr'>species</span> <span class='ocrx_word' id='word_1_35' title='bbox 585 325 623 355; x_wconf 90' lang='lat' dir='ltr'>ab</span> <span class='ocrx_word' id='word_1_36' title='bbox 648 324 744 355; x_wconf 90' lang='lat' dir='ltr'>altera</span> <span class='ocrx_word' id='word_1_37' title='bbox 768 323 891 359; x_wconf 77' lang='lat' dir='ltr'>differt,</span> <span class='ocrx_word' id='word_1_38' title='bbox 922 334 988 354; x_wconf 92' lang='lat' dir='ltr'>non</span> <span class='ocrx_word' id='word_1_39' title='bbox 1012 324 1136 354; x_wconf 88' lang='lat' dir='ltr'>realiter</span> <span class='ocrx_word' id='word_1_40' title='bbox 1149 348 1156 360; x_wconf 91' lang='lat'>,</span> <span class='ocrx_word' id='word_1_41' title='bbox 1191 324 1246 354; x_wconf 94' lang='lat' dir='ltr'>sed</span> <span class='ocrx_word' id='word_1_42' title='bbox 1270 324 1335 354; x_wconf 89' lang='lat' dir='ltr'>for-</span> 
     </span>
     <span class='ocr_line' id='line_1_12' title="bbox 257 367 1335 400; baseline -0.001 -1"><span class='ocrx_word' id='word_1_43' title='bbox 257 368 382 399; x_wconf 88' lang='lat' dir='ltr'>maliter</span> <span class='ocrx_word' id='word_1_44' title='bbox 404 374 530 399; x_wconf 88' lang='lat' dir='ltr'>tantum</span> <span class='ocrx_word' id='word_1_45' title='bbox 554 368 712 400; x_wconf 85' lang='lat' dir='ltr'>differunt.</span> <span class='ocrx_word' id='word_1_46' title='bbox 737 368 779 399; x_wconf 90' lang='lat' dir='ltr'>Et</span> <span class='ocrx_word' id='word_1_47' title='bbox 806 374 913 399; x_wconf 79' lang='lat' dir='ltr'>tamen</span> <span class='ocrx_word' id='word_1_48' title='bbox 936 367 1069 399; x_wconf 89' lang='lat' dir='ltr'>infertur</span> <span class='ocrx_word' id='word_1_49' title='bbox 1092 368 1125 398; x_wconf 91' lang='lat' dir='ltr'>in</span> <span class='ocrx_word' id='word_1_50' title='bbox 1148 368 1251 399; x_wconf 90' lang='lat' dir='ltr'>littera</span> <span class='ocrx_word' id='word_1_51' title='bbox 1274 368 1335 399; x_wconf 89' lang='lat' dir='ltr'>dis—</span> 
     </span>
     <span class='ocr_line' id='line_1_13' title="bbox 257 412 1335 453; baseline 0 -10"><span class='ocrx_word' id='word_1_52' title='bbox 257 412 369 444; x_wconf 84' lang='lat' dir='ltr'>tinctio</span> <span class='ocrx_word' id='word_1_53' title='bbox 392 413 484 444; x_wconf 89' lang='lat' dir='ltr'>realis</span> <span class='ocrx_word' id='word_1_54' title='bbox 507 413 588 444; x_wconf 89' lang='lat' dir='ltr'>inter</span> <span class='ocrx_word' id='word_1_55' title='bbox 619 412 788 444; x_wconf 81' lang='lat' dir='ltr'>essentiam</span> <span class='ocrx_word' id='word_1_56' title='bbox 811 419 843 443; x_wconf 91' lang='lat' dir='ltr'>et</span> <span class='ocrx_word' id='word_1_57' title='bbox 866 422 944 443; x_wconf 87' lang='lat' dir='ltr'>esse.</span> <span class='ocrx_word' id='word_1_58' title='bbox 970 412 1068 453; x_wconf 89' lang='lat' dir='ltr'>Igitur</span> <span class='ocrx_word' id='word_1_59' title='bbox 1086 422 1253 453; x_wconf 86' lang='lat' dir='ltr'>processus</span> <span class='ocrx_word' id='word_1_60' title='bbox 1277 413 1335 443; x_wconf 91' lang='lat' dir='ltr'>iste</span> 
     </span>
     <span class='ocr_line' id='line_1_14' title="bbox 258 457 521 488; baseline 0 0"><span class='ocrx_word' id='word_1_61' title='bbox 258 457 362 488; x_wconf 87' lang='lat' dir='ltr'>malus</span> <span class='ocrx_word' id='word_1_62' title='bbox 386 457 521 488; x_wconf 89' lang='lat' dir='ltr'>videtur.</span> 
     </span>
    </p>

    <p class='ocr_par' dir='ltr' id='par_1_10' title="bbox 242 501 1335 1346">
     <span class='ocr_line' id='line_1_15' title="bbox 314 501 1335 534; baseline -0.001 -1"><span class='ocrx_word' id='word_1_63' title='bbox 314 502 368 533; x_wconf 89' lang='lat' dir='ltr'>VI.</span> <span class='ocrx_word' id='word_1_64' title='bbox 393 503 444 532; x_wconf 90' lang='lat' dir='ltr'>Ad</span> <span class='ocrx_word' id='word_1_65' title='bbox 474 502 556 534; x_wconf 88' lang='lat' dir='ltr'>hanc</span> <span class='ocrx_word' id='word_1_66' title='bbox 585 501 798 533; x_wconf 89' lang='lat' dir='ltr'>obiectionem</span> <span class='ocrx_word' id='word_1_67' title='bbox 821 501 912 531; x_wconf 89' lang='lat' dir='ltr'>valde</span> <span class='ocrx_word' id='word_1_68' title='bbox 946 501 1058 532; x_wconf 86' lang='lat' dir='ltr'>diffuse</span> <span class='ocrx_word' id='word_1_69' title='bbox 1086 501 1209 532; x_wconf 87' lang='lat' dir='ltr'>dictum</span> <span class='ocrx_word' id='word_1_70' title='bbox 1232 508 1279 532; x_wconf 88' lang='lat' dir='ltr'>est</span> <span class='ocrx_word' id='word_1_71' title='bbox 1302 501 1335 531; x_wconf 88' lang='lat' dir='ltr'>in</span> 
     </span>
     <span class='ocr_line' id='line_1_16' title="bbox 259 545 1334 587; baseline -0.001 -10"><span class='ocrx_word' id='word_1_72' title='bbox 259 556 328 587; x_wconf 89' lang='lat' dir='ltr'>cap.</span> <span class='ocrx_word' id='word_1_73' title='bbox 345 557 376 577; x_wconf 91' lang='lat' dir='ltr'>v1</span> <span class='ocrx_word' id='word_1_74' title='bbox 395 547 436 578; x_wconf 81' lang='lat' dir='ltr'>de</span> <span class='ocrx_word' id='word_1_75' title='bbox 450 547 535 578; x_wconf 82' lang='lat' dir='ltr'>Ente</span> <span class='ocrx_word' id='word_1_76' title='bbox 552 552 584 578; x_wconf 84' lang='lat' dir='ltr'>et</span> <span class='ocrx_word' id='word_1_77' title='bbox 602 546 769 584; x_wconf 71' lang='lat' dir='ltr'>EssenHa,</span> <span class='ocrx_word' id='word_1_78' title='bbox 795 545 850 576; x_wconf 90' lang='lat' dir='ltr'>ubi</span> <span class='ocrx_word' id='word_1_79' title='bbox 869 545 951 577; x_wconf 85' lang='lat' dir='ltr'>hanc</span> <span class='ocrx_word' id='word_1_80' title='bbox 971 546 1129 577; x_wconf 87' lang='lat' dir='ltr'>rationem</span> <span class='ocrx_word' id='word_1_81' title='bbox 1152 556 1177 577; x_wconf 92' lang='lat' dir='ltr'>s.</span> <span class='ocrx_word' id='word_1_82' title='bbox 1189 546 1334 577; x_wconf 84' lang='lat' dir='ltr'>Thomas</span> 
     </span>
     <span class='ocr_line' id='line_1_17' title="bbox 258 590 1335 632; baseline -0.001 -10"><span class='ocrx_word' id='word_1_83' title='bbox 258 591 342 622; x_wconf 83' lang='lat' dir='ltr'>facit.</span> <span class='ocrx_word' id='word_1_84' title='bbox 367 591 409 622; x_wconf 89' lang='lat' dir='ltr'>Et</span> <span class='ocrx_word' id='word_1_85' title='bbox 431 598 599 631; x_wconf 87' lang='lat' dir='ltr'>propterea</span> <span class='ocrx_word' id='word_1_86' title='bbox 621 600 708 621; x_wconf 90' lang='lat' dir='ltr'>nunc</span> <span class='ocrx_word' id='word_1_87' title='bbox 731 590 866 621; x_wconf 88' lang='lat' dir='ltr'>breviter</span> <span class='ocrx_word' id='word_1_88' title='bbox 890 590 1017 627; x_wconf 87' lang='lat' dir='ltr'>dicitur,</span> <span class='ocrx_word' id='word_1_89' title='bbox 1042 591 1132 632; x_wconf 91' lang='lat' dir='ltr'>quod</span> <span class='ocrx_word' id='word_1_90' title='bbox 1155 591 1189 626; x_wconf 87' lang='lat' dir='ltr'>in</span> <span class='ocrx_word' id='word_1_91' title='bbox 1212 598 1335 621; x_wconf 88' lang='lat' dir='ltr'>antece-</span> 
     </span>
     <span class='ocr_line' id='line_1_18' title="bbox 259 635 1334 675; baseline 0 -9"><span class='ocrx_word' id='word_1_92' title='bbox 259 636 353 667; x_wconf 85' lang='lat' dir='ltr'>dente</span> <span class='ocrx_word' id='word_1_93' title='bbox 368 635 506 666; x_wconf 85' lang='lat' dir='ltr'>sumitur</span> <span class='ocrx_word' id='word_1_94' title='bbox 521 644 590 666; x_wconf 83' lang='lat' dir='ltr'>esse</span> <span class='ocrx_word' id='word_1_95' title='bbox 613 641 643 666; x_wconf 88' lang='lat' dir='ltr'>et</span> <span class='ocrx_word' id='word_1_96' title='bbox 666 645 725 675; x_wconf 90' lang='lat' dir='ltr'>pro</span> <span class='ocrx_word' id='word_1_97' title='bbox 741 645 808 665; x_wconf 91' lang='lat' dir='ltr'>esse</span> <span class='ocrx_word' id='word_1_98' title='bbox 832 635 980 675; x_wconf 88' lang='lat' dir='ltr'>specifico</span> <span class='ocrx_word' id='word_1_99' title='bbox 1001 642 1032 666; x_wconf 90' lang='lat' dir='ltr'>et</span> <span class='ocrx_word' id='word_1_100' title='bbox 1055 636 1186 666; x_wconf 88' lang='lat' dir='ltr'>actualis</span> <span class='ocrx_word' id='word_1_101' title='bbox 1203 635 1334 666; x_wconf 85' lang='lat' dir='ltr'>existen-</span> 
     </span>
     <span class='ocr_line' id='line_1_19' title="bbox 254 678 1334 722; baseline 0.001 -12"><span class='ocrx_word' id='word_1_102' title='bbox 254 680 333 722; x_wconf 82' lang='lat' dir='ltr'>tiae:</span> <span class='ocrx_word' id='word_1_103' title='bbox 358 679 514 721; x_wconf 87' lang='lat' dir='ltr'>quoniam</span> <span class='ocrx_word' id='word_1_104' title='bbox 530 679 569 710; x_wconf 91' lang='lat' dir='ltr'>de</span> <span class='ocrx_word' id='word_1_105' title='bbox 589 686 728 720; x_wconf 89' lang='lat' dir='ltr'>utroque</span> <span class='ocrx_word' id='word_1_106' title='bbox 743 678 932 710; x_wconf 86' lang='lat' dir='ltr'>verificatur.</span> <span class='ocrx_word' id='word_1_107' title='bbox 958 680 1027 710; x_wconf 91' lang='lat' dir='ltr'>Imo</span> <span class='ocrx_word' id='word_1_108' title='bbox 1044 679 1215 711; x_wconf 90' lang='lat' dir='ltr'>verificatio</span> <span class='ocrx_word' id='word_1_109' title='bbox 1239 680 1334 711; x_wconf 92' lang='lat' dir='ltr'>unius</span> 
     </span>
     <span class='ocr_line' id='line_1_20' title="bbox 256 723 1334 765; baseline 0.001 -11"><span class='ocrx_word' id='word_1_110' title='bbox 256 723 352 755; x_wconf 86' lang='lat' dir='ltr'>infert</span> <span class='ocrx_word' id='word_1_111' title='bbox 374 723 624 755; x_wconf 87' lang='lat' dir='ltr'>verificationem</span> <span class='ocrx_word' id='word_1_112' title='bbox 648 723 790 755; x_wconf 81' lang='lat' dir='ltr'>alterius:</span> <span class='ocrx_word' id='word_1_113' title='bbox 815 724 971 765; x_wconf 90' lang='lat' dir='ltr'>quoniam</span> <span class='ocrx_word' id='word_1_114' title='bbox 994 724 1067 755; x_wconf 90' lang='lat' dir='ltr'>ideo</span> <span class='ocrx_word' id='word_1_115' title='bbox 1093 724 1266 756; x_wconf 83' lang='lat' dir='ltr'>differentia</span> <span class='ocrx_word' id='word_1_116' title='bbox 1289 725 1334 755; x_wconf 95' lang='lat' dir='ltr'>di-</span> 
     </span>
     <span class='ocr_line' id='line_1_21' title="bbox 257 768 1333 810; baseline 0.001 -11"><span class='ocrx_word' id='word_1_117' title='bbox 257 768 339 799; x_wconf 87' lang='lat' dir='ltr'>citur</span> <span class='ocrx_word' id='word_1_118' title='bbox 365 769 543 799; x_wconf 86' lang='lat' dir='ltr'>conducere</span> <span class='ocrx_word' id='word_1_119' title='bbox 559 769 599 799; x_wconf 88' lang='lat' dir='ltr'>ad</span> <span class='ocrx_word' id='word_1_120' title='bbox 622 778 699 805; x_wconf 91' lang='lat' dir='ltr'>esse,</span> <span class='ocrx_word' id='word_1_121' title='bbox 724 769 801 810; x_wconf 91' lang='lat' dir='ltr'>quia</span> <span class='ocrx_word' id='word_1_122' title='bbox 825 769 990 800; x_wconf 90' lang='lat' dir='ltr'>constituit</span> <span class='ocrx_word' id='word_1_123' title='bbox 1013 770 1182 810; x_wconf 88' lang='lat' dir='ltr'>proprium</span> <span class='ocrx_word' id='word_1_124' title='bbox 1203 769 1333 810; x_wconf 89' lang='lat' dir='ltr'>recepti-</span> 
     </span>
     <span class='ocr_line' id='line_1_22' title="bbox 256 812 1333 853; baseline 0.002 -10"><span class='ocrx_word' id='word_1_125' title='bbox 256 822 337 843; x_wconf 88' lang='lat' dir='ltr'>vum</span> <span class='ocrx_word' id='word_1_126' title='bbox 351 812 452 853; x_wconf 89' lang='lat' dir='ltr'>ipsius</span> <span class='ocrx_word' id='word_1_127' title='bbox 469 822 537 844; x_wconf 88' lang='lat' dir='ltr'>esse</span> <span class='ocrx_word' id='word_1_128' title='bbox 560 813 691 844; x_wconf 84' lang='lat' dir='ltr'>actualis</span> <span class='ocrx_word' id='word_1_129' title='bbox 715 814 913 850; x_wconf 85' lang='lat' dir='ltr'>existentiae;</span> <span class='ocrx_word' id='word_1_130' title='bbox 938 821 974 845; x_wconf 93' lang='lat' dir='ltr'>ut</span> <span class='ocrx_word' id='word_1_131' title='bbox 997 814 1040 845; x_wconf 95' lang='lat' dir='ltr'>ibi</span> <span class='ocrx_word' id='word_1_132' title='bbox 1060 814 1254 845; x_wconf 90' lang='lat' dir='ltr'>declaratum</span> <span class='ocrx_word' id='word_1_133' title='bbox 1278 821 1333 850; x_wconf 86' lang='lat' dir='ltr'>est,</span> 
     </span>
     <span class='ocr_line' id='line_1_23' title="bbox 257 857 1334 900; baseline 0.002 -12"><span class='ocrx_word' id='word_1_134' title='bbox 257 864 288 888; x_wconf 90' lang='lat' dir='ltr'>et</span> <span class='ocrx_word' id='word_1_135' title='bbox 303 867 400 898; x_wconf 80' lang='lat' dir='ltr'>supra</span> <span class='ocrx_word' id='word_1_136' title='bbox 413 857 631 899; x_wconf 86' lang='lat' dir='ltr'>Porphyrium</span> <span class='ocrx_word' id='word_1_137' title='bbox 638 857 666 889; x_wconf 89' lang='lat'>*.</span> <span class='ocrx_word' id='word_1_138' title='bbox 678 858 775 889; x_wconf 86' lang='lat' dir='ltr'>Nulla</span> <span class='ocrx_word' id='word_1_139' title='bbox 786 868 861 899; x_wconf 85' lang='lat' dir='ltr'>ergo</span> <span class='ocrx_word' id='word_1_140' title='bbox 872 866 919 890; x_wconf 88' lang='lat' dir='ltr'>est</span> <span class='ocrx_word' id='word_1_141' title='bbox 930 859 1161 900; x_wconf 66' lang='lat' dir='ltr'>aequivocatio</span> <span class='ocrx_word' id='word_1_142' title='bbox 1175 877 1195 881; x_wconf 98' lang='lat'><em>-</em></span> <span class='ocrx_word' id='word_1_143' title='bbox 1205 859 1246 890; x_wconf 92' lang='lat' dir='ltr'>Et</span> <span class='ocrx_word' id='word_1_144' title='bbox 1262 859 1334 890; x_wconf 90' lang='lat' dir='ltr'>licet</span> 
     </span>
     <span class='ocr_line' id='line_1_24' title="bbox 256 901 1333 944; baseline 0.002 -12"><span class='ocrx_word' id='word_1_145' title='bbox 256 912 294 932; x_wconf 87' lang='lat' dir='ltr'>ex</span> <span class='ocrx_word' id='word_1_146' title='bbox 312 901 376 933; x_wconf 87' lang='lat' dir='ltr'>hoc</span> <span class='ocrx_word' id='word_1_147' title='bbox 398 903 488 943; x_wconf 93' lang='lat' dir='ltr'>quod</span> <span class='ocrx_word' id='word_1_148' title='bbox 503 902 629 943; x_wconf 80' lang='lat' dir='ltr'>aliquae</span> <span class='ocrx_word' id='word_1_149' title='bbox 652 903 735 933; x_wconf 83' lang='lat' dir='ltr'>duae</span> <span class='ocrx_word' id='word_1_150' title='bbox 751 903 888 934; x_wconf 86' lang='lat' dir='ltr'>rationes</span> <span class='ocrx_word' id='word_1_151' title='bbox 909 903 1059 934; x_wconf 76' lang='lat' dir='ltr'>formales</span> <span class='ocrx_word' id='word_1_152' title='bbox 1075 903 1119 934; x_wconf 89' lang='lat' dir='ltr'>sic</span> <span class='ocrx_word' id='word_1_153' title='bbox 1139 903 1333 944; x_wconf 87' lang='lat' dir='ltr'>distinguan-</span> 
     </span>
     <span class='ocr_line' id='line_1_25' title="bbox 256 946 1334 988; baseline 0.002 -11"><span class='ocrx_word' id='word_1_154' title='bbox 256 953 309 978; x_wconf 88' lang='lat' dir='ltr'>tur</span> <span class='ocrx_word' id='word_1_155' title='bbox 332 947 423 987; x_wconf 93' lang='lat' dir='ltr'>quod</span> <span class='ocrx_word' id='word_1_156' title='bbox 445 947 542 978; x_wconf 86' lang='lat' dir='ltr'>altera</span> <span class='ocrx_word' id='word_1_157' title='bbox 565 946 605 978; x_wconf 92' lang='lat' dir='ltr'>sit</span> <span class='ocrx_word' id='word_1_158' title='bbox 631 946 766 978; x_wconf 85' lang='lat' dir='ltr'>formale</span> <span class='ocrx_word' id='word_1_159' title='bbox 794 948 989 988; x_wconf 89' lang='lat' dir='ltr'>principium</span> <span class='ocrx_word' id='word_1_160' title='bbox 1019 948 1274 984; x_wconf 87' lang='lat' dir='ltr'>convenientiae,</span> <span class='ocrx_word' id='word_1_161' title='bbox 1304 955 1334 979; x_wconf 90' lang='lat' dir='ltr'>et</span> 
     </span>
     <span class='ocr_line' id='line_1_26' title="bbox 256 990 1333 1034; baseline 0.001 -12"><span class='ocrx_word' id='word_1_162' title='bbox 256 991 353 1022; x_wconf 84' lang='lat' dir='ltr'>altera</span> <span class='ocrx_word' id='word_1_163' title='bbox 376 991 416 1022; x_wconf 89' lang='lat' dir='ltr'>sit</span> <span class='ocrx_word' id='word_1_164' title='bbox 438 990 573 1022; x_wconf 88' lang='lat' dir='ltr'>formale</span> <span class='ocrx_word' id='word_1_165' title='bbox 595 991 790 1032; x_wconf 89' lang='lat' dir='ltr'>principium</span> <span class='ocrx_word' id='word_1_166' title='bbox 814 992 1020 1029; x_wconf 88' lang='lat' dir='ltr'>differentiae,</span> <span class='ocrx_word' id='word_1_167' title='bbox 1043 1003 1110 1023; x_wconf 94' lang='lat' dir='ltr'>non</span> <span class='ocrx_word' id='word_1_168' title='bbox 1134 993 1236 1034; x_wconf 88' lang='lat' dir='ltr'>possit</span> <span class='ocrx_word' id='word_1_169' title='bbox 1259 993 1333 1023; x_wconf 91' lang='lat' dir='ltr'>sim-</span> 
     </span>
     <span class='ocr_line' id='line_1_27' title="bbox 255 1035 1333 1080; baseline 0.002 -14"><span class='ocrx_word' id='word_1_170' title='bbox 255 1035 380 1077; x_wconf 89' lang='lat' dir='ltr'>pliciter</span> <span class='ocrx_word' id='word_1_171' title='bbox 391 1035 499 1067; x_wconf 89' lang='lat' dir='ltr'>inferri</span> <span class='ocrx_word' id='word_1_172' title='bbox 511 1036 672 1067; x_wconf 91' lang='lat' dir='ltr'>distinctio</span> <span class='ocrx_word' id='word_1_173' title='bbox 685 1037 776 1068; x_wconf 88' lang='lat' dir='ltr'>realis</span> <span class='ocrx_word' id='word_1_174' title='bbox 792 1037 873 1068; x_wconf 90' lang='lat' dir='ltr'>inter</span> <span class='ocrx_word' id='word_1_175' title='bbox 885 1047 936 1068; x_wconf 84' lang='lat' dir='ltr'>eas</span> <span class='ocrx_word' id='word_1_176' title='bbox 950 1036 1109 1080; x_wconf 89' lang='lat' dir='ltr'>(alioquin</span> <span class='ocrx_word' id='word_1_177' title='bbox 1123 1048 1220 1068; x_wconf 89' lang='lat' dir='ltr'>omne</span> <span class='ocrx_word' id='word_1_178' title='bbox 1232 1048 1333 1078; x_wconf 92' lang='lat' dir='ltr'>genus</span> 
     </span>
     <span class='ocr_line' id='line_1_28' title="bbox 255 1080 1332 1124; baseline 0.001 -13"><span class='ocrx_word' id='word_1_179' title='bbox 255 1080 380 1111; x_wconf 84' lang='lat' dir='ltr'>realiter</span> <span class='ocrx_word' id='word_1_180' title='bbox 411 1087 573 1121; x_wconf 87' lang='lat' dir='ltr'>oporteret</span> <span class='ocrx_word' id='word_1_181' title='bbox 606 1081 758 1122; x_wconf 89' lang='lat' dir='ltr'>distingui</span> <span class='ocrx_word' id='word_1_182' title='bbox 782 1092 799 1112; x_wconf 90' lang='lat' dir='ltr'>a</span> <span class='ocrx_word' id='word_1_183' title='bbox 823 1082 888 1112; x_wconf 90' lang='lat' dir='ltr'>suis</span> <span class='ocrx_word' id='word_1_184' title='bbox 917 1080 1141 1124; x_wconf 85' lang='lat' dir='ltr'>differentiis):</span> <span class='ocrx_word' id='word_1_185' title='bbox 1173 1088 1332 1118; x_wconf 81' lang='lat' dir='ltr'>attamen,</span> 
     </span>
     <span class='ocr_line' id='line_1_29' title="bbox 242 1124 1332 1167; baseline 0.002 -12"><span class='ocrx_word' id='word_1_186' title='bbox 242 1124 355 1165; x_wconf 75' lang='lat' dir='ltr'>gratia</span> <span class='ocrx_word' id='word_1_187' title='bbox 378 1125 527 1156; x_wconf 89' lang='lat' dir='ltr'>materiae</span> <span class='ocrx_word' id='word_1_188' title='bbox 552 1126 591 1156; x_wconf 94' lang='lat' dir='ltr'>de</span> <span class='ocrx_word' id='word_1_189' title='bbox 607 1136 671 1167; x_wconf 87' lang='lat' dir='ltr'>qua</span> <span class='ocrx_word' id='word_1_190' title='bbox 694 1134 740 1158; x_wconf 92' lang='lat' dir='ltr'>est</span> <span class='ocrx_word' id='word_1_191' title='bbox 755 1137 871 1163; x_wconf 89' lang='lat' dir='ltr'>sermo,</span> <span class='ocrx_word' id='word_1_192' title='bbox 890 1127 1007 1158; x_wconf 91' lang='lat' dir='ltr'>scilicet</span> <span class='ocrx_word' id='word_1_193' title='bbox 1031 1127 1184 1157; x_wconf 86' lang='lat' dir='ltr'>essentiae</span> <span class='ocrx_word' id='word_1_194' title='bbox 1208 1134 1238 1157; x_wconf 93' lang='lat' dir='ltr'>et</span> <span class='ocrx_word' id='word_1_195' title='bbox 1255 1136 1332 1162; x_wconf 90' lang='lat' dir='ltr'>esse,</span> 
     </span>
     <span class='ocr_line' id='line_1_30' title="bbox 256 1169 1334 1210; baseline 0.001 -11"><span class='ocrx_word' id='word_1_196' title='bbox 256 1169 380 1210; x_wconf 89' lang='lat' dir='ltr'>optime</span> <span class='ocrx_word' id='word_1_197' title='bbox 404 1176 511 1210; x_wconf 91' lang='lat' dir='ltr'>potest</span> <span class='ocrx_word' id='word_1_198' title='bbox 540 1170 648 1201; x_wconf 86' lang='lat' dir='ltr'>inferri</span> <span class='ocrx_word' id='word_1_199' title='bbox 679 1171 839 1202; x_wconf 89' lang='lat' dir='ltr'>distinctio</span> <span class='ocrx_word' id='word_1_200' title='bbox 864 1171 955 1202; x_wconf 90' lang='lat' dir='ltr'>realis</span> <span class='ocrx_word' id='word_1_201' title='bbox 979 1181 1046 1202; x_wconf 88' lang='lat' dir='ltr'>esse</span> <span class='ocrx_word' id='word_1_202' title='bbox 1075 1172 1114 1201; x_wconf 88' lang='lat' dir='ltr'>ab</span> <span class='ocrx_word' id='word_1_203' title='bbox 1139 1171 1273 1202; x_wconf 85' lang='lat' dir='ltr'>essentia</span> <span class='ocrx_word' id='word_1_204' title='bbox 1297 1181 1334 1201; x_wconf 88' lang='lat' dir='ltr'>ex</span> 
     </span>
     <span class='ocr_line' id='line_1_31' title="bbox 253 1213 1333 1257; baseline 0.001 -13"><span class='ocrx_word' id='word_1_205' title='bbox 253 1213 459 1257; x_wconf 73' lang='lat' dir='ltr'>distinctione</span> <span class='ocrx_word' id='word_1_206' title='bbox 482 1215 629 1246; x_wconf 65' lang='lat' dir='ltr'>absolute</span> <span class='ocrx_word' id='word_1_207' title='bbox 658 1215 739 1246; x_wconf 89' lang='lat' dir='ltr'>inter</span> <span class='ocrx_word' id='word_1_208' title='bbox 767 1226 868 1256; x_wconf 88' lang='lat' dir='ltr'>genus</span> <span class='ocrx_word' id='word_1_209' title='bbox 897 1223 928 1246; x_wconf 91' lang='lat' dir='ltr'>et</span> <span class='ocrx_word' id='word_1_210' title='bbox 957 1226 1041 1252; x_wconf 87' lang='lat' dir='ltr'>esse,</span> <span class='ocrx_word' id='word_1_211' title='bbox 1066 1215 1099 1245; x_wconf 91' lang='lat' dir='ltr'>in</span> <span class='ocrx_word' id='word_1_212' title='bbox 1129 1225 1196 1256; x_wconf 93' lang='lat' dir='ltr'>quo</span> <span class='ocrx_word' id='word_1_213' title='bbox 1225 1215 1333 1246; x_wconf 91' lang='lat' dir='ltr'>distin-</span> 
     </span>
     <span class='ocr_line' id='line_1_32' title="bbox 245 1257 1333 1302; baseline 0.001 -13"><span class='ocrx_word' id='word_1_214' title='bbox 245 1257 509 1300; x_wconf 62' lang='lat' dir='ltr'>guitur‘species.</span> <span class='ocrx_word' id='word_1_215' title='bbox 535 1259 576 1291; x_wconf 91' lang='lat' dir='ltr'>Et</span> <span class='ocrx_word' id='word_1_216' title='bbox 598 1259 679 1291; x_wconf 90' lang='lat' dir='ltr'>ratio</span> <span class='ocrx_word' id='word_1_217' title='bbox 699 1267 763 1296; x_wconf 92' lang='lat' dir='ltr'>est,</span> <span class='ocrx_word' id='word_1_218' title='bbox 788 1261 864 1302; x_wconf 84' lang='lat' dir='ltr'>quia</span> <span class='ocrx_word' id='word_1_219' title='bbox 882 1261 941 1291; x_wconf 90' lang='lat' dir='ltr'>ista</span> <span class='ocrx_word' id='word_1_220' title='bbox 956 1261 1023 1291; x_wconf 93' lang='lat' dir='ltr'>duo</span> <span class='ocrx_word' id='word_1_221' title='bbox 1039 1267 1156 1291; x_wconf 90' lang='lat' dir='ltr'>mutuo</span> <span class='ocrx_word' id='word_1_222' title='bbox 1173 1270 1206 1290; x_wconf 91' lang='lat' dir='ltr'>se</span> <span class='ocrx_word' id='word_1_223' title='bbox 1223 1270 1333 1291; x_wconf 89' lang='lat' dir='ltr'>conse-</span> 
     </span>
     <span class='ocr_line' id='line_1_33' title="bbox 256 1304 1332 1346; baseline 0.001 -12"><span class='ocrx_word' id='word_1_224' title='bbox 256 1309 411 1344; x_wconf 90' lang='lat' dir='ltr'>quuntur,</span> <span class='ocrx_word' id='word_1_225' title='bbox 429 1305 599 1335; x_wconf 85' lang='lat' dir='ltr'>existentia</span> <span class='ocrx_word' id='word_1_226' title='bbox 615 1304 830 1346; x_wconf 78' lang='lat' dir='ltr'>distinguitur</span> <span class='ocrx_word' id='word_1_227' title='bbox 840 1305 1034 1346; x_wconf 86' lang='lat' dir='ltr'>formaliter</span> <span class='ocrx_word' id='word_1_228' title='bbox 1048 1315 1069 1336; x_wconf 86' lang='lat' dir='ltr'>a</span> <span class='ocrx_word' id='word_1_229' title='bbox 1085 1305 1274 1346; x_wconf 84' lang='lat' dir='ltr'>quidditate,</span> <span class='ocrx_word' id='word_1_230' title='bbox 1293 1312 1332 1341; x_wconf 88' lang='lat' dir='ltr'>et,</span> 
     </span>
    </p>
   </div>
   <div class='ocr_carea' id='block_1_10' title="bbox 0 1347 1334 1404">
    <p class='ocr_par' dir='ltr' id='par_1_11' title="bbox 0 1333 1334 1404">
     <span class='ocr_line' id='line_1_34' title="bbox 0 1347 1334 1404; baseline 0.002 -27"><span class='ocrx_word' id='word_1_231' title='bbox 0 1352 187 1404; x_wconf 45' lang='lat' dir='ltr'>*buche-gt</span> <span class='ocrx_word' id='word_1_232' title='bbox 206 1355 232 1374; x_wconf 83' lang='lat' dir='ltr'>et</span> <span class='ocrx_word' id='word_1_233' title='bbox 256 1348 427 1379; x_wconf 80' lang='lat' dir='ltr'>existentia</span> <span class='ocrx_word' id='word_1_234' title='bbox 457 1348 671 1390; x_wconf 81' lang='lat' dir='ltr'>distinguitur</span> <span class='ocrx_word' id='word_1_235' title='bbox 698 1349 832 1380; x_wconf 87' lang='lat' dir='ltr'>realiter</span> <span class='ocrx_word' id='word_1_236' title='bbox 854 1359 874 1380; x_wconf 89' lang='lat' dir='ltr'>a</span> <span class='ocrx_word' id='word_1_237' title='bbox 898 1350 1088 1390; x_wconf 83' lang='lat' dir='ltr'>quidditate‚</span> <span class='ocrx_word' id='word_1_238' title='bbox 1115 1356 1150 1380; x_wconf 87' lang='lat' dir='ltr'>ut</span> <span class='ocrx_word' id='word_1_239' title='bbox 1174 1348 1292 1380; x_wconf 91' lang='lat' dir='ltr'>ibidem</span> <span class='ocrx_word' id='word_1_240' title='bbox 1318 1347 1334 1364; x_wconf 77' lang='grc'><strong><em>*</em></strong></span> 
     </span>
    </p>
   </div>
   <div class='ocr_carea' id='block_1_11' title="bbox 253 1392 1334 2640">
    <p class='ocr_par' dir='ltr' id='par_1_12' title="bbox 257 1392 853 1430">
     <span class='ocr_line' id='line_1_35' title="bbox 257 1392 853 1430; baseline 0.003 -7"><span class='ocrx_word' id='word_1_241' title='bbox 257 1392 496 1423; x_wconf 86' lang='lat' dir='ltr'>declaravimus.</span> <span class='ocrx_word' id='word_1_242' title='bbox 521 1393 597 1423; x_wconf 87' lang='lat' dir='ltr'>ldeo</span> <span class='ocrx_word' id='word_1_243' title='bbox 620 1393 692 1423; x_wconf 87' lang='lat' dir='ltr'>vide</span> <span class='ocrx_word' id='word_1_244' title='bbox 715 1394 770 1430; x_wconf 81' lang='lat' dir='ltr'>ibi,</span> <span class='ocrx_word' id='word_1_245' title='bbox 796 1401 853 1425; x_wconf 88' lang='lat' dir='ltr'>etc.</span> 
     </span>
    </p>

    <p class='ocr_par' dir='ltr' id='par_1_13' title="bbox 255 1436 1334 1608">
     <span class='ocr_line' id='line_1_36' title="bbox 312 1436 1334 1479; baseline 0.002 -12"><span class='ocrx_word' id='word_1_246' title='bbox 312 1437 381 1468; x_wconf 80' lang='lat' dir='ltr'>vll.</span> <span class='ocrx_word' id='word_1_247' title='bbox 401 1436 618 1468; x_wconf 88' lang='lat' dir='ltr'>Corollarium</span> <span class='ocrx_word' id='word_1_248' title='bbox 642 1443 750 1468; x_wconf 87' lang='lat' dir='ltr'>autem</span> <span class='ocrx_word' id='word_1_249' title='bbox 774 1446 935 1469; x_wconf 88' lang='lat' dir='ltr'>annexum</span> <span class='ocrx_word' id='word_1_250' title='bbox 959 1438 1080 1479; x_wconf 84' lang='lat' dir='ltr'>primae</span> <span class='ocrx_word' id='word_1_251' title='bbox 1102 1438 1334 1469; x_wconf 72' lang='lat' dir='ltr'>conclusioni*</span> 
     </span>
     <span class='ocr_line' id='line_1_37' title="bbox 255 1481 1333 1523; baseline 0.001 -9"><span class='ocrx_word' id='word_1_252' title='bbox 255 1488 317 1515; x_wconf 75' lang='lat' dir='ltr'>est:</span> <span class='ocrx_word' id='word_1_253' title='bbox 340 1481 401 1512; x_wconf 91' lang='lat' dir='ltr'>Dei</span> <span class='ocrx_word' id='word_1_254' title='bbox 419 1491 524 1523; x_wconf 88' lang='lat' dir='ltr'>neque</span> <span class='ocrx_word' id='word_1_255' title='bbox 539 1489 586 1513; x_wconf 88' lang='lat' dir='ltr'>est</span> <span class='ocrx_word' id='word_1_256' title='bbox 608 1492 720 1523; x_wconf 87' lang='lat' dir='ltr'>genus,</span> <span class='ocrx_word' id='word_1_257' title='bbox 738 1493 796 1514; x_wconf 90' lang='lat' dir='ltr'>nec</span> <span class='ocrx_word' id='word_1_258' title='bbox 821 1483 1004 1520; x_wconf 88' lang='lat' dir='ltr'>differentia,</span> <span class='ocrx_word' id='word_1_259' title='bbox 1022 1493 1080 1514; x_wconf 89' lang='lat' dir='ltr'>nec</span> <span class='ocrx_word' id='word_1_260' title='bbox 1104 1483 1257 1520; x_wconf 87' lang='lat' dir='ltr'>definitio,</span> <span class='ocrx_word' id='word_1_261' title='bbox 1275 1493 1333 1515; x_wconf 92' lang='lat' dir='ltr'>nec</span> 
     </span>
     <span class='ocr_line' id='line_1_38' title="bbox 256 1525 1332 1569; baseline 0.002 -12"><span class='ocrx_word' id='word_1_262' title='bbox 256 1525 486 1558; x_wconf 80' lang='lat' dir='ltr'>demonstratio</span> <span class='ocrx_word' id='word_1_263' title='bbox 509 1526 570 1557; x_wconf 88' lang='lat' dir='ltr'>nisi</span> <span class='ocrx_word' id='word_1_264' title='bbox 593 1537 650 1568; x_wconf 83' lang='lat' dir='ltr'>per</span> <span class='ocrx_word' id='word_1_265' title='bbox 673 1526 831 1559; x_wconf 84' lang='lat' dir='ltr'>effectum.</span> <span class='ocrx_word' id='word_1_266' title='bbox 844 1546 864 1550; x_wconf 98' lang='lat'>—</span> <span class='ocrx_word' id='word_1_267' title='bbox 877 1528 967 1559; x_wconf 83' lang='lat' dir='ltr'>Patet</span> <span class='ocrx_word' id='word_1_268' title='bbox 989 1529 1132 1569; x_wconf 81' lang='lat' dir='ltr'>sequela:</span> <span class='ocrx_word' id='word_1_269' title='bbox 1158 1528 1234 1569; x_wconf 86' lang='lat' dir='ltr'>quia</span> <span class='ocrx_word' id='word_1_270' title='bbox 1258 1527 1332 1559; x_wconf 86' lang='lat' dir='ltr'>defi-</span> 
     </span>
     <span class='ocr_line' id='line_1_39' title="bbox 255 1569 430 1608; baseline -0.006 -6"><span class='ocrx_word' id='word_1_271' title='bbox 255 1569 347 1608; x_wconf 83' lang='lat' dir='ltr'>nitio,</span> <span class='ocrx_word' id='word_1_272' title='bbox 372 1575 430 1602; x_wconf 87' lang='lat' dir='ltr'>etc.</span> 
     </span>
    </p>

    <p class='ocr_par' dir='ltr' id='par_1_14' title="bbox 254 1613 1333 1926">
     <span class='ocr_line' id='line_1_40' title="bbox 309 1613 1332 1658; baseline 0.001 -11"><span class='ocrx_word' id='word_1_273' title='bbox 309 1613 395 1647; x_wconf 87' lang='lat' dir='ltr'>vm.</span> <span class='ocrx_word' id='word_1_274' title='bbox 412 1614 588 1647; x_wconf 91' lang='lat' dir='ltr'>Conclusio</span> <span class='ocrx_word' id='word_1_275' title='bbox 604 1626 680 1647; x_wconf 90' lang='lat' dir='ltr'>vero</span> <span class='ocrx_word' id='word_1_276' title='bbox 697 1618 837 1648; x_wconf 89' lang='lat' dir='ltr'>secunda</span> <span class='ocrx_word' id='word_1_277' title='bbox 848 1617 865 1636; x_wconf 90' lang='lat'>*</span> <span class='ocrx_word' id='word_1_278' title='bbox 884 1624 930 1648; x_wconf 90' lang='lat' dir='ltr'>est</span> <span class='ocrx_word' id='word_1_279' title='bbox 947 1617 1043 1648; x_wconf 88' lang='lat' dir='ltr'>etiam</span> <span class='ocrx_word' id='word_1_280' title='bbox 1059 1617 1219 1658; x_wconf 88' lang='lat' dir='ltr'>negativa:</span> <span class='ocrx_word' id='word_1_281' title='bbox 1244 1619 1332 1649; x_wconf 91' lang='lat' dir='ltr'>Deus</span> 
     </span>
     <span class='ocr_line' id='line_1_41' title="bbox 254 1659 1333 1704; baseline 0.003 -14"><span class='ocrx_word' id='word_1_282' title='bbox 254 1669 323 1691; x_wconf 88' lang='lat' dir='ltr'>non</span> <span class='ocrx_word' id='word_1_283' title='bbox 335 1660 383 1691; x_wconf 85' lang='lat' dir='ltr'>es&#39;t</span> <span class='ocrx_word' id='word_1_284' title='bbox 397 1659 430 1690; x_wconf 91' lang='lat' dir='ltr'>in</span> <span class='ocrx_word' id='word_1_285' title='bbox 443 1659 552 1701; x_wconf 82' lang='lat' dir='ltr'>aliquo</span> <span class='ocrx_word' id='word_1_286' title='bbox 564 1670 679 1701; x_wconf 85' lang='lat' dir='ltr'>genere</span> <span class='ocrx_word' id='word_1_287' title='bbox 691 1661 866 1693; x_wconf 84' lang='lat' dir='ltr'>reductive.</span> <span class='ocrx_word' id='word_1_288' title='bbox 877 1680 897 1684; x_wconf 98' lang='lat'><em>-</em></span> <span class='ocrx_word' id='word_1_289' title='bbox 907 1662 1073 1693; x_wconf 85' lang='lat' dir='ltr'>Probatur.</span> <span class='ocrx_word' id='word_1_290' title='bbox 1090 1662 1178 1693; x_wconf 90' lang='lat' dir='ltr'>Deus</span> <span class='ocrx_word' id='word_1_291' title='bbox 1191 1669 1237 1693; x_wconf 92' lang='lat' dir='ltr'>est</span> <span class='ocrx_word' id='word_1_292' title='bbox 1249 1663 1333 1704; x_wconf 89' lang='lat' dir='ltr'>prin-</span> 
     </span>
     <span class='ocr_line' id='line_1_42' title="bbox 255 1703 1332 1748; baseline 0.003 -13"><span class='ocrx_word' id='word_1_293' title='bbox 255 1703 387 1746; x_wconf 85' lang='lat' dir='ltr'>cipium,</span> <span class='ocrx_word' id='word_1_294' title='bbox 403 1714 470 1735; x_wconf 89' lang='lat' dir='ltr'>non</span> <span class='ocrx_word' id='word_1_295' title='bbox 494 1703 628 1736; x_wconf 88' lang='lat' dir='ltr'>alicuius</span> <span class='ocrx_word' id='word_1_296' title='bbox 649 1706 773 1746; x_wconf 88' lang='lat' dir='ltr'>generis</span> <span class='ocrx_word' id='word_1_297' title='bbox 793 1713 929 1743; x_wconf 91' lang='lat' dir='ltr'>tantum,</span> <span class='ocrx_word' id='word_1_298' title='bbox 947 1706 1002 1737; x_wconf 91' lang='lat' dir='ltr'>sed</span> <span class='ocrx_word' id='word_1_299' title='bbox 1025 1706 1124 1738; x_wconf 88' lang='lat' dir='ltr'>totius</span> <span class='ocrx_word' id='word_1_300' title='bbox 1148 1716 1231 1738; x_wconf 86' lang='lat' dir='ltr'>esse:</span> <span class='ocrx_word' id='word_1_301' title='bbox 1256 1718 1332 1748; x_wconf 90' lang='lat' dir='ltr'>ergo</span> 
     </span>
     <span class='ocr_line' id='line_1_43' title="bbox 255 1749 1332 1793; baseline 0.003 -13"><span class='ocrx_word' id='word_1_302' title='bbox 255 1758 322 1781; x_wconf 92' lang='lat' dir='ltr'>non</span> <span class='ocrx_word' id='word_1_303' title='bbox 351 1749 534 1780; x_wconf 90' lang='lat' dir='ltr'>continetur</span> <span class='ocrx_word' id='word_1_304' title='bbox 560 1749 721 1781; x_wconf 88' lang='lat' dir='ltr'>reductive</span> <span class='ocrx_word' id='word_1_305' title='bbox 751 1750 784 1782; x_wconf 89' lang='lat' dir='ltr'>in</span> <span class='ocrx_word' id='word_1_306' title='bbox 808 1750 917 1793; x_wconf 86' lang='lat' dir='ltr'>aliquo</span> <span class='ocrx_word' id='word_1_307' title='bbox 941 1761 1065 1791; x_wconf 86' lang='lat' dir='ltr'>genere.</span> <span class='ocrx_word' id='word_1_308' title='bbox 1090 1769 1109 1774; x_wconf 89' lang='lat'>-</span> <span class='ocrx_word' id='word_1_309' title='bbox 1132 1752 1332 1784; x_wconf 83' lang='lat' dir='ltr'>Antecedens</span> 
     </span>
     <span class='ocr_line' id='line_1_44' title="bbox 254 1793 1332 1837; baseline 0.004 -13"><span class='ocrx_word' id='word_1_310' title='bbox 254 1793 460 1835; x_wconf 80' lang='lat' dir='ltr'>supponitur.</span> <span class='ocrx_word' id='word_1_311' title='bbox 485 1793 726 1836; x_wconf 85' lang='lat' dir='ltr'>Consequentia</span> <span class='ocrx_word' id='word_1_312' title='bbox 748 1796 912 1836; x_wconf 88' lang='lat' dir='ltr'>probatur.</span> <span class='ocrx_word' id='word_1_313' title='bbox 937 1795 1043 1827; x_wconf 88' lang='lat' dir='ltr'>Omne</span> <span class='ocrx_word' id='word_1_314' title='bbox 1067 1796 1157 1837; x_wconf 92' lang='lat' dir='ltr'>quod</span> <span class='ocrx_word' id='word_1_315' title='bbox 1176 1804 1223 1828; x_wconf 89' lang='lat' dir='ltr'>est</span> <span class='ocrx_word' id='word_1_316' title='bbox 1239 1797 1332 1828; x_wconf 91' lang='lat' dir='ltr'>redu-</span> 
     </span>
     <span class='ocr_line' id='line_1_45' title="bbox 255 1836 1331 1882; baseline 0.003 -13"><span class='ocrx_word' id='word_1_317' title='bbox 255 1836 337 1873; x_wconf 76' lang='lat' dir='ltr'>ctive</span> <span class='ocrx_word' id='word_1_318' title='bbox 359 1837 393 1869; x_wconf 89' lang='lat' dir='ltr'>in</span> <span class='ocrx_word' id='word_1_319' title='bbox 408 1837 518 1880; x_wconf 87' lang='lat' dir='ltr'>aliquo</span> <span class='ocrx_word' id='word_1_320' title='bbox 535 1848 660 1879; x_wconf 83' lang='lat' dir='ltr'>genere,</span> <span class='ocrx_word' id='word_1_321' title='bbox 676 1846 723 1871; x_wconf 90' lang='lat' dir='ltr'>est</span> <span class='ocrx_word' id='word_1_322' title='bbox 742 1840 936 1881; x_wconf 86' lang='lat' dir='ltr'>principium</span> <span class='ocrx_word' id='word_1_323' title='bbox 951 1847 1077 1872; x_wconf 88' lang='lat' dir='ltr'>tantum</span> <span class='ocrx_word' id='word_1_324' title='bbox 1101 1840 1184 1872; x_wconf 85' lang='lat' dir='ltr'>illius</span> <span class='ocrx_word' id='word_1_325' title='bbox 1198 1842 1331 1882; x_wconf 86' lang='lat' dir='ltr'>generis,</span> 
     </span>
     <span class='ocr_line' id='line_1_46' title="bbox 255 1883 1332 1926; baseline 0.002 -12"><span class='ocrx_word' id='word_1_326' title='bbox 255 1888 292 1914; x_wconf 92' lang='lat' dir='ltr'>ut</span> <span class='ocrx_word' id='word_1_327' title='bbox 314 1889 402 1924; x_wconf 83' lang='lat' dir='ltr'>patet</span> <span class='ocrx_word' id='word_1_328' title='bbox 421 1883 480 1914; x_wconf 89' lang='lat' dir='ltr'>XII</span> <span class='ocrx_word' id='word_1_329' title='bbox 497 1883 683 1925; x_wconf 77' lang='lat' dir='ltr'>Metaphys.</span> <span class='ocrx_word' id='word_1_330' title='bbox 698 1884 715 1903; x_wconf 88' lang='grc'><em>*</em></span> <span class='ocrx_word' id='word_1_331' title='bbox 739 1885 778 1915; x_wconf 93' lang='lat' dir='ltr'>de</span> <span class='ocrx_word' id='word_1_332' title='bbox 802 1885 964 1926; x_wconf 86' lang='lat' dir='ltr'>principiis</span> <span class='ocrx_word' id='word_1_333' title='bbox 987 1885 1332 1917; x_wconf 84' lang='lat' dir='ltr'>Praedicamentorum.</span> 
     </span>
    </p>

    <p class='ocr_par' dir='ltr' id='par_1_15' title="bbox 255 1926 1333 2148">
     <span class='ocr_line' id='line_1_47' title="bbox 311 1926 1333 1961; baseline 0.003 -3"><span class='ocrx_word' id='word_1_334' title='bbox 311 1926 365 1959; x_wconf 79' lang='lat' dir='ltr'>lx.</span> <span class='ocrx_word' id='word_1_335' title='bbox 391 1927 485 1959; x_wconf 88' lang='lat' dir='ltr'>Circa</span> <span class='ocrx_word' id='word_1_336' title='bbox 507 1927 590 1959; x_wconf 87' lang='lat' dir='ltr'>hanc</span> <span class='ocrx_word' id='word_1_337' title='bbox 620 1929 863 1960; x_wconf 87' lang='lat' dir='ltr'>conclusionem</span> <span class='ocrx_word' id='word_1_338' title='bbox 892 1929 1030 1961; x_wconf 90' lang='lat' dir='ltr'>occurrit</span> <span class='ocrx_word' id='word_1_339' title='bbox 1053 1929 1190 1961; x_wconf 88' lang='lat' dir='ltr'>dubium</span> <span class='ocrx_word' id='word_1_340' title='bbox 1212 1931 1256 1961; x_wconf 87' lang='lat' dir='ltr'>ad</span> <span class='ocrx_word' id='word_1_341' title='bbox 1278 1931 1333 1961; x_wconf 84' lang='lat' dir='ltr'>ho-</span> 
     </span>
     <span class='ocr_line' id='line_1_48' title="bbox 257 1971 1331 2016; baseline 0.003 -13"><span class='ocrx_word' id='word_1_342' title='bbox 257 1972 391 2004; x_wconf 85' lang='lat' dir='ltr'>minem:</span> <span class='ocrx_word' id='word_1_343' title='bbox 415 1971 492 2013; x_wconf 84' lang='lat' dir='ltr'>quia</span> <span class='ocrx_word' id='word_1_344' title='bbox 513 1972 547 2003; x_wconf 91' lang='lat' dir='ltr'>in</span> <span class='ocrx_word' id='word_1_345' title='bbox 571 1972 583 2003; x_wconf 94' lang='lat'>1</span> <span class='ocrx_word' id='word_1_346' title='bbox 600 1972 700 2011; x_wconf 66' lang='lat' dir='ltr'>Sem„</span> <span class='ocrx_word' id='word_1_347' title='bbox 719 1973 790 2005; x_wconf 90' lang='lat' dir='ltr'>dist.</span> <span class='ocrx_word' id='word_1_348' title='bbox 807 1984 872 2010; x_wconf 86' lang='lat' dir='ltr'>vm,</span> <span class='ocrx_word' id='word_1_349' title='bbox 890 1984 945 2016; x_wconf 92' lang='lat' dir='ltr'>qu.</span> <span class='ocrx_word' id='word_1_350' title='bbox 962 1981 1079 2010; x_wconf 64' lang='lat' dir='ltr'>1v,‚art.</span> <span class='ocrx_word' id='word_1_351' title='bbox 1099 1984 1128 2011; x_wconf 87' lang='lat'>2,</span> <span class='ocrx_word' id='word_1_352' title='bbox 1146 1975 1186 2005; x_wconf 84' lang='lat' dir='ltr'>ad</span> <span class='ocrx_word' id='word_1_353' title='bbox 1205 1975 1232 2011; x_wconf 85' lang='lat'>3,</span> <span class='ocrx_word' id='word_1_354' title='bbox 1251 1982 1281 2006; x_wconf 93' lang='lat' dir='ltr'>et</span> <span class='ocrx_word' id='word_1_355' title='bbox 1300 1975 1331 2006; x_wconf 92' lang='lat' dir='ltr'>in</span> 
     </span>
     <span class='ocr_line' id='line_1_49' title="bbox 256 2016 1332 2058; baseline 0.002 -10"><span class='ocrx_word' id='word_1_356' title='bbox 256 2017 322 2055; x_wconf 87' lang='lat' dir='ltr'>Qu.</span> <span class='ocrx_word' id='word_1_357' title='bbox 338 2016 379 2048; x_wconf 80' lang='lat' dir='ltr'>de</span> <span class='ocrx_word' id='word_1_358' title='bbox 401 2017 566 2055; x_wconf 87' lang='lat' dir='ltr'>Potentia,</span> <span class='ocrx_word' id='word_1_359' title='bbox 590 2027 644 2058; x_wconf 91' lang='lat' dir='ltr'>qu.</span> <span class='ocrx_word' id='word_1_360' title='bbox 665 2029 724 2055; x_wconf 89' lang='lat' dir='ltr'>vn,</span> <span class='ocrx_word' id='word_1_361' title='bbox 749 2025 806 2050; x_wconf 86' lang='lat' dir='ltr'>art.</span> <span class='ocrx_word' id='word_1_362' title='bbox 831 2019 846 2049; x_wconf 91' lang='lat'>3</span> <span class='ocrx_word' id='word_1_363' title='bbox 860 2043 867 2055; x_wconf 90' lang='lat'>,</span> <span class='ocrx_word' id='word_1_364' title='bbox 893 2019 932 2049; x_wconf 88' lang='lat' dir='ltr'>ad</span> <span class='ocrx_word' id='word_1_365' title='bbox 956 2019 1122 2055; x_wconf 89' lang='lat' dir='ltr'>ultimum,</span> <span class='ocrx_word' id='word_1_366' title='bbox 1148 2029 1172 2050; x_wconf 94' lang='lat' dir='ltr'>s.</span> <span class='ocrx_word' id='word_1_367' title='bbox 1187 2019 1332 2050; x_wconf 84' lang='lat' dir='ltr'>Thomas</span> 
     </span>
     <span class='ocr_line' id='line_1_50' title="bbox 255 2061 1332 2103; baseline 0.002 -10"><span class='ocrx_word' id='word_1_368' title='bbox 255 2061 402 2094; x_wconf 87' lang='lat' dir='ltr'>concedit</span> <span class='ocrx_word' id='word_1_369' title='bbox 424 2061 532 2092; x_wconf 91' lang='lat' dir='ltr'>Deum</span> <span class='ocrx_word' id='word_1_370' title='bbox 555 2071 623 2092; x_wconf 87' lang='lat' dir='ltr'>esse</span> <span class='ocrx_word' id='word_1_371' title='bbox 646 2062 679 2093; x_wconf 92' lang='lat' dir='ltr'>in</span> <span class='ocrx_word' id='word_1_372' title='bbox 702 2072 816 2103; x_wconf 86' lang='lat' dir='ltr'>genere</span> <span class='ocrx_word' id='word_1_373' title='bbox 837 2063 1030 2095; x_wconf 87' lang='lat' dir='ltr'>substantiae</span> <span class='ocrx_word' id='word_1_374' title='bbox 1046 2063 1216 2094; x_wconf 87' lang='lat' dir='ltr'>reductive.</span> <span class='ocrx_word' id='word_1_375' title='bbox 1242 2065 1332 2101; x_wconf 91' lang='lat' dir='ltr'>Quo-</span> 
     </span>
     <span class='ocr_line' id='line_1_51' title="bbox 255 2105 918 2148; baseline 0.002 -11"><span class='ocrx_word' id='word_1_376' title='bbox 255 2106 357 2138; x_wconf 89' lang='lat' dir='ltr'>modo</span> <span class='ocrx_word' id='word_1_377' title='bbox 380 2105 432 2137; x_wconf 90' lang='lat' dir='ltr'>hic</span> <span class='ocrx_word' id='word_1_378' title='bbox 455 2105 683 2138; x_wconf 84' lang='lat' dir='ltr'>determinatur</span> <span class='ocrx_word' id='word_1_379' title='bbox 706 2106 918 2148; x_wconf 86' lang='lat' dir='ltr'>oppositum?</span> 
     </span>
    </p>

    <p class='ocr_par' dir='ltr' id='par_1_16' title="bbox 253 2149 1333 2640">
     <span class='ocr_line' id='line_1_52' title="bbox 311 2149 1332 2194; baseline 0.002 -12"><span class='ocrx_word' id='word_1_380' title='bbox 311 2150 364 2182; x_wconf 87' lang='lat' dir='ltr'>Ad</span> <span class='ocrx_word' id='word_1_381' title='bbox 385 2149 450 2182; x_wconf 88' lang='lat' dir='ltr'>hoc</span> <span class='ocrx_word' id='word_1_382' title='bbox 471 2150 607 2182; x_wconf 89' lang='lat' dir='ltr'>breviter</span> <span class='ocrx_word' id='word_1_383' title='bbox 630 2151 744 2183; x_wconf 91' lang='lat' dir='ltr'>dicitur</span> <span class='ocrx_word' id='word_1_384' title='bbox 767 2152 868 2193; x_wconf 73' lang='lat' dir='ltr'>quod,</span> <span class='ocrx_word' id='word_1_385' title='bbox 893 2159 929 2183; x_wconf 91' lang='lat' dir='ltr'>ut</span> <span class='ocrx_word' id='word_1_386' title='bbox 951 2151 1117 2183; x_wconf 87' lang='lat' dir='ltr'>manifeste</span> <span class='ocrx_word' id='word_1_387' title='bbox 1141 2160 1272 2194; x_wconf 86' lang='lat' dir='ltr'>apparet</span> <span class='ocrx_word' id='word_1_388' title='bbox 1297 2164 1332 2184; x_wconf 87' lang='lat' dir='ltr'>ex</span> 
     </span>
     <span class='ocr_line' id='line_1_53' title="bbox 255 2194 1332 2237; baseline 0.002 -11"><span class='ocrx_word' id='word_1_389' title='bbox 255 2195 269 2226; x_wconf 96' lang='lat'>1</span> <span class='ocrx_word' id='word_1_390' title='bbox 283 2195 384 2234; x_wconf 68' lang='lat' dir='ltr'>Sent„</span> <span class='ocrx_word' id='word_1_391' title='bbox 400 2194 490 2226; x_wconf 86' lang='lat' dir='ltr'>nulla</span> <span class='ocrx_word' id='word_1_392' title='bbox 505 2202 552 2226; x_wconf 91' lang='lat' dir='ltr'>est</span> <span class='ocrx_word' id='word_1_393' title='bbox 570 2196 780 2237; x_wconf 78' lang='lat' dir='ltr'>repugnantia</span> <span class='ocrx_word' id='word_1_394' title='bbox 794 2196 876 2228; x_wconf 88' lang='lat' dir='ltr'>inter</span> <span class='ocrx_word' id='word_1_395' title='bbox 893 2197 975 2228; x_wconf 87' lang='lat' dir='ltr'>dicta</span> <span class='ocrx_word' id='word_1_396' title='bbox 992 2196 1042 2228; x_wconf 89' lang='lat' dir='ltr'>hic</span> <span class='ocrx_word' id='word_1_397' title='bbox 1058 2203 1089 2228; x_wconf 93' lang='lat' dir='ltr'>et</span> <span class='ocrx_word' id='word_1_398' title='bbox 1104 2197 1189 2228; x_wconf 88' lang='lat' dir='ltr'>alibi.</span> <span class='ocrx_word' id='word_1_399' title='bbox 1213 2197 1332 2229; x_wconf 85' lang='lat' dir='ltr'>Distin-</span> 
     </span>
     <span class='ocr_line' id='line_1_54' title="bbox 253 2239 1333 2282; baseline 0.003 -12"><span class='ocrx_word' id='word_1_400' title='bbox 253 2239 364 2281; x_wconf 83' lang='lat' dir='ltr'>guitur</span> <span class='ocrx_word' id='word_1_401' title='bbox 377 2239 538 2281; x_wconf 89' lang='lat' dir='ltr'>siquidem</span> <span class='ocrx_word' id='word_1_402' title='bbox 553 2239 597 2272; x_wconf 88' lang='lat' dir='ltr'>ibi</span> <span class='ocrx_word' id='word_1_403' title='bbox 616 2241 707 2282; x_wconf 92' lang='lat' dir='ltr'>quod</span> <span class='ocrx_word' id='word_1_404' title='bbox 722 2251 790 2272; x_wconf 84' lang='lat' dir='ltr'>esse</span> <span class='ocrx_word' id='word_1_405' title='bbox 805 2241 839 2272; x_wconf 91' lang='lat' dir='ltr'>in</span> <span class='ocrx_word' id='word_1_406' title='bbox 853 2251 968 2282; x_wconf 87' lang='lat' dir='ltr'>genere</span> <span class='ocrx_word' id='word_1_407' title='bbox 992 2248 1029 2272; x_wconf 91' lang='lat' dir='ltr'>ut</span> <span class='ocrx_word' id='word_1_408' title='bbox 1051 2241 1256 2282; x_wconf 86' lang='lat' dir='ltr'>principium,</span> <span class='ocrx_word' id='word_1_409' title='bbox 1273 2249 1333 2274; x_wconf 88' lang='lat' dir='ltr'>stat</span> 
     </span>
     <span class='ocr_line' id='line_1_55' title="bbox 255 2283 1331 2327; baseline 0.003 -12"><span class='ocrx_word' id='word_1_410' title='bbox 255 2283 434 2325; x_wconf 89' lang='lat' dir='ltr'>dupliciter.</span> <span class='ocrx_word' id='word_1_411' title='bbox 458 2284 568 2316; x_wconf 87' lang='lat' dir='ltr'>Primo</span> <span class='ocrx_word' id='word_1_412' title='bbox 592 2285 709 2322; x_wconf 90' lang='lat' dir='ltr'>modo,</span> <span class='ocrx_word' id='word_1_413' title='bbox 734 2293 770 2317; x_wconf 94' lang='lat' dir='ltr'>ut</span> <span class='ocrx_word' id='word_1_414' title='bbox 793 2285 988 2327; x_wconf 87' lang='lat' dir='ltr'>principium</span> <span class='ocrx_word' id='word_1_415' title='bbox 1012 2292 1194 2318; x_wconf 85' lang='lat' dir='ltr'>contentum</span> <span class='ocrx_word' id='word_1_416' title='bbox 1219 2287 1252 2318; x_wconf 88' lang='lat' dir='ltr'>in</span> <span class='ocrx_word' id='word_1_417' title='bbox 1275 2287 1331 2318; x_wconf 93' lang='lat' dir='ltr'>illo</span> 
     </span>
     <span class='ocr_line' id='line_1_56' title="bbox 254 2329 1331 2372; baseline 0.004 -13"><span class='ocrx_word' id='word_1_418' title='bbox 254 2338 384 2370; x_wconf 82' lang='lat' dir='ltr'>genere:</span> <span class='ocrx_word' id='word_1_419' title='bbox 409 2336 441 2360; x_wconf 88' lang='lat' dir='ltr'>et</span> <span class='ocrx_word' id='word_1_420' title='bbox 463 2329 508 2360; x_wconf 92' lang='lat' dir='ltr'>sic</span> <span class='ocrx_word' id='word_1_421' title='bbox 531 2336 664 2370; x_wconf 88' lang='lat' dir='ltr'>negatur</span> <span class='ocrx_word' id='word_1_422' title='bbox 680 2330 787 2361; x_wconf 91' lang='lat' dir='ltr'>Deum</span> <span class='ocrx_word' id='word_1_423' title='bbox 803 2341 870 2361; x_wconf 88' lang='lat' dir='ltr'>esse</span> <span class='ocrx_word' id='word_1_424' title='bbox 895 2330 927 2361; x_wconf 93' lang='lat' dir='ltr'>in</span> <span class='ocrx_word' id='word_1_425' title='bbox 943 2341 1056 2371; x_wconf 88' lang='lat' dir='ltr'>genere</span> <span class='ocrx_word' id='word_1_426' title='bbox 1076 2338 1112 2362; x_wconf 91' lang='lat' dir='ltr'>ut</span> <span class='ocrx_word' id='word_1_427' title='bbox 1126 2331 1331 2372; x_wconf 87' lang='lat' dir='ltr'>principium.</span> 
     </span>
     <span class='ocr_line' id='line_1_57' title="bbox 254 2373 1332 2417; baseline 0.003 -13"><span class='ocrx_word' id='word_1_428' title='bbox 254 2373 330 2405; x_wconf 91' lang='lat' dir='ltr'>Alio</span> <span class='ocrx_word' id='word_1_429' title='bbox 354 2374 466 2411; x_wconf 86' lang='lat' dir='ltr'>modo,</span> <span class='ocrx_word' id='word_1_430' title='bbox 486 2380 523 2405; x_wconf 94' lang='lat' dir='ltr'>ut</span> <span class='ocrx_word' id='word_1_431' title='bbox 541 2374 736 2416; x_wconf 86' lang='lat' dir='ltr'>principium</span> <span class='ocrx_word' id='word_1_432' title='bbox 760 2377 927 2407; x_wconf 80' lang='lat' dir='ltr'>continens</span> <span class='ocrx_word' id='word_1_433' title='bbox 945 2376 1054 2416; x_wconf 90' lang='lat' dir='ltr'>ipsum</span> <span class='ocrx_word' id='word_1_434' title='bbox 1073 2385 1191 2417; x_wconf 89' lang='lat' dir='ltr'>genus:</span> <span class='ocrx_word' id='word_1_435' title='bbox 1216 2383 1247 2407; x_wconf 92' lang='lat' dir='ltr'>et</span> <span class='ocrx_word' id='word_1_436' title='bbox 1269 2376 1332 2407; x_wconf 86' lang='lat' dir='ltr'>hoc</span> 
     </span>
     <span class='ocr_line' id='line_1_58' title="bbox 255 2418 1333 2462; baseline 0.003 -13"><span class='ocrx_word' id='word_1_437' title='bbox 255 2418 356 2450; x_wconf 89' lang='lat' dir='ltr'>modo</span> <span class='ocrx_word' id='word_1_438' title='bbox 375 2419 462 2450; x_wconf 89' lang='lat' dir='ltr'>Deus</span> <span class='ocrx_word' id='word_1_439' title='bbox 479 2425 526 2450; x_wconf 90' lang='lat' dir='ltr'>est</span> <span class='ocrx_word' id='word_1_440' title='bbox 541 2419 787 2460; x_wconf 84' lang='lat' dir='ltr'>quodammodo</span> <span class='ocrx_word' id='word_1_441' title='bbox 807 2419 838 2450; x_wconf 91' lang='lat' dir='ltr'>in</span> <span class='ocrx_word' id='word_1_442' title='bbox 855 2420 1007 2451; x_wconf 89' lang='lat' dir='ltr'>omnibus</span> <span class='ocrx_word' id='word_1_443' title='bbox 1023 2420 1205 2461; x_wconf 90' lang='lat' dir='ltr'>generibus;</span> <span class='ocrx_word' id='word_1_444' title='bbox 1231 2427 1261 2452; x_wconf 89' lang='lat' dir='ltr'>et</span> <span class='ocrx_word' id='word_1_445' title='bbox 1276 2431 1333 2462; x_wconf 90' lang='lat' dir='ltr'>per</span> 
     </span>
     <span class='ocr_line' id='line_1_59' title="bbox 255 2463 1332 2506; baseline 0.002 -12"><span class='ocrx_word' id='word_1_446' title='bbox 255 2463 552 2504; x_wconf 79' lang='lat' dir='ltr'>appropriationem</span> <span class='ocrx_word' id='word_1_447' title='bbox 574 2463 607 2494; x_wconf 92' lang='lat' dir='ltr'>in</span> <span class='ocrx_word' id='word_1_448' title='bbox 623 2474 738 2505; x_wconf 89' lang='lat' dir='ltr'>genere</span> <span class='ocrx_word' id='word_1_449' title='bbox 761 2465 965 2501; x_wconf 87' lang='lat' dir='ltr'>substantiae,</span> <span class='ocrx_word' id='word_1_450' title='bbox 985 2473 1140 2506; x_wconf 84' lang='lat' dir='ltr'>tanquam</span> <span class='ocrx_word' id='word_1_451' title='bbox 1156 2466 1215 2496; x_wconf 89' lang='lat' dir='ltr'>sibi</span> <span class='ocrx_word' id='word_1_452' title='bbox 1230 2466 1332 2506; x_wconf 88' lang='lat' dir='ltr'>magis</span> 
     </span>
     <span class='ocr_line' id='line_1_60' title="bbox 254 2507 1330 2551; baseline 0.002 -13"><span class='ocrx_word' id='word_1_453' title='bbox 254 2507 543 2549; x_wconf 84' lang='lat' dir='ltr'>appropinquante.</span> <span class='ocrx_word' id='word_1_454' title='bbox 568 2509 610 2540; x_wconf 91' lang='lat' dir='ltr'>Et</span> <span class='ocrx_word' id='word_1_455' title='bbox 625 2509 687 2540; x_wconf 92' lang='lat' dir='ltr'>hoc</span> <span class='ocrx_word' id='word_1_456' title='bbox 702 2509 887 2545; x_wconf 89' lang='lat' dir='ltr'>conceditur</span> <span class='ocrx_word' id='word_1_457' title='bbox 909 2509 943 2540; x_wconf 93' lang='lat' dir='ltr'>in</span> <span class='ocrx_word' id='word_1_458' title='bbox 965 2510 1044 2541; x_wconf 90' lang='lat' dir='ltr'>locis</span> <span class='ocrx_word' id='word_1_459' title='bbox 1067 2510 1250 2551; x_wconf 87' lang='lat' dir='ltr'>praedictis;</span> <span class='ocrx_word' id='word_1_460' title='bbox 1276 2510 1330 2540; x_wconf 90' lang='lat' dir='ltr'>ad-</span> 
     </span>
     <span class='ocr_line' id='line_1_61' title="bbox 254 2552 1330 2594; baseline 0.004 -12"><span class='ocrx_word' id='word_1_461' title='bbox 254 2552 407 2583; x_wconf 91' lang='lat' dir='ltr'>vertendo</span> <span class='ocrx_word' id='word_1_462' title='bbox 423 2553 513 2594; x_wconf 92' lang='lat' dir='ltr'>quod</span> <span class='ocrx_word' id='word_1_463' title='bbox 529 2553 562 2583; x_wconf 91' lang='lat' dir='ltr'>id</span> <span class='ocrx_word' id='word_1_464' title='bbox 581 2554 670 2594; x_wconf 90' lang='lat' dir='ltr'>quod</span> <span class='ocrx_word' id='word_1_465' title='bbox 686 2553 719 2584; x_wconf 91' lang='lat' dir='ltr'>in</span> <span class='ocrx_word' id='word_1_466' title='bbox 736 2554 800 2592; x_wconf 92' lang='lat' dir='ltr'>Qu.</span> <span class='ocrx_word' id='word_1_467' title='bbox 817 2554 858 2585; x_wconf 84' lang='lat' dir='ltr'>de</span> <span class='ocrx_word' id='word_1_468' title='bbox 873 2555 1019 2585; x_wconf 87' lang='lat' dir='ltr'>Potentia</span> <span class='ocrx_word' id='word_1_469' title='bbox 1041 2555 1148 2590; x_wconf 86' lang='lat' dir='ltr'>tacuit,</span> <span class='ocrx_word' id='word_1_470' title='bbox 1165 2555 1197 2585; x_wconf 92' lang='lat' dir='ltr'>in</span> <span class='ocrx_word' id='word_1_471' title='bbox 1214 2555 1224 2585; x_wconf 94' lang='lat'>1</span> <span class='ocrx_word' id='word_1_472' title='bbox 1242 2555 1330 2586; x_wconf 76' lang='lat' dir='ltr'>Sent-</span> 
     </span>
     <span class='ocr_line' id='line_1_62' title="bbox 255 2597 1331 2640; baseline 0.003 -13"><span class='ocrx_word' id='word_1_473' title='bbox 255 2597 425 2637; x_wconf 86' lang='lat' dir='ltr'>supplevit.</span> <span class='ocrx_word' id='word_1_474' title='bbox 452 2598 544 2628; x_wconf 93' lang='lat' dir='ltr'>Unde</span> <span class='ocrx_word' id='word_1_475' title='bbox 569 2607 708 2638; x_wconf 91' lang='lat' dir='ltr'>congrue</span> <span class='ocrx_word' id='word_1_476' title='bbox 733 2599 794 2629; x_wconf 93' lang='lat' dir='ltr'>dici</span> <span class='ocrx_word' id='word_1_477' title='bbox 818 2605 923 2639; x_wconf 88' lang='lat' dir='ltr'>potest</span> <span class='ocrx_word' id='word_1_478' title='bbox 941 2599 1031 2640; x_wconf 90' lang='lat' dir='ltr'>quod</span> <span class='ocrx_word' id='word_1_479' title='bbox 1050 2600 1136 2630; x_wconf 89' lang='lat' dir='ltr'>Deus</span> <span class='ocrx_word' id='word_1_480' title='bbox 1153 2606 1199 2630; x_wconf 90' lang='lat' dir='ltr'>est</span> <span class='ocrx_word' id='word_1_481' title='bbox 1223 2599 1255 2629; x_wconf 89' lang='lat' dir='ltr'>in</span> <span class='ocrx_word' id='word_1_482' title='bbox 1279 2610 1331 2639; x_wconf 87' lang='lat' dir='ltr'>ge-</span> 
     </span>
    </p>
   </div>
   <div class='ocr_carea' id='block_1_12' title="bbox 2409 252 2459 297">
    <p class='ocr_par' dir='ltr' id='par_1_17' title="bbox 2409 252 2459 297">
     <span class='ocr_line' id='line_1_63' title="bbox 2409 252 2459 297; baseline 0 -10"><span class='ocrx_word' id='word_1_483' title='bbox 2409 252 2459 297; x_wconf 88' lang='lat'>45</span> 
     </span>
    </p>
   </div>
   <div class='ocr_carea' id='block_1_13' title="bbox 1381 323 2483 2639">
    <p class='ocr_par' dir='ltr' id='par_1_18' title="bbox 1388 323 2464 720">
     <span class='ocr_line' id='line_1_64' title="bbox 1390 323 2464 371; baseline 0.01 -19"><span class='ocrx_word' id='word_1_484' title='bbox 1390 333 1464 353; x_wconf 89' lang='lat' dir='ltr'>nere</span> <span class='ocrx_word' id='word_1_485' title='bbox 1488 330 1523 353; x_wconf 91' lang='lat' dir='ltr'>ut</span> <span class='ocrx_word' id='word_1_486' title='bbox 1547 323 1749 364; x_wconf 90' lang='lat' dir='ltr'>principium,</span> <span class='ocrx_word' id='word_1_487' title='bbox 1767 335 1833 355; x_wconf 90' lang='lat' dir='ltr'>non</span> <span class='ocrx_word' id='word_1_488' title='bbox 1852 328 1937 366; x_wconf 85' lang='lat' dir='ltr'>quod</span> <span class='ocrx_word' id='word_1_489' title='bbox 1960 329 2127 359; x_wconf 85' lang='lat' dir='ltr'>reducitur</span> <span class='ocrx_word' id='word_1_490' title='bbox 2149 330 2193 360; x_wconf 86' lang='lat' dir='ltr'>ad</span> <span class='ocrx_word' id='word_1_491' title='bbox 2214 340 2330 371; x_wconf 84' lang='lat' dir='ltr'>genus,</span> <span class='ocrx_word' id='word_1_492' title='bbox 2349 332 2404 362; x_wconf 91' lang='lat' dir='ltr'>sed</span> <span class='ocrx_word' id='word_1_493' title='bbox 2419 333 2464 363; x_wconf 86' lang='lat' dir='ltr'>ad</span> 
     </span>
     <span class='ocr_line' id='line_1_65' title="bbox 1389 367 2460 413; baseline 0.009 -16"><span class='ocrx_word' id='word_1_494' title='bbox 1389 367 1475 407; x_wconf 86' lang='lat' dir='ltr'>quod</span> <span class='ocrx_word' id='word_1_495' title='bbox 1491 368 1593 407; x_wconf 82' lang='lat' dir='ltr'>ipsum</span> <span class='ocrx_word' id='word_1_496' title='bbox 1610 378 1716 409; x_wconf 82' lang='lat' dir='ltr'>genus</span> <span class='ocrx_word' id='word_1_497' title='bbox 1735 370 1910 401; x_wconf 84' lang='lat' dir='ltr'>reducitur.</span> <span class='ocrx_word' id='word_1_498' title='bbox 1937 372 1977 402; x_wconf 91' lang='lat' dir='ltr'>Et</span> <span class='ocrx_word' id='word_1_499' title='bbox 1993 374 2081 413; x_wconf 93' lang='lat' dir='ltr'>quod</span> <span class='ocrx_word' id='word_1_500' title='bbox 2097 374 2136 404; x_wconf 88' lang='lat' dir='ltr'>sit</span> <span class='ocrx_word' id='word_1_501' title='bbox 2152 384 2242 404; x_wconf 90' lang='lat' dir='ltr'>mens</span> <span class='ocrx_word' id='word_1_502' title='bbox 2267 385 2291 405; x_wconf 93' lang='lat' dir='ltr'>s.</span> <span class='ocrx_word' id='word_1_503' title='bbox 2303 375 2460 413; x_wconf 85' lang='lat' dir='ltr'>Thornae,</span> 
     </span>
     <span class='ocr_line' id='line_1_66' title="bbox 1390 411 2460 455; baseline 0.009 -14"><span class='ocrx_word' id='word_1_504' title='bbox 1390 422 1426 441; x_wconf 88' lang='lat' dir='ltr'>ex</span> <span class='ocrx_word' id='word_1_505' title='bbox 1442 421 1481 442; x_wconf 94' lang='lat' dir='ltr'>eo</span> <span class='ocrx_word' id='word_1_506' title='bbox 1500 411 1655 442; x_wconf 88' lang='lat' dir='ltr'>coniicere</span> <span class='ocrx_word' id='word_1_507' title='bbox 1674 419 1776 453; x_wconf 89' lang='lat' dir='ltr'>potes,</span> <span class='ocrx_word' id='word_1_508' title='bbox 1797 414 1886 454; x_wconf 91' lang='lat' dir='ltr'>quod</span> <span class='ocrx_word' id='word_1_509' title='bbox 1902 415 1934 445; x_wconf 91' lang='lat' dir='ltr'>in</span> <span class='ocrx_word' id='word_1_510' title='bbox 1950 415 2061 452; x_wconf 90' lang='lat' dir='ltr'>littera,</span> <span class='ocrx_word' id='word_1_511' title='bbox 2083 418 2315 455; x_wconf 92' lang='lat' dir='ltr'>concludendo,</span> <span class='ocrx_word' id='word_1_512' title='bbox 2333 420 2371 450; x_wconf 94' lang='lat' dir='ltr'>de</span> <span class='ocrx_word' id='word_1_513' title='bbox 2390 421 2460 451; x_wconf 92' lang='lat' dir='ltr'>Deo</span> 
     </span>
     <span class='ocr_line' id='line_1_67' title="bbox 1390 456 2462 504; baseline 0.008 -18"><span class='ocrx_word' id='word_1_514' title='bbox 1390 456 1517 487; x_wconf 89' lang='lat' dir='ltr'>dicitur:</span> <span class='ocrx_word' id='word_1_515' title='bbox 1543 457 1630 487; x_wconf 88' lang='lat' dir='ltr'>unde</span> <span class='ocrx_word' id='word_1_516' title='bbox 1653 466 1715 487; x_wconf 90' lang='lat' dir='ltr'>non</span> <span class='ocrx_word' id='word_1_517' title='bbox 1740 459 1922 489; x_wconf 84' lang='lat' dir='ltr'>continetur</span> <span class='ocrx_word' id='word_1_518' title='bbox 1945 461 1976 490; x_wconf 91' lang='lat' dir='ltr'>in</span> <span class='ocrx_word' id='word_1_519' title='bbox 2000 471 2122 501; x_wconf 82' lang='lat' dir='ltr'>genere</span> <span class='ocrx_word' id='word_1_520' title='bbox 2143 464 2227 493; x_wconf 85' lang='lat' dir='ltr'>sicut</span> <span class='ocrx_word' id='word_1_521' title='bbox 2242 464 2462 504; x_wconf 80' lang='lat' dir='ltr'>principium:</span> 
     </span>
     <span class='ocr_line' id='line_1_68' title="bbox 1390 500 2461 544; baseline 0.008 -14"><span class='ocrx_word' id='word_1_522' title='bbox 1390 500 1524 531; x_wconf 87' lang='lat' dir='ltr'>dicendo</span> <span class='ocrx_word' id='word_1_523' title='bbox 1549 501 1636 532; x_wconf 90' lang='lat' dir='ltr'>enim</span> <span class='ocrx_word' id='word_1_524' title='bbox 1665 510 1728 532; x_wconf 90' lang='lat' dir='ltr'>non</span> <span class='ocrx_word' id='word_1_525' title='bbox 1753 503 1952 541; x_wconf 87' lang='lat' dir='ltr'>continetur,</span> <span class='ocrx_word' id='word_1_526' title='bbox 1979 506 2189 544; x_wconf 89' lang='lat' dir='ltr'>praeservavit</span> <span class='ocrx_word' id='word_1_527' title='bbox 2218 517 2251 537; x_wconf 93' lang='lat' dir='ltr'>se</span> <span class='ocrx_word' id='word_1_528' title='bbox 2275 507 2314 537; x_wconf 89' lang='lat' dir='ltr'>ab</span> <span class='ocrx_word' id='word_1_529' title='bbox 2338 518 2404 539; x_wconf 89' lang='lat' dir='ltr'>esse</span> <span class='ocrx_word' id='word_1_530' title='bbox 2428 509 2461 539; x_wconf 93' lang='lat' dir='ltr'>in</span> 
     </span>
     <span class='ocr_line' id='line_1_69' title="bbox 1389 545 2460 591; baseline 0.009 -17"><span class='ocrx_word' id='word_1_531' title='bbox 1389 555 1503 585; x_wconf 88' lang='lat' dir='ltr'>genere</span> <span class='ocrx_word' id='word_1_532' title='bbox 1527 545 1607 576; x_wconf 89' lang='lat' dir='ltr'>sicut</span> <span class='ocrx_word' id='word_1_533' title='bbox 1630 545 1824 586; x_wconf 89' lang='lat' dir='ltr'>principium</span> <span class='ocrx_word' id='word_1_534' title='bbox 1847 548 2027 585; x_wconf 72' lang='lat' dir='ltr'>confinem,</span> <span class='ocrx_word' id='word_1_535' title='bbox 2053 550 2093 579; x_wconf 87' lang='lat' dir='ltr'>ad</span> <span class='ocrx_word' id='word_1_536' title='bbox 2116 551 2205 591; x_wconf 92' lang='lat' dir='ltr'>quod</span> <span class='ocrx_word' id='word_1_537' title='bbox 2227 552 2388 583; x_wconf 88' lang='lat' dir='ltr'>reducitur</span> <span class='ocrx_word' id='word_1_538' title='bbox 2411 563 2460 583; x_wconf 92' lang='lat' dir='ltr'>or-</span> 
     </span>
     <span class='ocr_line' id='line_1_70' title="bbox 1391 589 2461 631; baseline 0.008 -12"><span class='ocrx_word' id='word_1_539' title='bbox 1391 589 1464 620; x_wconf 88' lang='lat' dir='ltr'>dine</span> <span class='ocrx_word' id='word_1_540' title='bbox 1487 590 1631 631; x_wconf 89' lang='lat' dir='ltr'>quodam</span> <span class='ocrx_word' id='word_1_541' title='bbox 1659 600 1756 621; x_wconf 89' lang='lat' dir='ltr'>omne</span> <span class='ocrx_word' id='word_1_542' title='bbox 1779 601 1890 631; x_wconf 80' lang='lat' dir='ltr'>genuS.</span> <span class='ocrx_word' id='word_1_543' title='bbox 1922 592 1961 622; x_wconf 90' lang='lat' dir='ltr'>Et</span> <span class='ocrx_word' id='word_1_544' title='bbox 1985 593 2047 624; x_wconf 89' lang='lat' dir='ltr'>hoc</span> <span class='ocrx_word' id='word_1_545' title='bbox 2074 594 2161 625; x_wconf 90' lang='lat' dir='ltr'>idem</span> <span class='ocrx_word' id='word_1_546' title='bbox 2183 595 2344 627; x_wconf 88' lang='lat' dir='ltr'>insinuant</span> <span class='ocrx_word' id='word_1_547' title='bbox 2366 598 2461 628; x_wconf 82' lang='lat' dir='ltr'>verba</span> 
     </span>
     <span class='ocr_line' id='line_1_71' title="bbox 1389 634 2462 682; baseline 0.007 -18"><span class='ocrx_word' id='word_1_548' title='bbox 1389 634 1618 674; x_wconf 84' lang='lat' dir='ltr'>praecedentia,</span> <span class='ocrx_word' id='word_1_549' title='bbox 1636 634 1765 666; x_wconf 88' lang='lat' dir='ltr'>scilicet:</span> <span class='ocrx_word' id='word_1_550' title='bbox 1785 637 1983 676; x_wconf 79' lang='lat' dir='ltr'>principium</span> <span class='ocrx_word' id='word_1_551' title='bbox 1999 639 2083 678; x_wconf 84' lang='lat' dir='ltr'>quod</span> <span class='ocrx_word' id='word_1_552' title='bbox 2099 639 2266 670; x_wconf 84' lang='lat' dir='ltr'>reducitur</span> <span class='ocrx_word' id='word_1_553' title='bbox 2281 641 2313 670; x_wconf 89' lang='lat' dir='ltr'>in</span> <span class='ocrx_word' id='word_1_554' title='bbox 2331 642 2462 682; x_wconf 81' lang='lat' dir='ltr'>aliquod</span> 
     </span>
     <span class='ocr_line' id='line_1_72' title="bbox 1388 680 2031 720; baseline 0.005 -11"><span class='ocrx_word' id='word_1_555' title='bbox 1388 689 1505 720; x_wconf 83' lang='lat' dir='ltr'>genus,</span> <span class='ocrx_word' id='word_1_556' title='bbox 1531 689 1594 709; x_wconf 89' lang='lat' dir='ltr'>non</span> <span class='ocrx_word' id='word_1_557' title='bbox 1618 689 1652 710; x_wconf 82' lang='lat' dir='ltr'>se</span> <span class='ocrx_word' id='word_1_558' title='bbox 1676 680 1819 710; x_wconf 82' lang='lat' dir='ltr'>extendit</span> <span class='ocrx_word' id='word_1_559' title='bbox 1842 686 1948 718; x_wconf 87' lang='lat' dir='ltr'>extra,</span> <span class='ocrx_word' id='word_1_560' title='bbox 1974 688 2031 712; x_wconf 92' lang='lat' dir='ltr'>etc.</span> 
     </span>
    </p>

    <p class='ocr_par' dir='ltr' id='par_1_19' title="bbox 1387 723 2483 1255">
     <span class='ocr_line' id='line_1_73' title="bbox 1445 723 2483 770; baseline 0.007 -17"><span class='ocrx_word' id='word_1_561' title='bbox 1445 724 1484 754; x_wconf 91' lang='lat' dir='ltr'>X.</span> <span class='ocrx_word' id='word_1_562' title='bbox 1503 723 1537 753; x_wconf 91' lang='lat' dir='ltr'>In</span> <span class='ocrx_word' id='word_1_563' title='bbox 1560 724 1769 764; x_wconf 90' lang='lat' dir='ltr'>responsione</span> <span class='ocrx_word' id='word_1_564' title='bbox 1789 725 1829 754; x_wconf 86' lang='lat' dir='ltr'>ad</span> <span class='ocrx_word' id='word_1_565' title='bbox 1853 726 2040 762; x_wconf 88' lang='lat' dir='ltr'>secundum,</span> <span class='ocrx_word' id='word_1_566' title='bbox 2058 726 2193 757; x_wconf 90' lang='lat' dir='ltr'>dubium</span> <span class='ocrx_word' id='word_1_567' title='bbox 2210 729 2360 759; x_wconf 89' lang='lat' dir='ltr'>occurrit:</span> <span class='ocrx_word' id='word_1_568' title='bbox 2386 729 2461 770; x_wconf 92' lang='lat' dir='ltr'>quia</span> <span class='ocrx_word' id='word_1_569' title='bbox 2481 723 2483 725; x_wconf 39' lang='lat'>¹</span> 
     </span>
     <span class='ocr_line' id='line_1_74' title="bbox 1389 768 2462 813; baseline 0.007 -16"><span class='ocrx_word' id='word_1_570' title='bbox 1389 768 1556 808; x_wconf 88' lang='lat' dir='ltr'>responsio</span> <span class='ocrx_word' id='word_1_571' title='bbox 1573 778 1639 799; x_wconf 91' lang='lat' dir='ltr'>non</span> <span class='ocrx_word' id='word_1_572' title='bbox 1655 768 1806 799; x_wconf 88' lang='lat' dir='ltr'>satisfacit</span> <span class='ocrx_word' id='word_1_573' title='bbox 1825 769 2006 800; x_wconf 90' lang='lat' dir='ltr'>obiectioni.</span> <span class='ocrx_word' id='word_1_574' title='bbox 2031 771 2211 811; x_wconf 87' lang='lat' dir='ltr'>Responsio</span> <span class='ocrx_word' id='word_1_575' title='bbox 2229 772 2387 813; x_wconf 90' lang='lat' dir='ltr'>siquidem</span> <span class='ocrx_word' id='word_1_576' title='bbox 2402 774 2462 804; x_wconf 79' lang='lat' dir='ltr'>tria</span> 
     </span>
     <span class='ocr_line' id='line_1_75' title="bbox 1389 812 2459 858; baseline 0.006 -16"><span class='ocrx_word' id='word_1_577' title='bbox 1389 812 1479 843; x_wconf 87' lang='lat' dir='ltr'>dicit:</span> <span class='ocrx_word' id='word_1_578' title='bbox 1505 813 1621 853; x_wconf 89' lang='lat' dir='ltr'>primo,</span> <span class='ocrx_word' id='word_1_579' title='bbox 1638 813 1728 854; x_wconf 91' lang='lat' dir='ltr'>quod</span> <span class='ocrx_word' id='word_1_580' title='bbox 1746 813 1850 844; x_wconf 85' lang='lat' dir='ltr'>maior</span> <span class='ocrx_word' id='word_1_581' title='bbox 1867 821 1913 844; x_wconf 91' lang='lat' dir='ltr'>est</span> <span class='ocrx_word' id='word_1_582' title='bbox 1927 824 1999 844; x_wconf 89' lang='lat' dir='ltr'>vera</span> <span class='ocrx_word' id='word_1_583' title='bbox 2016 815 2054 845; x_wconf 92' lang='lat' dir='ltr'>de</span> <span class='ocrx_word' id='word_1_584' title='bbox 2074 825 2222 847; x_wconf 90' lang='lat' dir='ltr'>mensura</span> <span class='ocrx_word' id='word_1_585' title='bbox 2245 817 2459 858; x_wconf 88' lang='lat' dir='ltr'>homogenea;</span> 
     </span>
     <span class='ocr_line' id='line_1_76' title="bbox 1389 857 2460 898; baseline 0.005 -11"><span class='ocrx_word' id='word_1_586' title='bbox 1389 858 1541 893; x_wconf 85' lang='lat' dir='ltr'>secundo,</span> <span class='ocrx_word' id='word_1_587' title='bbox 1564 858 1654 898; x_wconf 94' lang='lat' dir='ltr'>quod</span> <span class='ocrx_word' id='word_1_588' title='bbox 1677 857 1784 888; x_wconf 90' lang='lat' dir='ltr'>minor</span> <span class='ocrx_word' id='word_1_589' title='bbox 1808 865 1855 888; x_wconf 92' lang='lat' dir='ltr'>est</span> <span class='ocrx_word' id='word_1_590' title='bbox 1878 858 1971 895; x_wconf 87' lang='lat' dir='ltr'>falsa,</span> <span class='ocrx_word' id='word_1_591' title='bbox 1995 859 2087 890; x_wconf 85' lang='lat' dir='ltr'>Deus</span> <span class='ocrx_word' id='word_1_592' title='bbox 2110 866 2155 890; x_wconf 84' lang='lat' dir='ltr'>est</span> <span class='ocrx_word' id='word_1_593' title='bbox 2180 870 2330 891; x_wconf 87' lang='lat' dir='ltr'>mensura</span> <span class='ocrx_word' id='word_1_594' title='bbox 2355 862 2460 892; x_wconf 81' lang='lat' dir='ltr'>homo-</span> 
     </span>
     <span class='ocr_line' id='line_1_77' title="bbox 1387 902 2461 946; baseline 0.004 -14"><span class='ocrx_word' id='word_1_595' title='bbox 1387 911 1492 942; x_wconf 83' lang='lat' dir='ltr'>genea</span> <span class='ocrx_word' id='word_1_596' title='bbox 1501 910 1515 940; x_wconf 90' lang='lat'><em>;</em></span> <span class='ocrx_word' id='word_1_597' title='bbox 1538 902 1640 938; x_wconf 88' lang='lat' dir='ltr'>tertio,</span> <span class='ocrx_word' id='word_1_598' title='bbox 1657 902 1747 943; x_wconf 91' lang='lat' dir='ltr'>quasi</span> <span class='ocrx_word' id='word_1_599' title='bbox 1769 902 1942 942; x_wconf 89' lang='lat' dir='ltr'>glossando</span> <span class='ocrx_word' id='word_1_600' title='bbox 1959 906 2143 940; x_wconf 88' lang='lat' dir='ltr'>Averroem,</span> <span class='ocrx_word' id='word_1_601' title='bbox 2162 904 2274 936; x_wconf 91' lang='lat' dir='ltr'>dicitur</span> <span class='ocrx_word' id='word_1_602' title='bbox 2293 907 2461 946; x_wconf 90' lang='lat' dir='ltr'>quomodo</span> 
     </span>
     <span class='ocr_line' id='line_1_78' title="bbox 1388 946 2462 990; baseline 0.005 -14"><span class='ocrx_word' id='word_1_603' title='bbox 1388 946 1476 976; x_wconf 90' lang='lat' dir='ltr'>Deus</span> <span class='ocrx_word' id='word_1_604' title='bbox 1492 946 1606 977; x_wconf 87' lang='lat' dir='ltr'>dicitur</span> <span class='ocrx_word' id='word_1_605' title='bbox 1621 956 1771 977; x_wconf 90' lang='lat' dir='ltr'>mensura</span> <span class='ocrx_word' id='word_1_606' title='bbox 1794 947 1953 983; x_wconf 91' lang='lat' dir='ltr'>omnium,</span> <span class='ocrx_word' id='word_1_607' title='bbox 1969 947 2045 988; x_wconf 89' lang='lat' dir='ltr'>quia</span> <span class='ocrx_word' id='word_1_608' title='bbox 2064 949 2321 990; x_wconf 91' lang='lat' dir='ltr'>unumquodque</span> <span class='ocrx_word' id='word_1_609' title='bbox 2337 957 2462 981; x_wconf 89' lang='lat' dir='ltr'>tantum</span> 
     </span>
     <span class='ocr_line' id='line_1_79' title="bbox 1387 990 2462 1033; baseline 0.005 -13"><span class='ocrx_word' id='word_1_610' title='bbox 1387 990 1483 1021; x_wconf 92' lang='lat' dir='ltr'>habet</span> <span class='ocrx_word' id='word_1_611' title='bbox 1506 991 1545 1021; x_wconf 92' lang='lat' dir='ltr'>de</span> <span class='ocrx_word' id='word_1_612' title='bbox 1569 1001 1650 1027; x_wconf 92' lang='lat' dir='ltr'>esse,</span> <span class='ocrx_word' id='word_1_613' title='bbox 1675 998 1833 1032; x_wconf 89' lang='lat' dir='ltr'>quantum</span> <span class='ocrx_word' id='word_1_614' title='bbox 1858 993 2095 1033; x_wconf 86' lang='lat' dir='ltr'>appropinquat</span> <span class='ocrx_word' id='word_1_615' title='bbox 2118 993 2187 1024; x_wconf 88' lang='lat' dir='ltr'>sibi.</span> <span class='ocrx_word' id='word_1_616' title='bbox 2212 994 2259 1024; x_wconf 85' lang='lat' dir='ltr'>Ex</span> <span class='ocrx_word' id='word_1_617' title='bbox 2281 994 2330 1024; x_wconf 91' lang='lat' dir='ltr'>his</span> <span class='ocrx_word' id='word_1_618' title='bbox 2354 1001 2462 1025; x_wconf 88' lang='lat' dir='ltr'>autem</span> 
     </span>
     <span class='ocr_line' id='line_1_80' title="bbox 1388 1034 2460 1078; baseline 0.005 -14"><span class='ocrx_word' id='word_1_619' title='bbox 1388 1045 1455 1065; x_wconf 92' lang='lat' dir='ltr'>non</span> <span class='ocrx_word' id='word_1_620' title='bbox 1471 1034 1582 1067; x_wconf 91' lang='lat' dir='ltr'>satisfit</span> <span class='ocrx_word' id='word_1_621' title='bbox 1593 1036 1742 1066; x_wconf 86' lang='lat' dir='ltr'>Averrois</span> <span class='ocrx_word' id='word_1_622' title='bbox 1759 1037 1937 1067; x_wconf 87' lang='lat' dir='ltr'>auctoritati</span> <span class='ocrx_word' id='word_1_623' title='bbox 1953 1037 2110 1073; x_wconf 88' lang='lat' dir='ltr'>inductae,</span> <span class='ocrx_word' id='word_1_624' title='bbox 2124 1038 2243 1069; x_wconf 91' lang='lat' dir='ltr'>volenti</span> <span class='ocrx_word' id='word_1_625' title='bbox 2259 1039 2348 1078; x_wconf 92' lang='lat' dir='ltr'>quod</span> <span class='ocrx_word' id='word_1_626' title='bbox 2363 1039 2460 1075; x_wconf 91' lang='lat' dir='ltr'>Deus,</span> 
     </span>
     <span class='ocr_line' id='line_1_81' title="bbox 1388 1080 2462 1121; baseline 0.005 -12"><span class='ocrx_word' id='word_1_627' title='bbox 1388 1080 1443 1120; x_wconf 91' lang='lat' dir='ltr'>qui</span> <span class='ocrx_word' id='word_1_628' title='bbox 1468 1087 1515 1110; x_wconf 92' lang='lat' dir='ltr'>est</span> <span class='ocrx_word' id='word_1_629' title='bbox 1538 1080 1641 1121; x_wconf 88' lang='lat' dir='ltr'>prima</span> <span class='ocrx_word' id='word_1_630' title='bbox 1664 1081 1848 1118; x_wconf 87' lang='lat' dir='ltr'>substantia,</span> <span class='ocrx_word' id='word_1_631' title='bbox 1870 1081 1910 1112; x_wconf 92' lang='lat' dir='ltr'>sit</span> <span class='ocrx_word' id='word_1_632' title='bbox 1933 1091 2083 1112; x_wconf 85' lang='lat' dir='ltr'>mensura</span> <span class='ocrx_word' id='word_1_633' title='bbox 2106 1083 2363 1119; x_wconf 82' lang='lat' dir='ltr'>substantiarum,</span> <span class='ocrx_word' id='word_1_634' title='bbox 2381 1084 2462 1114; x_wconf 92' lang='lat' dir='ltr'>sicut</span> 
     </span>
     <span class='ocr_line' id='line_1_82' title="bbox 1387 1124 2461 1168; baseline 0.004 -14"><span class='ocrx_word' id='word_1_635' title='bbox 1387 1124 1511 1164; x_wconf 89' lang='lat' dir='ltr'>primus</span> <span class='ocrx_word' id='word_1_636' title='bbox 1536 1135 1690 1155; x_wconf 88' lang='lat' dir='ltr'>numerus</span> <span class='ocrx_word' id='word_1_637' title='bbox 1705 1125 1842 1156; x_wconf 91' lang='lat' dir='ltr'>aliorum</span> <span class='ocrx_word' id='word_1_638' title='bbox 1867 1135 2087 1162; x_wconf 88' lang='lat' dir='ltr'>numerorum,</span> <span class='ocrx_word' id='word_1_639' title='bbox 2105 1134 2178 1158; x_wconf 87' lang='lat' dir='ltr'>etc.:</span> <span class='ocrx_word' id='word_1_640' title='bbox 2205 1134 2235 1158; x_wconf 90' lang='lat' dir='ltr'>et</span> <span class='ocrx_word' id='word_1_641' title='bbox 2254 1127 2315 1158; x_wconf 91' lang='lat' dir='ltr'>hoc</span> <span class='ocrx_word' id='word_1_642' title='bbox 2332 1138 2368 1158; x_wconf 87' lang='lat' dir='ltr'>ex</span> <span class='ocrx_word' id='word_1_643' title='bbox 2387 1138 2461 1168; x_wconf 88' lang='lat' dir='ltr'>pro-</span> 
     </span>
     <span class='ocr_line' id='line_1_83' title="bbox 1389 1169 2460 1212; baseline 0.004 -13"><span class='ocrx_word' id='word_1_644' title='bbox 1389 1169 1506 1208; x_wconf 89' lang='lat' dir='ltr'>posito,</span> <span class='ocrx_word' id='word_1_645' title='bbox 1524 1169 1557 1199; x_wconf 92' lang='lat' dir='ltr'>in</span> <span class='ocrx_word' id='word_1_646' title='bbox 1581 1179 1619 1199; x_wconf 90' lang='lat' dir='ltr'>eo</span> <span class='ocrx_word' id='word_1_647' title='bbox 1644 1170 1717 1200; x_wconf 92' lang='lat' dir='ltr'>loco</span> <span class='ocrx_word' id='word_1_648' title='bbox 1734 1170 1789 1200; x_wconf 89' lang='lat' dir='ltr'>ubi</span> <span class='ocrx_word' id='word_1_649' title='bbox 1809 1170 1847 1200; x_wconf 92' lang='lat' dir='ltr'>de</span> <span class='ocrx_word' id='word_1_650' title='bbox 1870 1170 2028 1201; x_wconf 93' lang='lat' dir='ltr'>mensuris</span> <span class='ocrx_word' id='word_1_651' title='bbox 2052 1171 2262 1212; x_wconf 88' lang='lat' dir='ltr'>homogeneis</span> <span class='ocrx_word' id='word_1_652' title='bbox 2281 1179 2328 1203; x_wconf 90' lang='lat' dir='ltr'>est</span> <span class='ocrx_word' id='word_1_653' title='bbox 2344 1182 2460 1208; x_wconf 90' lang='lat' dir='ltr'>sermo,</span> 
     </span>
     <span class='ocr_line' id='line_1_84' title="bbox 1389 1213 2049 1255; baseline 0.003 -12"><span class='ocrx_word' id='word_1_654' title='bbox 1389 1213 1508 1244; x_wconf 87' lang='lat' dir='ltr'>scilicet</span> <span class='ocrx_word' id='word_1_655' title='bbox 1531 1214 1558 1243; x_wconf 92' lang='lat' dir='ltr'>X</span> <span class='ocrx_word' id='word_1_656' title='bbox 1582 1215 1780 1255; x_wconf 67' lang='lat' dir='ltr'>Metaphys„</span> <span class='ocrx_word' id='word_1_657' title='bbox 1806 1222 1978 1246; x_wconf 89' lang='lat' dir='ltr'>comment.</span> <span class='ocrx_word' id='word_1_658' title='bbox 1996 1225 2049 1245; x_wconf 85' lang='lat' dir='ltr'>vu.</span> 
     </span>
    </p>

    <p class='ocr_par' dir='ltr' id='par_1_20' title="bbox 1381 1258 2463 1881">
     <span class='ocr_line' id='line_1_85' title="bbox 1445 1258 2461 1300; baseline 0.003 -12"><span class='ocrx_word' id='word_1_659' title='bbox 1445 1258 1496 1288; x_wconf 87' lang='lat' dir='ltr'>Ad</span> <span class='ocrx_word' id='word_1_660' title='bbox 1519 1258 1582 1289; x_wconf 91' lang='lat' dir='ltr'>hoc</span> <span class='ocrx_word' id='word_1_661' title='bbox 1605 1259 1740 1289; x_wconf 88' lang='lat' dir='ltr'>breviter</span> <span class='ocrx_word' id='word_1_662' title='bbox 1762 1258 1885 1295; x_wconf 90' lang='lat' dir='ltr'>dicitur,</span> <span class='ocrx_word' id='word_1_663' title='bbox 1911 1260 2000 1300; x_wconf 91' lang='lat' dir='ltr'>quod</span> <span class='ocrx_word' id='word_1_664' title='bbox 2024 1270 2048 1290; x_wconf 89' lang='lat' dir='ltr'>s.</span> <span class='ocrx_word' id='word_1_665' title='bbox 2065 1259 2219 1296; x_wconf 88' lang='lat' dir='ltr'>Thomas,</span> <span class='ocrx_word' id='word_1_666' title='bbox 2240 1261 2280 1290; x_wconf 89' lang='lat' dir='ltr'>ad</span> <span class='ocrx_word' id='word_1_667' title='bbox 2303 1270 2371 1291; x_wconf 88' lang='lat' dir='ltr'>rem</span> <span class='ocrx_word' id='word_1_668' title='bbox 2394 1271 2461 1291; x_wconf 91' lang='lat' dir='ltr'>non</span> 
     </span>
     <span class='ocr_line' id='line_1_86' title="bbox 1387 1303 2462 1343; baseline 0.003 -10"><span class='ocrx_word' id='word_1_669' title='bbox 1387 1303 1483 1333; x_wconf 90' lang='lat' dir='ltr'>verba</span> <span class='ocrx_word' id='word_1_670' title='bbox 1506 1303 1680 1339; x_wconf 84' lang='lat' dir='ltr'>attendens,</span> <span class='ocrx_word' id='word_1_671' title='bbox 1698 1303 1819 1343; x_wconf 88' lang='lat' dir='ltr'>optime</span> <span class='ocrx_word' id='word_1_672' title='bbox 1839 1304 1986 1335; x_wconf 85' lang='lat' dir='ltr'>satisfacit</span> <span class='ocrx_word' id='word_1_673' title='bbox 2010 1304 2105 1335; x_wconf 90' lang='lat' dir='ltr'>etiam</span> <span class='ocrx_word' id='word_1_674' title='bbox 2124 1305 2302 1335; x_wconf 89' lang='lat' dir='ltr'>secundum</span> <span class='ocrx_word' id='word_1_675' title='bbox 2320 1312 2462 1336; x_wconf 89' lang='lat' dir='ltr'>mentem</span> 
     </span>
     <span class='ocr_line' id='line_1_87' title="bbox 1388 1347 2459 1389; baseline 0.002 -11"><span class='ocrx_word' id='word_1_676' title='bbox 1388 1347 1547 1378; x_wconf 88' lang='lat' dir='ltr'>Averrois.</span> <span class='ocrx_word' id='word_1_677' title='bbox 1573 1348 1656 1378; x_wconf 89' lang='lat' dir='ltr'>Nam</span> <span class='ocrx_word' id='word_1_678' title='bbox 1679 1357 1780 1388; x_wconf 89' lang='lat' dir='ltr'>genus</span> <span class='ocrx_word' id='word_1_679' title='bbox 1805 1355 1909 1388; x_wconf 90' lang='lat' dir='ltr'>potest</span> <span class='ocrx_word' id='word_1_680' title='bbox 1933 1348 2101 1389; x_wconf 87' lang='lat' dir='ltr'>dupliciter</span> <span class='ocrx_word' id='word_1_681' title='bbox 2124 1349 2218 1380; x_wconf 89' lang='lat' dir='ltr'>sumi.</span> <span class='ocrx_word' id='word_1_682' title='bbox 2244 1350 2317 1380; x_wconf 88' lang='lat' dir='ltr'>Uno</span> <span class='ocrx_word' id='word_1_683' title='bbox 2344 1350 2459 1385; x_wconf 88' lang='lat' dir='ltr'>modo,</span> 
     </span>
     <span class='ocr_line' id='line_1_88' title="bbox 1381 1392 2461 1435; baseline 0.003 -13"><span class='ocrx_word' id='word_1_684' title='bbox 1381 1394 1530 1433; x_wconf 82' lang='lat' dir='ltr'>proprie,</span> <span class='ocrx_word' id='word_1_685' title='bbox 1546 1399 1582 1423; x_wconf 93' lang='lat' dir='ltr'>ut</span> <span class='ocrx_word' id='word_1_686' title='bbox 1604 1392 1655 1423; x_wconf 88' lang='lat' dir='ltr'>hic</span> <span class='ocrx_word' id='word_1_687' title='bbox 1670 1392 1848 1433; x_wconf 87' lang='lat' dir='ltr'>loquimur:</span> <span class='ocrx_word' id='word_1_688' title='bbox 1875 1400 1905 1424; x_wconf 92' lang='lat' dir='ltr'>et</span> <span class='ocrx_word' id='word_1_689' title='bbox 1924 1394 1967 1424; x_wconf 86' lang='lat' dir='ltr'>sic</span> <span class='ocrx_word' id='word_1_690' title='bbox 1983 1394 2105 1434; x_wconf 86' lang='lat' dir='ltr'>optime</span> <span class='ocrx_word' id='word_1_691' title='bbox 2122 1401 2253 1434; x_wconf 89' lang='lat' dir='ltr'>negatur</span> <span class='ocrx_word' id='word_1_692' title='bbox 2269 1395 2359 1435; x_wconf 92' lang='lat' dir='ltr'>quod</span> <span class='ocrx_word' id='word_1_693' title='bbox 2374 1395 2461 1425; x_wconf 89' lang='lat' dir='ltr'>Deus</span> 
     </span>
     <span class='ocr_line' id='line_1_89' title="bbox 1388 1437 2461 1481; baseline 0.002 -14"><span class='ocrx_word' id='word_1_694' title='bbox 1388 1437 1428 1468; x_wconf 90' lang='lat' dir='ltr'>sit</span> <span class='ocrx_word' id='word_1_695' title='bbox 1452 1447 1601 1468; x_wconf 86' lang='lat' dir='ltr'>mensura</span> <span class='ocrx_word' id='word_1_696' title='bbox 1623 1437 1824 1477; x_wconf 88' lang='lat' dir='ltr'>homogenea</span> <span class='ocrx_word' id='word_1_697' title='bbox 1848 1438 1969 1478; x_wconf 87' lang='lat' dir='ltr'>generis</span> <span class='ocrx_word' id='word_1_698' title='bbox 1986 1438 2178 1469; x_wconf 89' lang='lat' dir='ltr'>substantiae</span> <span class='ocrx_word' id='word_1_699' title='bbox 2202 1437 2288 1481; x_wconf 86' lang='lat' dir='ltr'>(imo</span> <span class='ocrx_word' id='word_1_700' title='bbox 2305 1441 2461 1469; x_wconf 90' lang='lat' dir='ltr'>Averroes</span> 
     </span>
     <span class='ocr_line' id='line_1_90' title="bbox 1388 1481 2459 1526; baseline 0 -14"><span class='ocrx_word' id='word_1_701' title='bbox 1388 1482 1511 1513; x_wconf 89' lang='lat' dir='ltr'>nullam</span> <span class='ocrx_word' id='word_1_702' title='bbox 1534 1481 1776 1522; x_wconf 87' lang='lat' dir='ltr'>intelligentiam</span> <span class='ocrx_word' id='word_1_703' title='bbox 1799 1482 1891 1522; x_wconf 88' lang='lat' dir='ltr'>ponit</span> <span class='ocrx_word' id='word_1_704' title='bbox 1910 1482 1954 1513; x_wconf 89' lang='lat' dir='ltr'>sic</span> <span class='ocrx_word' id='word_1_705' title='bbox 1974 1483 2210 1523; x_wconf 90' lang='lat' dir='ltr'>homogeneam</span> <span class='ocrx_word' id='word_1_706' title='bbox 2234 1481 2459 1526; x_wconf 86' lang='lat' dir='ltr'>substantiae):</span> 
     </span>
     <span class='ocr_line' id='line_1_91' title="bbox 1388 1525 2463 1569; baseline 0 -11"><span class='ocrx_word' id='word_1_707' title='bbox 1388 1534 1418 1558; x_wconf 92' lang='lat' dir='ltr'>et</span> <span class='ocrx_word' id='word_1_708' title='bbox 1442 1527 1504 1558; x_wconf 92' lang='lat' dir='ltr'>hoc</span> <span class='ocrx_word' id='word_1_709' title='bbox 1521 1527 1553 1557; x_wconf 94' lang='lat' dir='ltr'>in</span> <span class='ocrx_word' id='word_1_710' title='bbox 1569 1526 1628 1557; x_wconf 87' lang='lat' dir='ltr'>hac</span> <span class='ocrx_word' id='word_1_711' title='bbox 1644 1525 1746 1557; x_wconf 88' lang='lat' dir='ltr'>littera</span> <span class='ocrx_word' id='word_1_712' title='bbox 1770 1526 1893 1558; x_wconf 90' lang='lat' dir='ltr'>dicitur.</span> <span class='ocrx_word' id='word_1_713' title='bbox 1917 1527 1992 1558; x_wconf 89' lang='lat' dir='ltr'>Alio</span> <span class='ocrx_word' id='word_1_714' title='bbox 2009 1528 2119 1564; x_wconf 91' lang='lat' dir='ltr'>modo,</span> <span class='ocrx_word' id='word_1_715' title='bbox 2137 1528 2242 1569; x_wconf 83' lang='lat' dir='ltr'>large,</span> <span class='ocrx_word' id='word_1_716' title='bbox 2260 1537 2319 1568; x_wconf 94' lang='lat' dir='ltr'>pro</span> <span class='ocrx_word' id='word_1_717' title='bbox 2335 1527 2463 1567; x_wconf 60' lang='lat' dir='ltr'>coordi-⁴</span> 
     </span>
     <span class='ocr_line' id='line_1_92' title="bbox 1388 1571 2460 1612; baseline 0.001 -10"><span class='ocrx_word' id='word_1_718' title='bbox 1388 1572 1533 1603; x_wconf 84' lang='lat' dir='ltr'>natione:</span> <span class='ocrx_word' id='word_1_719' title='bbox 1559 1578 1589 1602; x_wconf 90' lang='lat' dir='ltr'>et</span> <span class='ocrx_word' id='word_1_720' title='bbox 1612 1571 1674 1602; x_wconf 89' lang='lat' dir='ltr'>hoc</span> <span class='ocrx_word' id='word_1_721' title='bbox 1690 1571 1790 1602; x_wconf 92' lang='lat' dir='ltr'>modo</span> <span class='ocrx_word' id='word_1_722' title='bbox 1815 1572 1902 1602; x_wconf 92' lang='lat' dir='ltr'>Deus</span> <span class='ocrx_word' id='word_1_723' title='bbox 1926 1579 1971 1602; x_wconf 87' lang='lat' dir='ltr'>est</span> <span class='ocrx_word' id='word_1_724' title='bbox 1991 1582 2139 1603; x_wconf 87' lang='lat' dir='ltr'>mensura</span> <span class='ocrx_word' id='word_1_725' title='bbox 2154 1573 2354 1612; x_wconf 87' lang='lat' dir='ltr'>homogenea</span> <span class='ocrx_word' id='word_1_726' title='bbox 2370 1582 2460 1603; x_wconf 88' lang='lat' dir='ltr'>coor-</span> 
     </span>
     <span class='ocr_line' id='line_1_93' title="bbox 1387 1616 2461 1658; baseline 0 -11"><span class='ocrx_word' id='word_1_727' title='bbox 1387 1616 1559 1647; x_wconf 87' lang='lat' dir='ltr'>dinationis</span> <span class='ocrx_word' id='word_1_728' title='bbox 1592 1616 1856 1652; x_wconf 86' lang='lat' dir='ltr'>substantiarum,</span> <span class='ocrx_word' id='word_1_729' title='bbox 1882 1616 1983 1657; x_wconf 84' lang='lat' dir='ltr'>magis</span> <span class='ocrx_word' id='word_1_730' title='bbox 2007 1627 2105 1658; x_wconf 88' lang='lat' dir='ltr'>quam</span> <span class='ocrx_word' id='word_1_731' title='bbox 2133 1617 2360 1654; x_wconf 84' lang='lat' dir='ltr'>accidentium,</span> <span class='ocrx_word' id='word_1_732' title='bbox 2385 1617 2461 1658; x_wconf 88' lang='lat' dir='ltr'>quia</span> 
     </span>
     <span class='ocr_line' id='line_1_94' title="bbox 1387 1660 2460 1701; baseline -0.001 -9"><span class='ocrx_word' id='word_1_733' title='bbox 1387 1662 1455 1701; x_wconf 87' lang='lat' dir='ltr'>ipse</span> <span class='ocrx_word' id='word_1_734' title='bbox 1476 1668 1522 1692; x_wconf 89' lang='lat' dir='ltr'>est</span> <span class='ocrx_word' id='word_1_735' title='bbox 1546 1660 1730 1697; x_wconf 87' lang='lat' dir='ltr'>substantia,</span> <span class='ocrx_word' id='word_1_736' title='bbox 1755 1667 1785 1691; x_wconf 90' lang='lat' dir='ltr'>et</span> <span class='ocrx_word' id='word_1_737' title='bbox 1809 1670 1874 1691; x_wconf 93' lang='lat' dir='ltr'>non</span> <span class='ocrx_word' id='word_1_738' title='bbox 1898 1668 1945 1692; x_wconf 88' lang='lat' dir='ltr'>est</span> <span class='ocrx_word' id='word_1_739' title='bbox 1968 1661 2128 1693; x_wconf 88' lang='lat' dir='ltr'>accidens:</span> <span class='ocrx_word' id='word_1_740' title='bbox 2155 1668 2185 1692; x_wconf 93' lang='lat' dir='ltr'>et</span> <span class='ocrx_word' id='word_1_741' title='bbox 2207 1661 2269 1692; x_wconf 90' lang='lat' dir='ltr'>hoc</span> <span class='ocrx_word' id='word_1_742' title='bbox 2292 1662 2395 1693; x_wconf 91' lang='lat' dir='ltr'>voluit</span> <span class='ocrx_word' id='word_1_743' title='bbox 2416 1661 2460 1691; x_wconf 93' lang='lat' dir='ltr'>ibi</span> 
     </span>
     <span class='ocr_line' id='line_1_95' title="bbox 1387 1705 2459 1747; baseline 0 -10"><span class='ocrx_word' id='word_1_744' title='bbox 1387 1709 1552 1737; x_wconf 89' lang='lat' dir='ltr'>Averroes.</span> <span class='ocrx_word' id='word_1_745' title='bbox 1578 1705 1677 1743; x_wconf 93' lang='lat' dir='ltr'>Quod</span> <span class='ocrx_word' id='word_1_746' title='bbox 1701 1712 1807 1736; x_wconf 88' lang='lat' dir='ltr'>tamen</span> <span class='ocrx_word' id='word_1_747' title='bbox 1825 1713 1870 1736; x_wconf 90' lang='lat' dir='ltr'>est</span> <span class='ocrx_word' id='word_1_748' title='bbox 1886 1715 1954 1736; x_wconf 89' lang='lat' dir='ltr'>esse</span> <span class='ocrx_word' id='word_1_749' title='bbox 1970 1716 2154 1737; x_wconf 88' lang='lat' dir='ltr'>mensuram</span> <span class='ocrx_word' id='word_1_750' title='bbox 2170 1713 2254 1737; x_wconf 86' lang='lat' dir='ltr'>extra</span> <span class='ocrx_word' id='word_1_751' title='bbox 2269 1716 2370 1747; x_wconf 86' lang='lat' dir='ltr'>genus</span> <span class='ocrx_word' id='word_1_752' title='bbox 2387 1706 2459 1737; x_wconf 90' lang='lat' dir='ltr'>sub-</span> 
     </span>
     <span class='ocr_line' id='line_1_96' title="bbox 1387 1749 2460 1791; baseline -0.002 -9"><span class='ocrx_word' id='word_1_753' title='bbox 1387 1751 1518 1782; x_wconf 84' lang='lat' dir='ltr'>stantiae</span> <span class='ocrx_word' id='word_1_754' title='bbox 1550 1749 1860 1791; x_wconf 84' lang='lat' dir='ltr'>praedicamentalis;</span> <span class='ocrx_word' id='word_1_755' title='bbox 1885 1757 1915 1781; x_wconf 88' lang='lat' dir='ltr'>et</span> <span class='ocrx_word' id='word_1_756' title='bbox 1943 1757 1990 1781; x_wconf 88' lang='lat' dir='ltr'>est</span> <span class='ocrx_word' id='word_1_757' title='bbox 2013 1760 2080 1781; x_wconf 90' lang='lat' dir='ltr'>esse</span> <span class='ocrx_word' id='word_1_758' title='bbox 2103 1761 2288 1782; x_wconf 88' lang='lat' dir='ltr'>mensuram</span> <span class='ocrx_word' id='word_1_759' title='bbox 2311 1751 2460 1781; x_wconf 89' lang='lat' dir='ltr'>omnium</span> 
     </span>
     <span class='ocr_line' id='line_1_97' title="bbox 1386 1795 2459 1836; baseline 0 -10"><span class='ocrx_word' id='word_1_760' title='bbox 1386 1805 1540 1836; x_wconf 89' lang='lat' dir='ltr'>generum</span> <span class='ocrx_word' id='word_1_761' title='bbox 1563 1795 1692 1836; x_wconf 89' lang='lat' dir='ltr'>proprie</span> <span class='ocrx_word' id='word_1_762' title='bbox 1712 1802 1796 1826; x_wconf 84' lang='lat' dir='ltr'>extra</span> <span class='ocrx_word' id='word_1_763' title='bbox 1820 1805 1865 1830; x_wconf 84' lang='lat' dir='ltr'>ea,</span> <span class='ocrx_word' id='word_1_764' title='bbox 1883 1802 1919 1826; x_wconf 93' lang='lat' dir='ltr'>ut</span> <span class='ocrx_word' id='word_1_765' title='bbox 1942 1801 2037 1835; x_wconf 89' lang='lat' dir='ltr'>patet.</span> <span class='ocrx_word' id='word_1_766' title='bbox 2063 1795 2103 1826; x_wconf 90' lang='lat' dir='ltr'>Et</span> <span class='ocrx_word' id='word_1_767' title='bbox 2126 1796 2199 1826; x_wconf 90' lang='lat' dir='ltr'>ideo</span> <span class='ocrx_word' id='word_1_768' title='bbox 2223 1795 2338 1826; x_wconf 92' lang='lat' dir='ltr'>dicitur</span> <span class='ocrx_word' id='word_1_769' title='bbox 2359 1795 2393 1826; x_wconf 89' lang='lat' dir='ltr'>in</span> <span class='ocrx_word' id='word_1_770' title='bbox 2410 1795 2459 1826; x_wconf 90' lang='lat' dir='ltr'>lit-</span> 
     </span>
     <span class='ocr_line' id='line_1_98' title="bbox 1387 1839 2167 1881; baseline 0 -11"><span class='ocrx_word' id='word_1_771' title='bbox 1387 1847 1452 1871; x_wconf 90' lang='lat' dir='ltr'>tera</span> <span class='ocrx_word' id='word_1_772' title='bbox 1475 1839 1565 1881; x_wconf 92' lang='lat' dir='ltr'>quod</span> <span class='ocrx_word' id='word_1_773' title='bbox 1587 1840 1675 1870; x_wconf 88' lang='lat' dir='ltr'>Deus</span> <span class='ocrx_word' id='word_1_774' title='bbox 1699 1839 1813 1870; x_wconf 89' lang='lat' dir='ltr'>dicitur</span> <span class='ocrx_word' id='word_1_775' title='bbox 1836 1849 1985 1870; x_wconf 87' lang='lat' dir='ltr'>mensura</span> <span class='ocrx_word' id='word_1_776' title='bbox 2009 1840 2167 1870; x_wconf 87' lang='lat' dir='ltr'>omniurn.</span> 
     </span>
    </p>

    <p class='ocr_par' dir='ltr' id='par_1_21' title="bbox 1384 1884 2459 2192">
     <span class='ocr_line' id='line_1_99' title="bbox 1442 1884 2459 1925; baseline 0 -10"><span class='ocrx_word' id='word_1_777' title='bbox 1442 1885 1496 1915; x_wconf 88' lang='lat' dir='ltr'>xl.</span> <span class='ocrx_word' id='word_1_778' title='bbox 1522 1885 1556 1914; x_wconf 91' lang='lat' dir='ltr'>In</span> <span class='ocrx_word' id='word_1_779' title='bbox 1581 1884 1703 1915; x_wconf 88' lang='lat' dir='ltr'>ratione</span> <span class='ocrx_word' id='word_1_780' title='bbox 1722 1894 1804 1925; x_wconf 91' lang='lat' dir='ltr'>quae</span> <span class='ocrx_word' id='word_1_781' title='bbox 1821 1884 1860 1914; x_wconf 90' lang='lat' dir='ltr'>ad</span> <span class='ocrx_word' id='word_1_782' title='bbox 1877 1884 2065 1925; x_wconf 90' lang='lat' dir='ltr'>oppositum</span> <span class='ocrx_word' id='word_1_783' title='bbox 2088 1884 2122 1914; x_wconf 92' lang='lat' dir='ltr'>in</span> <span class='ocrx_word' id='word_1_784' title='bbox 2144 1884 2207 1915; x_wconf 93' lang='lat' dir='ltr'>hoc</span> <span class='ocrx_word' id='word_1_785' title='bbox 2223 1884 2355 1915; x_wconf 88' lang='lat' dir='ltr'>articulo</span> <span class='ocrx_word' id='word_1_786' title='bbox 2373 1884 2459 1915; x_wconf 84' lang='lat' dir='ltr'>affer-</span> 
     </span>
     <span class='ocr_line' id='line_1_100' title="bbox 1385 1928 2459 1965; baseline 0.001 -6"><span class='ocrx_word' id='word_1_787' title='bbox 1385 1936 1453 1965; x_wconf 88' lang='lat' dir='ltr'>tur,</span> <span class='ocrx_word' id='word_1_788' title='bbox 1482 1929 1615 1960; x_wconf 88' lang='lat' dir='ltr'>habetur</span> <span class='ocrx_word' id='word_1_789' title='bbox 1638 1928 1772 1959; x_wconf 92' lang='lat' dir='ltr'>verbum</span> <span class='ocrx_word' id='word_1_790' title='bbox 1800 1929 1997 1965; x_wconf 88' lang='lat' dir='ltr'>notandum,</span> <span class='ocrx_word' id='word_1_791' title='bbox 2024 1935 2054 1959; x_wconf 92' lang='lat' dir='ltr'>et</span> <span class='ocrx_word' id='word_1_792' title='bbox 2083 1929 2310 1959; x_wconf 86' lang='lat' dir='ltr'>dubitandum:</span> <span class='ocrx_word' id='word_1_793' title='bbox 2342 1929 2459 1963; x_wconf 88' lang='lat' dir='ltr'>scilicet</span> 
     </span>
     <span class='ocr_line' id='line_1_101' title="bbox 1386 1973 2459 2014; baseline 0.001 -11"><span class='ocrx_word' id='word_1_794' title='bbox 1386 1974 1475 2014; x_wconf 92' lang='lat' dir='ltr'>quod</span> <span class='ocrx_word' id='word_1_795' title='bbox 1504 1974 1574 2004; x_wconf 94' lang='lat' dir='ltr'>Deo</span> <span class='ocrx_word' id='word_1_796' title='bbox 1603 1973 1681 2003; x_wconf 88' lang='lat' dir='ltr'>nihil</span> <span class='ocrx_word' id='word_1_797' title='bbox 1706 1980 1753 2004; x_wconf 89' lang='lat' dir='ltr'>est</span> <span class='ocrx_word' id='word_1_798' title='bbox 1780 1973 1882 2013; x_wconf 91' lang='lat' dir='ltr'>prius,</span> <span class='ocrx_word' id='word_1_799' title='bbox 1913 1983 2014 2014; x_wconf 83' lang='lat' dir='ltr'>neque</span> <span class='ocrx_word' id='word_1_800' title='bbox 2043 1973 2218 2004; x_wconf 83' lang='lat' dir='ltr'>secundum</span> <span class='ocrx_word' id='word_1_801' title='bbox 2244 1983 2330 2011; x_wconf 90' lang='lat' dir='ltr'>rem,</span> <span class='ocrx_word' id='word_1_802' title='bbox 2356 1983 2459 2014; x_wconf 84' lang='lat' dir='ltr'>neque</span> 
     </span>
     <span class='ocr_line' id='line_1_102' title="bbox 1384 2017 2458 2058; baseline -0.001 -9"><span class='ocrx_word' id='word_1_803' title='bbox 1384 2017 1559 2049; x_wconf 82' lang='lat' dir='ltr'>secundum</span> <span class='ocrx_word' id='word_1_804' title='bbox 1585 2018 1779 2048; x_wconf 88' lang='lat' dir='ltr'>intellectum</span> <span class='ocrx_word' id='word_1_805' title='bbox 1790 2027 1805 2056; x_wconf 92' lang='lat'><em>;</em></span> <span class='ocrx_word' id='word_1_806' title='bbox 1829 2024 1859 2048; x_wconf 89' lang='lat' dir='ltr'>et</span> <span class='ocrx_word' id='word_1_807' title='bbox 1882 2024 2049 2058; x_wconf 88' lang='lat' dir='ltr'>propterea</span> <span class='ocrx_word' id='word_1_808' title='bbox 2068 2027 2134 2048; x_wconf 92' lang='lat' dir='ltr'>non</span> <span class='ocrx_word' id='word_1_809' title='bbox 2154 2018 2249 2048; x_wconf 89' lang='lat' dir='ltr'>habet</span> <span class='ocrx_word' id='word_1_810' title='bbox 2266 2027 2376 2058; x_wconf 87' lang='lat' dir='ltr'>genus.</span> <span class='ocrx_word' id='word_1_811' title='bbox 2403 2018 2458 2049; x_wconf 93' lang='lat' dir='ltr'>Vi-</span> 
     </span>
     <span class='ocr_line' id='line_1_103' title="bbox 1386 2061 2459 2103; baseline 0 -10"><span class='ocrx_word' id='word_1_812' title='bbox 1386 2063 1478 2093; x_wconf 91' lang='lat' dir='ltr'>detur</span> <span class='ocrx_word' id='word_1_813' title='bbox 1494 2062 1580 2092; x_wconf 89' lang='lat' dir='ltr'>enim</span> <span class='ocrx_word' id='word_1_814' title='bbox 1595 2062 1658 2093; x_wconf 91' lang='lat' dir='ltr'>hoc</span> <span class='ocrx_word' id='word_1_815' title='bbox 1675 2072 1741 2092; x_wconf 89' lang='lat' dir='ltr'>esse</span> <span class='ocrx_word' id='word_1_816' title='bbox 1757 2062 1886 2093; x_wconf 87' lang='lat' dir='ltr'>falsum:</span> <span class='ocrx_word' id='word_1_817' title='bbox 1905 2062 2061 2103; x_wconf 87' lang='lat' dir='ltr'>quoniam</span> <span class='ocrx_word' id='word_1_818' title='bbox 2078 2061 2256 2103; x_wconf 84' lang='lat' dir='ltr'>praedicata</span> <span class='ocrx_word' id='word_1_819' title='bbox 2272 2062 2459 2093; x_wconf 85' lang='lat' dir='ltr'>communia</span> 
     </span>
     <span class='ocr_line' id='line_1_104' title="bbox 1384 2106 2457 2147; baseline 0 -9"><span class='ocrx_word' id='word_1_820' title='bbox 1384 2107 1454 2138; x_wconf 91' lang='lat' dir='ltr'>Deo</span> <span class='ocrx_word' id='word_1_821' title='bbox 1474 2114 1504 2138; x_wconf 94' lang='lat' dir='ltr'>et</span> <span class='ocrx_word' id='word_1_822' title='bbox 1520 2107 1598 2143; x_wconf 86' lang='lat' dir='ltr'>aliis,</span> <span class='ocrx_word' id='word_1_823' title='bbox 1614 2107 1720 2147; x_wconf 89' lang='lat' dir='ltr'>priora</span> <span class='ocrx_word' id='word_1_824' title='bbox 1744 2114 1826 2143; x_wconf 86' lang='lat' dir='ltr'>sunt,</span> <span class='ocrx_word' id='word_1_825' title='bbox 1848 2107 2026 2138; x_wconf 86' lang='lat' dir='ltr'>secundum</span> <span class='ocrx_word' id='word_1_826' title='bbox 2049 2106 2256 2143; x_wconf 87' lang='lat' dir='ltr'>intellectum,</span> <span class='ocrx_word' id='word_1_827' title='bbox 2276 2107 2347 2147; x_wconf 93' lang='lat' dir='ltr'>ipso</span> <span class='ocrx_word' id='word_1_828' title='bbox 2369 2107 2457 2143; x_wconf 86' lang='lat' dir='ltr'>Deo;</span> 
     </span>
     <span class='ocr_line' id='line_1_105' title="bbox 1386 2151 2335 2192; baseline -0.001 -10"><span class='ocrx_word' id='word_1_829' title='bbox 1386 2158 1421 2182; x_wconf 90' lang='lat' dir='ltr'>ut</span> <span class='ocrx_word' id='word_1_830' title='bbox 1444 2158 1530 2192; x_wconf 88' lang='lat' dir='ltr'>patet</span> <span class='ocrx_word' id='word_1_831' title='bbox 1554 2161 1591 2182; x_wconf 88' lang='lat' dir='ltr'>ex</span> <span class='ocrx_word' id='word_1_832' title='bbox 1615 2161 1654 2182; x_wconf 91' lang='lat' dir='ltr'>eo</span> <span class='ocrx_word' id='word_1_833' title='bbox 1677 2151 1767 2192; x_wconf 90' lang='lat' dir='ltr'>quod</span> <span class='ocrx_word' id='word_1_834' title='bbox 1791 2161 1857 2182; x_wconf 91' lang='lat' dir='ltr'>non</span> <span class='ocrx_word' id='word_1_835' title='bbox 1881 2151 2074 2182; x_wconf 87' lang='lat' dir='ltr'>convertitur</span> <span class='ocrx_word' id='word_1_836' title='bbox 2098 2151 2335 2192; x_wconf 89' lang='lat' dir='ltr'>consequentia.</span> 
     </span>
    </p>

    <p class='ocr_par' dir='ltr' id='par_1_22' title="bbox 1383 2195 2460 2639">
     <span class='ocr_line' id='line_1_106' title="bbox 1441 2195 2459 2236; baseline 0 -9"><span class='ocrx_word' id='word_1_837' title='bbox 1441 2196 1503 2227; x_wconf 88' lang='lat' dir='ltr'>Sed</span> <span class='ocrx_word' id='word_1_838' title='bbox 1519 2196 1581 2226; x_wconf 88' lang='lat' dir='ltr'>hoc</span> <span class='ocrx_word' id='word_1_839' title='bbox 1606 2196 1669 2226; x_wconf 90' lang='lat' dir='ltr'>cito</span> <span class='ocrx_word' id='word_1_840' title='bbox 1689 2195 1837 2236; x_wconf 89' lang='lat' dir='ltr'>aperitur,</span> <span class='ocrx_word' id='word_1_841' title='bbox 1855 2195 2080 2236; x_wconf 87' lang='lat' dir='ltr'>distinguendo</span> <span class='ocrx_word' id='word_1_842' title='bbox 2092 2197 2188 2236; x_wconf 83' lang='lat' dir='ltr'>prius</span> <span class='ocrx_word' id='word_1_843' title='bbox 2210 2196 2385 2226; x_wconf 84' lang='lat' dir='ltr'>secundum</span> <span class='ocrx_word' id='word_1_844' title='bbox 2411 2197 2459 2227; x_wconf 88' lang='lat' dir='ltr'>in-</span> 
     </span>
     <span class='ocr_line' id='line_1_107' title="bbox 1384 2240 2457 2281; baseline -0.001 -10"><span class='ocrx_word' id='word_1_845' title='bbox 1384 2241 1545 2272; x_wconf 87' lang='lat' dir='ltr'>tellectum</span> <span class='ocrx_word' id='word_1_846' title='bbox 1562 2240 1747 2281; x_wconf 88' lang='lat' dir='ltr'>dupliciter:</span> <span class='ocrx_word' id='word_1_847' title='bbox 1764 2249 1806 2270; x_wconf 89' lang='lat' dir='ltr'>ex</span> <span class='ocrx_word' id='word_1_848' title='bbox 1815 2245 1914 2280; x_wconf 82' lang='lat' dir='ltr'>parte</span> <span class='ocrx_word' id='word_1_849' title='bbox 1930 2242 1989 2277; x_wconf 88' lang='lat' dir='ltr'>rei,</span> <span class='ocrx_word' id='word_1_850' title='bbox 2007 2250 2062 2270; x_wconf 91' lang='lat' dir='ltr'>seu</span> <span class='ocrx_word' id='word_1_851' title='bbox 2079 2240 2241 2271; x_wconf 90' lang='lat' dir='ltr'>rationum</span> <span class='ocrx_word' id='word_1_852' title='bbox 2257 2240 2457 2277; x_wconf 89' lang='lat' dir='ltr'>formalium;</span> 
     </span>
     <span class='ocr_line' id='line_1_108' title="bbox 1384 2284 2459 2326; baseline -0.001 -10"><span class='ocrx_word' id='word_1_853' title='bbox 1384 2285 1435 2316; x_wconf 87' lang='lat' dir='ltr'>vel</span> <span class='ocrx_word' id='word_1_854' title='bbox 1458 2285 1565 2326; x_wconf 83' lang='lat' dir='ltr'>quoad</span> <span class='ocrx_word' id='word_1_855' title='bbox 1588 2295 1656 2316; x_wconf 86' lang='lat' dir='ltr'>nos.</span> <span class='ocrx_word' id='word_1_856' title='bbox 1680 2285 1776 2315; x_wconf 90' lang='lat' dir='ltr'>Nulla</span> <span class='ocrx_word' id='word_1_857' title='bbox 1800 2285 1959 2326; x_wconf 89' lang='lat' dir='ltr'>siquidem</span> <span class='ocrx_word' id='word_1_858' title='bbox 1983 2295 2044 2321; x_wconf 91' lang='lat' dir='ltr'>res,</span> <span class='ocrx_word' id='word_1_859' title='bbox 2070 2291 2125 2315; x_wconf 91' lang='lat' dir='ltr'>aut</span> <span class='ocrx_word' id='word_1_860' title='bbox 2147 2284 2227 2315; x_wconf 87' lang='lat' dir='ltr'>ratio</span> <span class='ocrx_word' id='word_1_861' title='bbox 2252 2284 2404 2321; x_wconf 84' lang='lat' dir='ltr'>formalis,</span> <span class='ocrx_word' id='word_1_862' title='bbox 2422 2295 2459 2315; x_wconf 85' lang='lat' dir='ltr'>ex</span> 
     </span>
     <span class='ocr_line' id='line_1_109' title="bbox 1384 2329 2460 2371; baseline -0.002 -10"><span class='ocrx_word' id='word_1_863' title='bbox 1384 2337 1473 2371; x_wconf 83' lang='lat' dir='ltr'>parte</span> <span class='ocrx_word' id='word_1_864' title='bbox 1492 2329 1542 2360; x_wconf 90' lang='lat' dir='ltr'>sui</span> <span class='ocrx_word' id='word_1_865' title='bbox 1566 2336 1612 2360; x_wconf 89' lang='lat' dir='ltr'>est</span> <span class='ocrx_word' id='word_1_866' title='bbox 1629 2329 1717 2370; x_wconf 87' lang='lat' dir='ltr'>prior</span> <span class='ocrx_word' id='word_1_867' title='bbox 1732 2329 1802 2360; x_wconf 92' lang='lat' dir='ltr'>Deo</span> <span class='ocrx_word' id='word_1_868' title='bbox 1826 2329 2004 2360; x_wconf 89' lang='lat' dir='ltr'>secundum</span> <span class='ocrx_word' id='word_1_869' title='bbox 2020 2329 2233 2360; x_wconf 85' lang='lat' dir='ltr'>intellectum:</span> <span class='ocrx_word' id='word_1_870' title='bbox 2258 2329 2291 2359; x_wconf 90' lang='lat' dir='ltr'>in</span> <span class='ocrx_word' id='word_1_871' title='bbox 2307 2329 2398 2360; x_wconf 91' lang='lat' dir='ltr'>cuius</span> <span class='ocrx_word' id='word_1_872' title='bbox 2419 2329 2460 2359; x_wconf 93' lang='lat' dir='ltr'>si-</span> 
     </span>
     <span class='ocr_line' id='line_1_110' title="bbox 1383 2373 2457 2415; baseline -0.001 -10"><span class='ocrx_word' id='word_1_873' title='bbox 1383 2385 1496 2415; x_wconf 90' lang='lat' dir='ltr'>gnum,</span> <span class='ocrx_word' id='word_1_874' title='bbox 1513 2374 1641 2405; x_wconf 90' lang='lat' dir='ltr'>nullum</span> <span class='ocrx_word' id='word_1_875' title='bbox 1658 2373 1876 2415; x_wconf 86' lang='lat' dir='ltr'>praedicatum</span> <span class='ocrx_word' id='word_1_876' title='bbox 1900 2374 1993 2405; x_wconf 89' lang='lat' dir='ltr'>datur</span> <span class='ocrx_word' id='word_1_877' title='bbox 2012 2374 2190 2404; x_wconf 90' lang='lat' dir='ltr'>secundum</span> <span class='ocrx_word' id='word_1_878' title='bbox 2214 2384 2246 2404; x_wconf 90' lang='lat' dir='ltr'>se</span> <span class='ocrx_word' id='word_1_879' title='bbox 2262 2374 2457 2410; x_wconf 67' lang='lat' dir='ltr'>abstractim,</span> 
     </span>
     <span class='ocr_line' id='line_1_111' title="bbox 1384 2418 2459 2460; baseline -0.002 -10"><span class='ocrx_word' id='word_1_880' title='bbox 1384 2419 1572 2460; x_wconf 78' lang='lat' dir='ltr'>simpliciuS,</span> <span class='ocrx_word' id='word_1_881' title='bbox 1589 2419 1677 2459; x_wconf 88' lang='lat' dir='ltr'>prius</span> <span class='ocrx_word' id='word_1_882' title='bbox 1701 2419 1782 2459; x_wconf 89' lang='lat' dir='ltr'>ipso.</span> <span class='ocrx_word' id='word_1_883' title='bbox 1808 2418 1927 2456; x_wconf 89' lang='lat' dir='ltr'>Quoad</span> <span class='ocrx_word' id='word_1_884' title='bbox 1950 2428 2010 2449; x_wconf 91' lang='lat' dir='ltr'>nos</span> <span class='ocrx_word' id='word_1_885' title='bbox 2034 2428 2119 2455; x_wconf 87' lang='lat' dir='ltr'>vero,</span> <span class='ocrx_word' id='word_1_886' title='bbox 2140 2418 2228 2458; x_wconf 94' lang='lat' dir='ltr'>prior</span> <span class='ocrx_word' id='word_1_887' title='bbox 2243 2425 2290 2449; x_wconf 90' lang='lat' dir='ltr'>est</span> <span class='ocrx_word' id='word_1_888' title='bbox 2306 2418 2459 2459; x_wconf 88' lang='lat' dir='ltr'>sapientia</span> 
     </span>
     <span class='ocr_line' id='line_1_112' title="bbox 1384 2462 2459 2505; baseline -0.001 -11"><span class='ocrx_word' id='word_1_889' title='bbox 1384 2474 1483 2505; x_wconf 89' lang='lat' dir='ltr'>quam</span> <span class='ocrx_word' id='word_1_890' title='bbox 1500 2463 1653 2504; x_wconf 89' lang='lat' dir='ltr'>sapientia</span> <span class='ocrx_word' id='word_1_891' title='bbox 1672 2463 1788 2499; x_wconf 88' lang='lat' dir='ltr'>divina,</span> <span class='ocrx_word' id='word_1_892' title='bbox 1806 2463 1984 2494; x_wconf 90' lang='lat' dir='ltr'>secundum</span> <span class='ocrx_word' id='word_1_893' title='bbox 2002 2462 2208 2494; x_wconf 88' lang='lat' dir='ltr'>intellectum.</span> <span class='ocrx_word' id='word_1_894' title='bbox 2233 2463 2274 2493; x_wconf 91' lang='lat' dir='ltr'>Et</span> <span class='ocrx_word' id='word_1_895' title='bbox 2292 2470 2459 2503; x_wconf 91' lang='lat' dir='ltr'>propterea</span> 
     </span>
     <span class='ocr_line' id='line_1_113' title="bbox 1385 2507 2458 2549; baseline -0.003 -9"><span class='ocrx_word' id='word_1_896' title='bbox 1385 2519 1451 2540; x_wconf 92' lang='lat' dir='ltr'>non</span> <span class='ocrx_word' id='word_1_897' title='bbox 1476 2508 1670 2539; x_wconf 89' lang='lat' dir='ltr'>convertitur</span> <span class='ocrx_word' id='word_1_898' title='bbox 1693 2507 1919 2549; x_wconf 90' lang='lat' dir='ltr'>consequentia</span> <span class='ocrx_word' id='word_1_899' title='bbox 1941 2507 2050 2548; x_wconf 90' lang='lat' dir='ltr'>quoad</span> <span class='ocrx_word' id='word_1_900' title='bbox 2073 2517 2142 2538; x_wconf 87' lang='lat' dir='ltr'>nos.</span> <span class='ocrx_word' id='word_1_901' title='bbox 2167 2507 2203 2537; x_wconf 89' lang='lat' dir='ltr'>In</span> <span class='ocrx_word' id='word_1_902' title='bbox 2226 2507 2328 2538; x_wconf 88' lang='lat' dir='ltr'>littera</span> <span class='ocrx_word' id='word_1_903' title='bbox 2350 2514 2458 2538; x_wconf 89' lang='lat' dir='ltr'>autem</span> 
     </span>
     <span class='ocr_line' id='line_1_114' title="bbox 1384 2551 2458 2593; baseline -0.002 -9"><span class='ocrx_word' id='word_1_904' title='bbox 1384 2553 1520 2584; x_wconf 90' lang='lat' dir='ltr'>intendit</span> <span class='ocrx_word' id='word_1_905' title='bbox 1535 2555 1658 2583; x_wconf 87' lang='lat' dir='ltr'>Auctor</span> <span class='ocrx_word' id='word_1_906' title='bbox 1673 2553 1778 2593; x_wconf 89' lang='lat' dir='ltr'>primo</span> <span class='ocrx_word' id='word_1_907' title='bbox 1803 2553 1919 2582; x_wconf 87' lang='lat' dir='ltr'>modo:</span> <span class='ocrx_word' id='word_1_908' title='bbox 1945 2552 1988 2583; x_wconf 90' lang='lat' dir='ltr'>sic</span> <span class='ocrx_word' id='word_1_909' title='bbox 2008 2552 2093 2582; x_wconf 91' lang='lat' dir='ltr'>enirn</span> <span class='ocrx_word' id='word_1_910' title='bbox 2108 2562 2208 2592; x_wconf 90' lang='lat' dir='ltr'>genus</span> <span class='ocrx_word' id='word_1_911' title='bbox 2229 2552 2316 2592; x_wconf 87' lang='lat' dir='ltr'>prius</span> <span class='ocrx_word' id='word_1_912' title='bbox 2340 2559 2386 2583; x_wconf 91' lang='lat' dir='ltr'>est</span> <span class='ocrx_word' id='word_1_913' title='bbox 2401 2551 2458 2582; x_wconf 91' lang='lat' dir='ltr'>illo</span> 
     </span>
     <span class='ocr_line' id='line_1_115' title="bbox 1384 2597 1867 2639; baseline -0.004 -10"><span class='ocrx_word' id='word_1_914' title='bbox 1384 2599 1475 2639; x_wconf 90' lang='lat' dir='ltr'>quod</span> <span class='ocrx_word' id='word_1_915' title='bbox 1499 2598 1531 2628; x_wconf 91' lang='lat' dir='ltr'>in</span> <span class='ocrx_word' id='word_1_916' title='bbox 1555 2607 1668 2637; x_wconf 88' lang='lat' dir='ltr'>genere</span> <span class='ocrx_word' id='word_1_917' title='bbox 1692 2597 1867 2637; x_wconf 90' lang='lat' dir='ltr'>reponitur.</span> 
     </span>
    </p>
   </div>
   <div class='ocr_carea' id='block_1_14' title="bbox 886 2735 1829 2858">
    <p class='ocr_par' dir='ltr' id='par_1_23' title="bbox 886 2735 1829 2858">
     <span class='ocr_line' id='line_1_116' title="bbox 1079 2735 1635 2779; baseline -0.004 -1"><span class='ocrx_word' id='word_1_918' title='bbox 1079 2736 1397 2779; x_wconf 87' lang='lat' dir='ltr'>ARTICULUS</span> <span class='ocrx_word' id='word_1_919' title='bbox 1428 2735 1635 2778; x_wconf 87' lang='lat' dir='ltr'>SEXTUS</span> 
     </span>
     <span class='ocr_line' id='line_1_117' title="bbox 886 2819 1829 2858; baseline -0.002 -6"><span class='ocrx_word' id='word_1_920' title='bbox 886 2822 1042 2853; x_wconf 87' lang='lat' dir='ltr'>UTRUM</span> <span class='ocrx_word' id='word_1_921' title='bbox 1067 2822 1110 2853; x_wconf 84' lang='lat' dir='ltr'>IN</span> <span class='ocrx_word' id='word_1_922' title='bbox 1134 2822 1223 2853; x_wconf 72' lang='grc' dir='ltr'>1)Εο</span> <span class='ocrx_word' id='word_1_923' title='bbox 1249 2819 1346 2853; x_wconf 76' lang='lat' dir='ltr'>SINT</span> <span class='ocrx_word' id='word_1_924' title='bbox 1370 2821 1536 2858; x_wconf 87' lang='lat' dir='ltr'><strong>ALIQUA</strong></span> <span class='ocrx_word' id='word_1_925' title='bbox 1560 2819 1829 2851; x_wconf 85' lang='lat' dir='ltr'>ACCIDENTIA</span> 
     </span>
    </p>
   </div>
   <div class='ocr_carea' id='block_1_15' title="bbox 481 2899 2238 2933">
    <p class='ocr_par' dir='ltr' id='par_1_24' title="bbox 481 2899 2238 2933">
     <span class='ocr_line' id='line_1_118' title="bbox 481 2899 2238 2933; baseline 0 -9"><span class='ocrx_word' id='word_1_926' title='bbox 481 2899 490 2923; x_wconf 94' lang='grc' dir='ltr'>Ι</span> <span class='ocrx_word' id='word_1_927' title='bbox 511 2899 592 2928; x_wconf 84' lang='lat' dir='ltr'>Sent.‚</span> <span class='ocrx_word' id='word_1_928' title='bbox 613 2900 672 2924; x_wconf 91' lang='lat' dir='ltr'>dist.</span> <span class='ocrx_word' id='word_1_929' title='bbox 691 2907 746 2930; x_wconf 84' lang='lat' dir='ltr'>vm,</span> <span class='ocrx_word' id='word_1_930' title='bbox 765 2907 809 2932; x_wconf 89' lang='lat' dir='ltr'>qu.</span> <span class='ocrx_word' id='word_1_931' title='bbox 828 2907 862 2931; x_wconf 86' lang='grc' dir='ltr'>ιν,</span> <span class='ocrx_word' id='word_1_932' title='bbox 882 2906 930 2926; x_wconf 84' lang='lat' dir='ltr'>art.</span> <span class='ocrx_word' id='word_1_933' title='bbox 951 2900 964 2925; x_wconf 86' lang='lat'>3</span> <span class='ocrx_word' id='word_1_934' title='bbox 971 2909 978 2932; x_wconf 82' lang='lat'>;</span> <span class='ocrx_word' id='word_1_935' title='bbox 998 2901 1007 2925; x_wconf 94' lang='lat'>1</span> <span class='ocrx_word' id='word_1_936' title='bbox 1030 2902 1106 2926; x_wconf 85' lang='lat' dir='ltr'>Cont.</span> <span class='ocrx_word' id='word_1_937' title='bbox 1130 2902 1217 2930; x_wconf 74' lang='lat' dir='ltr'>Gent„</span> <span class='ocrx_word' id='word_1_938' title='bbox 1238 2908 1294 2933; x_wconf 91' lang='lat' dir='ltr'>cap.</span> <span class='ocrx_word' id='word_1_939' title='bbox 1313 2907 1387 2930; x_wconf 65' lang='lat' dir='ltr'>xxnn</span> <span class='ocrx_word' id='word_1_940' title='bbox 1409 2900 1450 2924; x_wconf 85' lang='lat' dir='ltr'>De</span> <span class='ocrx_word' id='word_1_941' title='bbox 1469 2900 1536 2929; x_wconf 67' lang='lat' dir='ltr'>Por„</span> <span class='ocrx_word' id='word_1_942' title='bbox 1557 2907 1601 2931; x_wconf 89' lang='lat' dir='ltr'>qu.</span> <span class='ocrx_word' id='word_1_943' title='bbox 1619 2906 1664 2930; x_wconf 86' lang='lat' dir='ltr'>vu,</span> <span class='ocrx_word' id='word_1_944' title='bbox 1684 2904 1730 2923; x_wconf 86' lang='lat' dir='ltr'>art.</span> <span class='ocrx_word' id='word_1_945' title='bbox 1750 2906 1780 2930; x_wconf 80' lang='lat'>43</span> <span class='ocrx_word' id='word_1_946' title='bbox 1804 2899 1948 2931; x_wconf 80' lang='lat' dir='ltr'>Compend.</span> <span class='ocrx_word' id='word_1_947' title='bbox 1968 2899 2072 2928; x_wconf 71' lang='lat' dir='ltr'>Theoi„</span> <span class='ocrx_word' id='word_1_948' title='bbox 2094 2907 2149 2932; x_wconf 85' lang='lat' dir='ltr'>cap.</span> <span class='ocrx_word' id='word_1_949' title='bbox 2169 2907 2238 2924; x_wconf 84' lang='lat' dir='ltr'>xxm.</span> 
     </span>
    </p>
   </div>
   <div class='ocr_carea' id='block_1_16' title="bbox 271 2989 505 3184">
    <p class='ocr_par' dir='ltr' id='par_1_25' title="bbox 271 2989 505 3184">
     <span class='ocr_line' id='line_1_119' title="bbox 271 2989 505 3184; baseline 0 994"><span class='ocrx_word' id='word_1_950' title='bbox 271 2989 505 3184; x_wconf 95' lang='lat' dir='ltr'> </span> 
     </span>
    </p>
   </div>
   <div class='ocr_carea' id='block_1_17' title="bbox 258 3140 1334 3564">
    <p class='ocr_par' dir='ltr' id='par_1_26' title="bbox 258 3131 1334 3455">
     <span class='ocr_line' id='line_1_120' title="bbox 451 3140 1332 3189; baseline 0 -11"><span class='ocrx_word' id='word_1_951' title='bbox 451 3163 464 3173; x_wconf 45' lang='lat' dir='ltr'>x</span> <span class='ocrx_word' id='word_1_952' title='bbox 517 3140 653 3189; x_wconf 48' lang='lat' dir='ltr'>*ysic*</span> <span class='ocrx_word' id='word_1_953' title='bbox 668 3140 785 3187; x_wconf 86' lang='lat' dir='ltr'>Quod</span> <span class='ocrx_word' id='word_1_954' title='bbox 801 3152 892 3188; x_wconf 89' lang='lat' dir='ltr'>ergo</span> <span class='ocrx_word' id='word_1_955' title='bbox 912 3140 951 3177; x_wconf 93' lang='lat' dir='ltr'>in</span> <span class='ocrx_word' id='word_1_956' title='bbox 970 3153 1049 3178; x_wconf 91' lang='lat' dir='ltr'>uno</span> <span class='ocrx_word' id='word_1_957' title='bbox 1071 3148 1128 3178; x_wconf 91' lang='lat' dir='ltr'>est</span> <span class='ocrx_word' id='word_1_958' title='bbox 1142 3141 1332 3188; x_wconf 87' lang='lat' dir='ltr'>accidens,</span> 
     </span>
     <span class='ocr_line' id='line_1_121' title="bbox 259 3193 1334 3243; baseline 0 -11"><span class='ocrx_word' id='word_1_959' title='bbox 259 3207 339 3232; x_wconf 92' lang='lat' dir='ltr'>non</span> <span class='ocrx_word' id='word_1_960' title='bbox 365 3201 492 3243; x_wconf 89' lang='lat' dir='ltr'>potest</span> <span class='ocrx_word' id='word_1_961' title='bbox 510 3194 549 3231; x_wconf 92' lang='lat' dir='ltr'>in</span> <span class='ocrx_word' id='word_1_962' title='bbox 568 3194 641 3231; x_wconf 89' lang='lat' dir='ltr'>alio</span> <span class='ocrx_word' id='word_1_963' title='bbox 662 3206 745 3231; x_wconf 91' lang='lat' dir='ltr'>esse</span> <span class='ocrx_word' id='word_1_964' title='bbox 775 3193 1005 3231; x_wconf 86' lang='lat' dir='ltr'>substantia:</span> <span class='ocrx_word' id='word_1_965' title='bbox 1035 3194 1131 3231; x_wconf 89' lang='lat' dir='ltr'>sicut</span> <span class='ocrx_word' id='word_1_966' title='bbox 1148 3195 1334 3243; x_wconf 87' lang='lat' dir='ltr'>probatur</span> 
     </span>
     <span class='ocr_line' id='line_1_122' title="bbox 258 3246 1333 3297; baseline 0 -12"><span class='ocrx_word' id='word_1_967' title='bbox 258 3247 366 3297; x_wconf 94' lang='lat' dir='ltr'>quod</span> <span class='ocrx_word' id='word_1_968' title='bbox 394 3247 498 3284; x_wconf 87' lang='lat' dir='ltr'>calor</span> <span class='ocrx_word' id='word_1_969' title='bbox 526 3259 605 3284; x_wconf 92' lang='lat' dir='ltr'>non</span> <span class='ocrx_word' id='word_1_970' title='bbox 624 3246 671 3284; x_wconf 90' lang='lat' dir='ltr'>sit</span> <span class='ocrx_word' id='word_1_971' title='bbox 690 3248 815 3284; x_wconf 87' lang='lat' dir='ltr'>forma</span> <span class='ocrx_word' id='word_1_972' title='bbox 834 3247 1090 3285; x_wconf 87' lang='lat' dir='ltr'>substantialis</span> <span class='ocrx_word' id='word_1_973' title='bbox 1114 3248 1222 3296; x_wconf 88' lang='lat' dir='ltr'>ignis,</span> <span class='ocrx_word' id='word_1_974' title='bbox 1243 3248 1333 3297; x_wconf 90' lang='lat' dir='ltr'>quia</span> 
     </span>
     <span class='ocr_line' id='line_1_123' title="bbox 258 3301 1333 3350; baseline 0 -11"><span class='ocrx_word' id='word_1_975' title='bbox 258 3303 298 3339; x_wconf 90' lang='lat' dir='ltr'>in</span> <span class='ocrx_word' id='word_1_976' title='bbox 317 3301 396 3338; x_wconf 87' lang='lat' dir='ltr'>aliis</span> <span class='ocrx_word' id='word_1_977' title='bbox 416 3308 473 3338; x_wconf 91' lang='lat' dir='ltr'>est</span> <span class='ocrx_word' id='word_1_978' title='bbox 499 3301 701 3338; x_wconf 35' lang='lat' dir='ltr'>accidens..</span> <span class='ocrx_word' id='word_1_979' title='bbox 718 3302 796 3338; x_wconf 89' lang='lat' dir='ltr'>Sed</span> <span class='ocrx_word' id='word_1_980' title='bbox 825 3301 1019 3350; x_wconf 86' lang='lat' dir='ltr'>sapientia,</span> <span class='ocrx_word' id='word_1_981' title='bbox 1041 3301 1173 3348; x_wconf 81' lang='lat' dir='ltr'>virtus,</span> <span class='ocrx_word' id='word_1_982' title='bbox 1199 3309 1237 3338; x_wconf 92' lang='lat' dir='ltr'>et</span> <span class='ocrx_word' id='word_1_983' title='bbox 1263 3302 1333 3339; x_wconf 90' lang='lat' dir='ltr'>hu-</span> 
     </span>
     <span class='ocr_line' id='line_1_124' title="bbox 258 3354 1333 3404; baseline 0 -12"><span class='ocrx_word' id='word_1_984' title='bbox 258 3354 440 3402; x_wconf 83' lang='lat' dir='ltr'>iusmodi,</span> <span class='ocrx_word' id='word_1_985' title='bbox 462 3366 561 3404; x_wconf 87' lang='lat' dir='ltr'>quae</span> <span class='ocrx_word' id='word_1_986' title='bbox 590 3354 627 3391; x_wconf 91' lang='lat' dir='ltr'>in</span> <span class='ocrx_word' id='word_1_987' title='bbox 655 3354 767 3392; x_wconf 89' lang='lat' dir='ltr'>nobis</span> <span class='ocrx_word' id='word_1_988' title='bbox 796 3362 883 3392; x_wconf 90' lang='lat' dir='ltr'>sunt</span> <span class='ocrx_word' id='word_1_989' title='bbox 911 3354 1134 3402; x_wconf 87' lang='lat' dir='ltr'>accidentia,</span> <span class='ocrx_word' id='word_1_990' title='bbox 1165 3356 1251 3392; x_wconf 90' lang='lat' dir='ltr'>Deo</span> <span class='ocrx_word' id='word_1_991' title='bbox 1280 3362 1333 3392; x_wconf 90' lang='lat' dir='ltr'>at-</span> 
     </span>
     <span class='ocr_line' id='line_1_125' title="bbox 258 3407 1231 3455; baseline 0 -9"><span class='ocrx_word' id='word_1_992' title='bbox 258 3409 487 3446; x_wconf 89' lang='lat' dir='ltr'>tribuuntur.</span> <span class='ocrx_word' id='word_1_993' title='bbox 517 3408 620 3455; x_wconf 83' lang='lat' dir='ltr'>Ergo</span> <span class='ocrx_word' id='word_1_994' title='bbox 649 3415 687 3445; x_wconf 91' lang='lat' dir='ltr'>et</span> <span class='ocrx_word' id='word_1_995' title='bbox 714 3408 753 3446; x_wconf 92' lang='lat' dir='ltr'>in</span> <span class='ocrx_word' id='word_1_996' title='bbox 780 3409 866 3446; x_wconf 93' lang='lat' dir='ltr'>Deo</span> <span class='ocrx_word' id='word_1_997' title='bbox 896 3416 983 3445; x_wconf 92' lang='lat' dir='ltr'>sunt</span> <span class='ocrx_word' id='word_1_998' title='bbox 1011 3407 1231 3446; x_wconf 86' lang='lat' dir='ltr'>accidentia.</span> 
     </span>
    </p>

    <p class='ocr_par' dir='ltr' id='par_1_27' title="bbox 260 3461 1331 3564">
     <span class='ocr_line' id='line_1_126' title="bbox 316 3461 1331 3510; baseline 0 -11"><span class='ocrx_word' id='word_1_999' title='bbox 316 3474 352 3499; x_wconf 88' lang='lat'>2.</span> <span class='ocrx_word' id='word_1_1000' title='bbox 382 3463 625 3508; x_wconf 60' lang='grc' dir='ltr'>ΡΚΑΕΤΕΚΕΑ,</span> <span class='ocrx_word' id='word_1_1001' title='bbox 661 3461 700 3498; x_wconf 91' lang='lat' dir='ltr'>in</span> <span class='ocrx_word' id='word_1_1002' title='bbox 737 3462 909 3510; x_wconf 91' lang='lat' dir='ltr'>quolibet</span> <span class='ocrx_word' id='word_1_1003' title='bbox 945 3474 1086 3510; x_wconf 84' lang='lat' dir='ltr'>genere</span> <span class='ocrx_word' id='word_1_1004' title='bbox 1119 3469 1175 3499; x_wconf 89' lang='lat' dir='ltr'>est</span> <span class='ocrx_word' id='word_1_1005' title='bbox 1208 3474 1331 3499; x_wconf 90' lang='lat' dir='ltr'>unum</span> 
     </span>
     <span class='ocr_line' id='line_1_127' title="bbox 260 3514 1330 3564; baseline 0.001 -12"><span class='ocrx_word' id='word_1_1006' title='bbox 260 3515 442 3564; x_wconf 90' lang='lat' dir='ltr'>primum.</span> <span class='ocrx_word' id='word_1_1007' title='bbox 474 3514 595 3551; x_wconf 90' lang='lat' dir='ltr'>Multa</span> <span class='ocrx_word' id='word_1_1008' title='bbox 623 3522 751 3551; x_wconf 86' lang='lat' dir='ltr'>autern</span> <span class='ocrx_word' id='word_1_1009' title='bbox 780 3523 867 3552; x_wconf 89' lang='lat' dir='ltr'>sunt</span> <span class='ocrx_word' id='word_1_1010' title='bbox 895 3527 1035 3563; x_wconf 89' lang='lat' dir='ltr'>genera</span> <span class='ocrx_word' id='word_1_1011' title='bbox 1063 3515 1330 3553; x_wconf 86' lang='lat' dir='ltr'>accidentium.</span> 
     </span>
    </p>
   </div>
   <div class='ocr_carea' id='block_1_18' title="bbox 1374 2979 2457 3562">
    <p class='ocr_par' dir='ltr' id='par_1_28' title="bbox 1387 2979 2456 3133">
     <span class='ocr_line' id='line_1_128' title="bbox 1389 2979 2455 3028; baseline 0 -12"><span class='ocrx_word' id='word_1_1012' title='bbox 1389 2980 1429 3016; x_wconf 87' lang='lat' dir='ltr'>Si</span> <span class='ocrx_word' id='word_1_1013' title='bbox 1449 2980 1559 3027; x_wconf 87' lang='lat' dir='ltr'>igitur</span> <span class='ocrx_word' id='word_1_1014' title='bbox 1577 2980 1702 3028; x_wconf 87' lang='lat' dir='ltr'>prima</span> <span class='ocrx_word' id='word_1_1015' title='bbox 1720 2979 1872 3016; x_wconf 88' lang='lat' dir='ltr'>illorum</span> <span class='ocrx_word' id='word_1_1016' title='bbox 1892 2992 2076 3028; x_wconf 89' lang='lat' dir='ltr'>generum</span> <span class='ocrx_word' id='word_1_1017' title='bbox 2097 2993 2175 3017; x_wconf 89' lang='lat' dir='ltr'>non</span> <span class='ocrx_word' id='word_1_1018' title='bbox 2195 2988 2281 3017; x_wconf 88' lang='lat' dir='ltr'>sunt</span> <span class='ocrx_word' id='word_1_1019' title='bbox 2300 2980 2337 3016; x_wconf 89' lang='lat' dir='ltr'>in</span> <span class='ocrx_word' id='word_1_1020' title='bbox 2358 2981 2455 3027; x_wconf 78' lang='lat' dir='ltr'>Deo,</span> 
     </span>
     <span class='ocr_line' id='line_1_129' title="bbox 1389 3033 2456 3082; baseline 0.001 -13"><span class='ocrx_word' id='word_1_1021' title='bbox 1389 3041 1498 3070; x_wconf 89' lang='lat' dir='ltr'>erunt</span> <span class='ocrx_word' id='word_1_1022' title='bbox 1526 3033 1645 3070; x_wconf 86' lang='lat' dir='ltr'>multa</span> <span class='ocrx_word' id='word_1_1023' title='bbox 1673 3033 1797 3082; x_wconf 88' lang='lat' dir='ltr'>prima</span> <span class='ocrx_word' id='word_1_1024' title='bbox 1826 3041 1928 3070; x_wconf 84' lang='lat' dir='ltr'>extra</span> <span class='ocrx_word' id='word_1_1025' title='bbox 1947 3035 2096 3071; x_wconf 90' lang='lat' dir='ltr'>Deum:</span> <span class='ocrx_word' id='word_1_1026' title='bbox 2127 3034 2232 3082; x_wconf 90' lang='lat' dir='ltr'>quod</span> <span class='ocrx_word' id='word_1_1027' title='bbox 2253 3042 2308 3070; x_wconf 89' lang='lat' dir='ltr'>est</span> <span class='ocrx_word' id='word_1_1028' title='bbox 2326 3033 2456 3071; x_wconf 88' lang='lat' dir='ltr'>incon-</span> 
     </span>
     <span class='ocr_line' id='line_1_130' title="bbox 1387 3087 2433 3133; baseline -0.003 -9"><span class='ocrx_word' id='word_1_1029' title='bbox 1387 3087 1558 3124; x_wconf 87' lang='lat' dir='ltr'>veniens.</span> <span class='ocrx_word' id='word_1_1030' title='bbox 2431 3130 2433 3133; x_wconf 89' lang='lat'>.</span> 
     </span>
    </p>

    <p class='ocr_par' dir='ltr' id='par_1_29' title="bbox 1374 3140 2457 3391">
     <span class='ocr_line' id='line_1_131' title="bbox 1443 3140 2454 3187; baseline 0 -10"><span class='ocrx_word' id='word_1_1031' title='bbox 1443 3141 1517 3177; x_wconf 81' lang='lat' dir='ltr'>SED</span> <span class='ocrx_word' id='word_1_1032' title='bbox 1551 3151 1712 3187; x_wconf 82' lang='lat' dir='ltr'>CONTRA,</span> <span class='ocrx_word' id='word_1_1033' title='bbox 1749 3152 1865 3177; x_wconf 91' lang='lat' dir='ltr'>omne</span> <span class='ocrx_word' id='word_1_1034' title='bbox 1901 3141 2076 3177; x_wconf 87' lang='lat' dir='ltr'>accidens</span> <span class='ocrx_word' id='word_1_1035' title='bbox 2110 3141 2148 3177; x_wconf 90' lang='lat' dir='ltr'>in</span> <span class='ocrx_word' id='word_1_1036' title='bbox 2183 3140 2352 3177; x_wconf 83' lang='lat' dir='ltr'>subiecto</span> <span class='ocrx_word' id='word_1_1037' title='bbox 2387 3148 2454 3178; x_wconf 91' lang='lat' dir='ltr'>est.</span> 
     </span>
     <span class='ocr_line' id='line_1_132' title="bbox 1388 3193 2457 3243; baseline -0.001 -12"><span class='ocrx_word' id='word_1_1038' title='bbox 1388 3196 1494 3231; x_wconf 90' lang='lat' dir='ltr'>Deus</span> <span class='ocrx_word' id='word_1_1039' title='bbox 1532 3201 1660 3230; x_wconf 87' lang='lat' dir='ltr'>autem</span> <span class='ocrx_word' id='word_1_1040' title='bbox 1698 3205 1778 3230; x_wconf 90' lang='lat' dir='ltr'>non</span> <span class='ocrx_word' id='word_1_1041' title='bbox 1811 3201 1938 3243; x_wconf 89' lang='lat' dir='ltr'>potest</span> <span class='ocrx_word' id='word_1_1042' title='bbox 1975 3206 2057 3230; x_wconf 90' lang='lat' dir='ltr'>esse</span> <span class='ocrx_word' id='word_1_1043' title='bbox 2095 3194 2330 3230; x_wconf 84' lang='lat' dir='ltr'>subiectum:</span> <span class='ocrx_word' id='word_1_1044' title='bbox 2367 3193 2457 3242; x_wconf 86' lang='lat' dir='ltr'>quia</span> 
     </span>
     <span class='ocr_line' id='line_1_133' title="bbox 1374 3246 2457 3297; baseline -0.002 -12"><span class='ocrx_word' id='word_1_1045' title='bbox 1374 3249 1515 3297; x_wconf 86' lang='lat' dir='ltr'>forma</span> <span class='ocrx_word' id='word_1_1046' title='bbox 1543 3246 1705 3294; x_wconf 80' lang='lat' dir='ltr'>simplex</span> <span class='ocrx_word' id='word_1_1047' title='bbox 1732 3259 1807 3284; x_wconf 87' lang='lat' dir='ltr'>non</span> <span class='ocrx_word' id='word_1_1048' title='bbox 1831 3252 1954 3296; x_wconf 83' lang='lat' dir='ltr'>potest</span> <span class='ocrx_word' id='word_1_1049' title='bbox 1975 3259 2053 3284; x_wconf 82' lang='lat' dir='ltr'>esse</span> <span class='ocrx_word' id='word_1_1050' title='bbox 2070 3247 2287 3293; x_wconf 82' lang='lat' dir='ltr'>subiectum,</span> <span class='ocrx_word' id='word_1_1051' title='bbox 2307 3254 2348 3283; x_wconf 91' lang='lat' dir='ltr'>ut</span> <span class='ocrx_word' id='word_1_1052' title='bbox 2368 3247 2457 3284; x_wconf 92' lang='lat' dir='ltr'>dicit</span> 
     </span>
     <span class='ocr_line' id='line_1_134' title="bbox 1389 3300 2456 3349; baseline -0.001 -11"><span class='ocrx_word' id='word_1_1053' title='bbox 1389 3301 1544 3338; x_wconf 89' lang='lat' dir='ltr'>Boetius</span> <span class='ocrx_word' id='word_1_1054' title='bbox 1564 3300 1602 3337; x_wconf 91' lang='lat' dir='ltr'>in</span> <span class='ocrx_word' id='word_1_1055' title='bbox 1621 3300 1684 3337; x_wconf 91' lang='lat' dir='ltr'>lib.</span> <span class='ocrx_word' id='word_1_1056' title='bbox 1706 3300 1751 3337; x_wconf 85' lang='lat' dir='ltr'>de</span> <span class='ocrx_word' id='word_1_1057' title='bbox 1774 3301 1810 3337; x_wconf 96' lang='lat' dir='ltr'>T</span> <span class='ocrx_word' id='word_1_1058' title='bbox 1806 3301 1877 3337; x_wconf 88' lang='lat' dir='ltr'>rin.</span> <span class='ocrx_word' id='word_1_1059' title='bbox 1894 3300 1914 3322; x_wconf 77' lang='lat'>’¹‘</span> <span class='ocrx_word' id='word_1_1060' title='bbox 1933 3301 2034 3348; x_wconf 88' lang='lat' dir='ltr'>Ergo</span> <span class='ocrx_word' id='word_1_1061' title='bbox 2055 3300 2092 3337; x_wconf 93' lang='lat' dir='ltr'>in</span> <span class='ocrx_word' id='word_1_1062' title='bbox 2112 3301 2196 3337; x_wconf 91' lang='lat' dir='ltr'>Deo</span> <span class='ocrx_word' id='word_1_1063' title='bbox 2223 3313 2302 3337; x_wconf 92' lang='lat' dir='ltr'>non</span> <span class='ocrx_word' id='word_1_1064' title='bbox 2330 3307 2456 3349; x_wconf 90' lang='lat' dir='ltr'>potest</span> 
     </span>
     <span class='ocr_line' id='line_1_135' title="bbox 1389 3353 1688 3391; baseline -0.003 0"><span class='ocrx_word' id='word_1_1065' title='bbox 1389 3367 1471 3391; x_wconf 88' lang='lat' dir='ltr'>esse</span> <span class='ocrx_word' id='word_1_1066' title='bbox 1501 3353 1688 3391; x_wconf 87' lang='lat' dir='ltr'>accidens.</span> 
     </span>
    </p>

    <p class='ocr_par' dir='ltr' id='par_1_30' title="bbox 1388 3407 2455 3562">
     <span class='ocr_line' id='line_1_136' title="bbox 1442 3407 2455 3455; baseline 0 -12"><span class='ocrx_word' id='word_1_1067' title='bbox 1442 3409 1667 3444; x_wconf 64' lang='lat' dir='ltr'>Rssspoumzo</span> <span class='ocrx_word' id='word_1_1068' title='bbox 1705 3418 1890 3443; x_wconf 84' lang='lat' dir='ltr'>DICENDUM</span> <span class='ocrx_word' id='word_1_1069' title='bbox 1928 3407 2057 3455; x_wconf 83' lang='lat' dir='ltr'>quod,</span> <span class='ocrx_word' id='word_1_1070' title='bbox 2097 3407 2310 3444; x_wconf 89' lang='lat' dir='ltr'>secundum</span> <span class='ocrx_word' id='word_1_1071' title='bbox 2348 3419 2455 3455; x_wconf 90' lang='lat' dir='ltr'>prae-</span> 
     </span>
     <span class='ocr_line' id='line_1_137' title="bbox 1388 3459 2455 3509; baseline -0.002 -11"><span class='ocrx_word' id='word_1_1072' title='bbox 1388 3461 1502 3498; x_wconf 88' lang='lat' dir='ltr'>missa</span> <span class='ocrx_word' id='word_1_1073' title='bbox 1521 3467 1549 3507; x_wconf 78' lang='lat'>&#39;‘‚</span> <span class='ocrx_word' id='word_1_1074' title='bbox 1581 3460 1779 3497; x_wconf 86' lang='lat' dir='ltr'>manifeste</span> <span class='ocrx_word' id='word_1_1075' title='bbox 1808 3467 1966 3509; x_wconf 87' lang='lat' dir='ltr'>apparet</span> <span class='ocrx_word' id='word_1_1076' title='bbox 1990 3460 2095 3507; x_wconf 91' lang='lat' dir='ltr'>quod</span> <span class='ocrx_word' id='word_1_1077' title='bbox 2116 3460 2154 3496; x_wconf 90' lang='lat' dir='ltr'>in</span> <span class='ocrx_word' id='word_1_1078' title='bbox 2173 3461 2258 3497; x_wconf 94' lang='lat' dir='ltr'>Deo</span> <span class='ocrx_word' id='word_1_1079' title='bbox 2279 3459 2455 3497; x_wconf 86' lang='lat' dir='ltr'>accidens</span> 
     </span>
     <span class='ocr_line' id='line_1_138' title="bbox 1388 3513 2454 3562; baseline -0.002 -11"><span class='ocrx_word' id='word_1_1080' title='bbox 1388 3527 1470 3552; x_wconf 89' lang='lat' dir='ltr'>esse</span> <span class='ocrx_word' id='word_1_1081' title='bbox 1500 3526 1577 3551; x_wconf 91' lang='lat' dir='ltr'>non</span> <span class='ocrx_word' id='word_1_1082' title='bbox 1605 3521 1741 3562; x_wconf 91' lang='lat' dir='ltr'>potest.</span> <span class='ocrx_word' id='word_1_1083' title='bbox 1772 3514 1901 3550; x_wconf 89' lang='lat' dir='ltr'>Primo</span> <span class='ocrx_word' id='word_1_1084' title='bbox 1932 3513 2101 3561; x_wconf 87' lang='lat' dir='ltr'>quidem,</span> <span class='ocrx_word' id='word_1_1085' title='bbox 2123 3513 2211 3562; x_wconf 88' lang='lat' dir='ltr'>quia</span> <span class='ocrx_word' id='word_1_1086' title='bbox 2241 3513 2454 3550; x_wconf 89' lang='lat' dir='ltr'>subiectum</span> 
     </span>
    </p>
   </div>
   <div class='ocr_carea' id='block_1_19' title="bbox 316 3627 2417 3662">
    <p class='ocr_par' dir='ltr' id='par_1_31' title="bbox 316 3627 2417 3662">
     <span class='ocr_line' id='line_1_139' title="bbox 316 3627 2417 3662; baseline -0 -10"><span class='ocrx_word' id='word_1_1087' title='bbox 316 3628 343 3661; x_wconf 92' lang='grc' dir='ltr'>α)</span> <span class='ocrx_word' id='word_1_1088' title='bbox 363 3629 441 3662; x_wconf 81' lang='lat' dir='ltr'>quod,</span> <span class='ocrx_word' id='word_1_1089' title='bbox 460 3628 604 3654; x_wconf 87' lang='lat' dir='ltr'>secundum</span> <span class='ocrx_word' id='word_1_1090' title='bbox 620 3628 780 3660; x_wconf 82' lang='lat' dir='ltr'>praemissa.</span> <span class='ocrx_word' id='word_1_1091' title='bbox 792 3642 811 3648; x_wconf 98' lang='lat'>-</span> <span class='ocrx_word' id='word_1_1092' title='bbox 828 3629 972 3654; x_wconf 85' lang='lat' dir='ltr'>secundum</span> <span class='ocrx_word' id='word_1_1093' title='bbox 981 3630 1134 3662; x_wconf 79' lang='lat' dir='ltr'>praemissa</span> <span class='ocrx_word' id='word_1_1094' title='bbox 1152 3631 1223 3662; x_wconf 81' lang='lat' dir='ltr'>quod</span> <span class='ocrx_word' id='word_1_1095' title='bbox 1236 3629 1336 3661; x_wconf 80' lang='lat' dir='ltr'>AEFG,</span> <span class='ocrx_word' id='word_1_1096' title='bbox 1356 3630 1427 3662; x_wconf 81' lang='lat' dir='ltr'>quod</span> <span class='ocrx_word' id='word_1_1097' title='bbox 1446 3629 1588 3654; x_wconf 82' lang='lat' dir='ltr'>secundum</span> <span class='ocrx_word' id='word_1_1098' title='bbox 1604 3629 1755 3660; x_wconf 75' lang='lat' dir='ltr'>praemissa</span> <span class='ocrx_word' id='word_1_1099' title='bbox 1775 3629 1846 3661; x_wconf 84' lang='lat' dir='ltr'>quod</span> <span class='ocrx_word' id='word_1_1100' title='bbox 1865 3628 1936 3660; x_wconf 88' lang='lat' dir='ltr'>pCD,</span> <span class='ocrx_word' id='word_1_1101' title='bbox 1954 3627 2097 3653; x_wconf 86' lang='lat' dir='ltr'>secundum</span> <span class='ocrx_word' id='word_1_1102' title='bbox 2117 3627 2189 3659; x_wconf 81' lang='lat' dir='ltr'>quod</span> <span class='ocrx_word' id='word_1_1103' title='bbox 2203 3627 2355 3659; x_wconf 81' lang='lat' dir='ltr'>praemissa</span> <span class='ocrx_word' id='word_1_1104' title='bbox 2370 3627 2417 3659; x_wconf 86' lang='lat' dir='ltr'>pB.</span> 
     </span>
    </p>
   </div>
   <div class='ocr_carea' id='block_1_20' title="bbox 2483 3308 2598 3335">
    <p class='ocr_par' dir='ltr' id='par_1_32' title="bbox 2483 3308 2598 3335">
     <span class='ocr_line' id='line_1_140' title="bbox 2483 3308 2598 3335; baseline 0.009 -6"><span class='ocrx_word' id='word_1_1105' title='bbox 2483 3309 2491 3317; x_wconf 83' lang='lat'><strong>·</strong></span> <span class='ocrx_word' id='word_1_1106' title='bbox 2507 3308 2565 3335; x_wconf 83' lang='lat' dir='ltr'>Cap.</span> <span class='ocrx_word' id='word_1_1107' title='bbox 2575 3315 2598 3330; x_wconf 85' lang='lat' dir='ltr'>n.</span> 
     </span>
    </p>
   </div>
  </div>
 </body>
</html>
