2768 4178
0 718 4 727 ι
21 710 32 722 ”
47 709 106 736 Cap.
116 714 142 735 n,
154 714 178 730 n.
188 714 221 729 ιο.

0 750 4 761 l

0 778 7 833 ἱ.
19 797 33 810 ⁸
46 796 96 825 Qu.
107 802 142 823 ιιι,
153 799 195 818 art.
204 802 221 817 ι.

20 881 32 893 ·
47 881 235 910 Cannu-sm·

35 1399 204 1445 'et-nm.

19 1457 27 1479 <L
46 1456 215 1485 &nu-‚vin

29 1634 41 1649 ἵ·
55 1634 170 1659 ,ιῃψππί
232 1636 236 1638 “

164 1667 184 1680 Τ
197 1664 221 1681 .”“

43 1687 46 1689 ’
91 1707 96 1710 -
134 1696 171 1713 ,ιιι
187 1691 212 1712 ,Π

126 1738 139 1764 3.

23 1860 25 1864 ⁴
41 1857 166 1885 munh.
174 1865 201 1883 ιι.

48 2319 71 2341 ¹.
118 2323 126 2336 ,
160 2313 239 2335 mu,

49 2337 158 2364 ..ηρ
203 2339 239 2357 eu.

83 3183 94 3194 ,Β

49 3203 58 3226 ’,
107 3205 174 3225 m.
183 3206 211 3223 ιι.

62 3236 70 3246 b

975 224 1243 271 QUAESTIO
1273 224 1360 270 vn,
1389 223 1686 260 ARTICULUS
1717 225 1730 260 1

2403 229 2451 275 73

937 343 1274 378 Commentaria
1296 342 1549 375 cardinalis
1573 342 1774 375 Caietam

292 451 312 471 N
337 439 441 475 titulo,
462 439 495 480 ly
513 439 604 470 Deus
623 437 760 469 sumitur
776 435 915 477 proprie,
932 442 968 467 ut
983 443 1030 467 est
1045 445 1165 466 nomen
1185 442 1331 465 naturae:

265 452 336 516 lita
359 483 449 526 quod
473 483 512 514 de
536 482 689 518 essentia,
713 490 780 512 non
804 480 844 511 de
867 480 1010 520 potentia
1033 485 1088 511 aut
1111 479 1240 510 scientia
1263 479 1331 514 Dei,

262 535 308 560 est
331 528 486 570 quaestio.
510 529 559 569 Ly
576 527 750 569 infinitum,
767 535 843 556 cum
866 524 905 556 sit
920 534 1039 556 nomen
1063 524 1280 564 compositum
1296 533 1333 554 ex

262 575 295 604 in
320 580 351 605 et
363 573 512 615 finitum,
527 571 622 603 habet
639 570 673 612 ly
696 571 729 600 in
753 569 907 609 negative,
925 579 992 600 non
1007 569 1168 609 privative.
1193 569 1242 609 Ly
1257 578 1333 599 vero

252 618 389 660 finitum
413 616 566 648 terminos
590 613 773 656 quantitatis
797 613 1030 654 perfectionalis
1046 613 1137 644 dicit:
1163 622 1238 643 cum
1254 612 1334 643 finiti

263 669 294 694 et
309 661 423 694 infiniti
438 660 519 692 ratio
538 658 706 701 quantitati
726 665 890 699 congruat,
906 658 1084 689 secundum
1098 657 1334 697 Philosophum

264 707 420 748 lphysic.
437 705 470 741 *;
495 710 526 735 et
549 703 630 735 sicut
648 703 766 744 duplex
790 709 837 734 est
855 702 1025 744 quantitas,
1046 702 1163 733 scilicet
1186 708 1216 732 et
1239 701 1334 732 molis

264 758 294 782 et
316 748 529 792 perfectionis,
544 748 587 779 ita
606 747 748 788 duplices
769 754 844 779 sunt
857 747 994 783 termini,
1012 754 1042 778 et
1058 747 1176 788 duplex
1195 754 1242 778 est
1265 746 1334 777 fini-

263 802 311 827 tas
327 801 358 826 et
375 792 523 825 infinitas
549 792 611 824 Hic
628 799 746 829 autern,
762 802 837 823 cum
854 792 979 823 exclusa
997 792 1062 823 iam
1076 791 1094 811 *
1117 791 1157 822 sit
1175 791 1334 832 quantitas

263 838 359 870 molis
382 849 401 870 a
422 838 508 874 Deo,
533 843 660 878 oportet
682 836 815 877 intelligi
839 837 877 867 de
900 835 1054 868 infinitate
1077 836 1288 877 perfectionis.

318 883 360 914 Et
383 882 547 923 diligenter
565 882 690 912 adverte
709 881 809 922 quod,
825 881 910 922 quia,
928 888 963 912 ut
980 881 1093 912 dicitur
1110 881 1150 911 111
1167 881 1295 921 Physic.
1306 879 1334 916 ⁴,

262 927 425 959 infinitum
441 937 508 957 non
525 932 571 957 est
586 925 769 962 substantia,
788 927 843 956 sed
859 926 1003 956 accidens
1019 926 1122 962 rebus,
1137 935 1335 966 consequens

263 978 309 1004 est
325 978 362 1003 ut
376 971 555 1003 secundum
574 970 618 1001 rei
637 977 785 1001 naturam
804 969 941 1001 infinitas
957 977 1012 1001 aut
1027 969 1130 1001 finitas
1148 970 1333 1010 requiratur.

262 1016 354 1048 Alius
378 1014 537 1057 siquidem
561 1021 608 1046 est
631 1015 749 1046 modus
779 1014 941 1046 infinitatis
965 1015 1024 1051 rei,
1051 1014 1131 1046 alius
1155 1014 1334 1056 potentiae,

262 1060 344 1092 alius
374 1059 532 1092 scientiae.
565 1058 705 1090 Infinitas
737 1059 895 1101 siquidem
925 1059 1133 1100 quidditativa
1165 1058 1336 1090 attenditur

262 1115 360 1146 penes
384 1104 600 1136 exclusionem
616 1104 827 1135 terminorum
848 1104 1072 1140 essentialium,
1092 1110 1170 1144 puta
1194 1102 1335 1133 differen-

262 1149 380 1182 tiarum
403 1155 434 1180 et
457 1148 622 1180 similium.
646 1149 688 1179 Et
711 1148 786 1190 quia
808 1148 841 1179 in
865 1148 1033 1189 proposito
1057 1147 1202 1188 quaestio
1226 1153 1273 1177 est
1296 1147 1335 1176 de

262 1193 416 1225 infinitate
448 1200 578 1224 naturae
607 1193 749 1229 divinae,
778 1193 851 1223 ideo
883 1193 922 1223 de
950 1192 1103 1223 infinitate
1135 1190 1336 1232 perfectionis

263 1238 482 1277 substantialis
491 1246 603 1268 sermo
627 1244 683 1268 est.
710 1237 754 1268 lta
777 1237 867 1278 quod
890 1246 1001 1267 sensus
1025 1243 1087 1267 est:
1114 1236 1230 1267 Utrum
1249 1235 1336 1266 Deus

263 1283 443 1314 secundum
472 1292 565 1313 suam
594 1281 761 1312 essentiam
792 1281 831 1312 sit
859 1287 962 1312 tantae
993 1279 1195 1321 perfectionis
1209 1303 1216 1316 ,
1248 1280 1337 1320 quod

264 1337 377 1358 omnes
401 1327 553 1358 terminos
577 1335 632 1357 seu
656 1325 772 1356 limites
796 1325 975 1365 essentiales
999 1325 1151 1356 excludat.

321 1371 358 1403 11.
384 1371 419 1402 In
443 1379 577 1411 corpore
599 1369 658 1401 tria
680 1369 770 1400 facit:
795 1369 901 1410 primo
927 1369 1021 1400 refert
1043 1369 1232 1410 opinionem
1256 1368 1336 1398 anti-

264 1424 422 1458 quorum;
445 1414 588 1450 secundo
599 1413 769 1454 ,distinguit
783 1414 823 1444 de
838 1413 958 1445 finitate
973 1421 1003 1445 et
1018 1413 1172 1445 infinitate
1187 1413 1220 1449 *;
1244 1412 1337 1444 tertio

265 1459 438 1502 respondet
460 1458 605 1501 quaesito
620 1457 649 1490 ’ἦ

318 1502 372 1537 111.
397 1502 516 1542 Quoad
530 1502 683 1544 primurn,
703 1502 770 1534 duo
790 1502 1043 1534 facin-Primum
1064 1510 1120 1534 est.
1143 1502 1243 1544 Apud
1259 1502 1337 1533 anti—

263 1555 359 1600 quos,
377 1548 519 1590 primum
541 1546 738 1589 principium
762 1553 809 1578 est
830 1546 1009 1584 infinitum,
1034 1547 1110 1589 quia
1134 1557 1171 1578 ex
1195 1557 1233 1577 eo
1256 1546 1338 1577 fiunt

263 1590 397 1624 infinita.
414 1609 432 1616 -
449 1591 644 1623 Secundum.
669 1591 812 1629 Quidam
831 1592 1049 1634 antiquorum,
1071 1599 1216 1628 errantes,
1234 1590 1337 1622 infini-

263 1639 370 1671 tatem*
385 1637 481 1668 molis
504 1636 717 1668 attribuerunt
737 1636 844 1676 primo
866 1637 1038 1678 principio,
1062 1637 1139 1678 quia
1162 1643 1340 1677 posuerunt

264 1681 409 1724 primum
422 1681 618 1722 principium
640 1681 812 1713 materiale.
837 1681 912 1712 Inde
936 1688 967 1713 et
990 1691 1190 1723 consequens
1206 1681 1266 1712 fuit
1280 1690 1338 1721 po-

263 1725 551 1771 nere11nfinitatem
573 1725 826 1768 quantitativam,
844 1736 883 1757 eo
898 1727 988 1768 quod
1013 1726 1172 1768 quantitas
1196 1725 1339 1767 sequitur

265 1770 447 1810 materiam:
472 1770 562 1809 etsie
582 1780 669 1801 error
692 1770 773 1802 circa
795 1781 896 1812 genus
912 1771 1069 1812 principii,
1094 1770 1234 1802 causavit
1253 1780 1338 1801 erro-

264 1819 334 1858 rem
355 1815 437 1857 circa
460 1811 598 1846 modum
624 1814 798 1846 infinitatis.

321 1858 374 1892 lv.
390 1859 509 1898 Quoad
533 1859 711 1890 secundum
722 1859 749 1896 *,
774 1866 840 1891 tam
863 1859 967 1891 finitas
987 1870 1086 1902 quam
1109 1859 1247 1890 infinitas
1271 1868 1339 1899 per-

265 1904 410 1937 fectionis
431 1904 652 1945 distinguitur:
676 1904 753 1945 quia
771 1905 931 1945 quaedam
953 1914 987 1935 se
1010 1911 1096 1936 tenet
1114 1914 1151 1935 ex
1167 1911 1254 1945 parte
1272 1913 1338 1934 ma-

265 1949 377 1987 teriae,
402 1955 434 1980 et
456 1949 616 1990 quaedam
639 1958 676 1980 ex
699 1955 788 1989 parte
802 1948 949 1990 formae.
973 1949 1014 1980 Et
1038 1948 1186 1980 differunt
1208 1949 1242 1979 in
1265 1947 1338 1983 hoc,

265 1994 356 2036 quod
378 1993 483 2024 finitas
507 2003 545 2025 ex
567 1999 656 2034 parte
678 1993 828 2024 materiae
845 1993 920 2024 dicit
944 1993 1184 2035 perfectionem,
1202 1992 1340 2023 infinitas

265 2047 341 2071 vero
355 2036 649 2079 imperfectionem:
676 2047 712 2069 ex
727 2044 817 2079 parte
832 2048 908 2069 vero
925 2037 1056 2074 formae,
1074 2045 1121 2069 est
1137 2048 1153 2069 e
1171 2045 1338 2072 converso;

265 2081 404 2114 infinitas
421 2082 509 2112 enim
528 2081 604 2114 dicit
626 2081 865 2123 perfectionem,
882 2082 986 2113 finitas
1003 2089 1111 2113 autem
1126 2082 1339 2124 imperfectio-

266 2136 350 2164 nem,
375 2133 411 2158 ut
434 2126 508 2158 satis
532 2126 613 2157 clare
637 2126 751 2157 dicitur
772 2126 806 2157 in
830 2126 942 2158 littera.

321 2171 362 2202 V.
386 2170 478 2202 Circa
501 2170 583 2202 hanc
606 2176 743 2211 partem,
768 2177 941 2212 antequam
965 2171 1047 2202 ultra
1070 2171 1270 2211 procedatur,
1295 2176 1342 2200 est

265 2215 402 2249 dubium
419 2221 487 2247 tam
505 2221 616 2246 contra
634 2214 799 2252 finitatem,
817 2225 918 2256 quam
941 2223 1051 2247 contra
1075 2215 1263 2246 infinitatem
1278 2215 1340 2245 for-

265 2269 348 2293 mae.
373 2260 494 2292 Contra
513 2258 668 2291 finitatem
683 2260 826 2302 quidem,
842 2260 918 2302 quia
933 2260 1037 2291 forma
1054 2261 1154 2296 bovis,
1171 2260 1238 2290 imo
1255 2259 1342 2300 apud

265 2315 290 2349 s.
302 2301 468 2336 Thornam
482 2303 500 2322 “
524 2304 620 2335 etiam
636 2304 742 2335 anima
760 2304 960 2341 intellectiva,
977 2304 1138 2346 perficitur
1155 2315 1192 2336 ex
1208 2304 1341 2336 coniun-

266 2348 373 2385 ctione
391 2349 432 2380 ad
447 2349 623 2380 materiam.
649 2348 747 2390 Igitur
765 2348 868 2380 finitas
884 2349 1007 2380 formae
1023 2360 1090 2381 non
1106 2349 1181 2380 dicit
1196 2348 1343 2390 imperfe-

267 2391 416 2431 ctionem,
434 2393 490 2424 sed
512 2393 751 2434 perfectionem.
767 2412 788 2416 -
807 2393 929 2425 Contra
951 2393 1140 2426 infinitatem
1164 2404 1250 2430 vero,
1267 2394 1343 2435 quia

267 2438 395 2480 negatio
418 2438 541 2469 nullam
564 2437 793 2478 perfectionem
812 2438 919 2479 ponit:
944 2449 1002 2470 nec
1024 2439 1131 2480 aliqua
1147 2449 1195 2470 res
1219 2449 1256 2469 ex
1275 2437 1343 2469 sola

267 2483 466 2524 separatione
490 2483 529 2514 ab
552 2482 629 2519 alia,
654 2482 884 2523 perfectionem
907 2483 1050 2525 acquirit.
1084 2484 1182 2524 Igitur
1205 2483 1342 2514 infinitas

268 2537 307 2559 ex
327 2535 415 2569 parte
439 2527 562 2558 formae
584 2537 651 2558 non
675 2527 750 2559 dicit
773 2527 1030 2569 perfectionems·

321 2572 375 2604 VI.
394 2572 447 2603 Ad
469 2572 612 2613 primum
635 2571 754 2612 horum
770 2572 894 2609 dicitur,
911 2573 1002 2614 quod
1017 2572 1122 2604 forma
1137 2579 1243 2614 potest
1259 2572 1342 2603 sumi

269 2616 450 2658 dupliciter:
476 2616 593 2647 scilicet
615 2616 776 2656 absolute,
799 2617 833 2647 in
857 2627 897 2647 eo
921 2618 1011 2659 quod
1035 2617 1152 2654 forma,
1178 2624 1208 2649 et
1230 2627 1342 2648 secun-

269 2661 346 2693 dum
369 2660 457 2702 quid,
482 2660 563 2691 idest
578 2660 612 2691 in
628 2670 668 2691 eo
691 2661 782 2702 quod
805 2662 892 2700 talis,
917 2669 995 2703 puta
1018 2661 1222 2693 informativa
1245 2669 1343 2693 mate-

269 2706 343 2736 riae.
367 2705 486 2735 Forma
509 2705 584 2736 talis
606 2704 768 2745 perficitur
791 2715 827 2736 ex
850 2706 972 2738 unione
1000 2707 1039 2738 ad
1066 2707 1251 2738 materiam:
1276 2717 1343 2737 non

269 2756 379 2782 autem
401 2749 506 2781 forma
529 2749 563 2780 in
585 2759 624 2780 eo
648 2750 738 2791 quod
761 2749 876 2782 forma.
900 2751 942 2782 Et
964 2751 1041 2793 quia
1059 2751 1092 2782 in
1112 2752 1280 2792 proposito
1298 2757 1343 2781 est

270 2804 375 2826 sermo
399 2794 545 2838 absolute
568 2794 747 2825 secundum
769 2795 969 2827 latitudinem
989 2796 1121 2833 formae,
1143 2796 1234 2827 cuius
1259 2796 1342 2827 dete—

269 2839 389 2874 riorem
407 2846 531 2880 partem
555 2845 679 2870 constat
702 2849 769 2870 esse
791 2839 880 2871 illam
901 2850 984 2882 quae
1000 2847 1049 2872 est
1061 2840 1190 2871 finibilis
1206 2851 1262 2881 per
1277 2851 1343 2870 ma-

270 2883 391 2920 teriam,
409 2883 505 2915 altera
528 2889 616 2924 parte
638 2883 736 2914 libera
759 2893 795 2914 ac
818 2884 913 2916 nullis
929 2885 1078 2916 materiae
1102 2885 1244 2916 terminis
1268 2895 1343 2916 con-

271 2926 407 2968 clusibili
426 2935 622 2964 remanente;
647 2927 720 2958 ideo
742 2929 887 2969 neganda
901 2936 948 2961 est
963 2930 1191 2971 consequentia
1211 2929 1341 2960 obiecta.

274 2997 276 2999 μ
323 2973 376 3003 Ad
394 2973 574 3004 secundum
588 2982 664 3003 vero
687 2972 803 3004 dicitur
817 2974 916 3014 quod,
936 2974 1010 3005 licet
1031 2974 1157 3015 negatio
1177 2984 1233 3004 seu
1253 2984 1343 3015 sepa-

271 3016 351 3050 ratio
370 3027 438 3048 non
454 3017 536 3049 dicat
544 3017 740 3059 formaliter
755 3017 991 3058 perfectionem,
1010 3019 1084 3050 dicit
1099 3026 1206 3050 tamen
1216 3018 1343 3060 sunda-

272 3061 556 3102 mentaliteream:
581 3062 829 3093 fundamentum
856 3063 942 3094 enim
957 3063 1136 3104 negationis
1159 3062 1343 3094 unibilitatis

272 3105 312 3136 ad
335 3105 516 3144 materiam,
540 3117 692 3147 magnam
715 3106 944 3147 perfectionem
967 3108 1089 3139 formae
1113 3107 1276 3149 significat.
1303 3108 1345 3138 Et

273 3150 335 3181 hoc
359 3149 485 3191 sufficit.

329 3194 395 3225 VII.
418 3194 550 3232 'Quoad
571 3195 700 3227 tertium
721 3196 752 3232 *‚
783 3203 829 3227 est
857 3206 921 3227 una
950 3196 1130 3233 conclusio,
1162 3196 1345 3238 responsiva

272 3239 417 3280 quaesito
442 3238 644 3271 affirmative:
674 3240 762 3271 Deus
786 3247 832 3271 est
855 3240 1008 3272 infinitus.
1025 3258 1046 3264 -
1061 3241 1225 3272 Probatur.
1257 3241 1345 3280 Deus

273 3290 320 3314 est
335 3293 433 3314 suum
452 3293 519 3314 esse
534 3284 721 3315 subsistens:
747 3295 822 3326 ergo
839 3295 936 3316 suum
951 3295 1018 3316 esse
1038 3295 1105 3316 non
1121 3291 1168 3316 est
1181 3292 1345 3325 receptum

272 3328 305 3358 in
321 3327 447 3369 aliquo:
473 3337 548 3368 ergo
568 3334 615 3360 est
632 3328 775 3360 infinitus
792 3337 822 3360 et
837 3329 1005 3371 perfectus,
1022 3329 1103 3360 idest
1118 3329 1260 3360 infinitae
1276 3339 1345 3370 per-

273 3371 434 3408 fectionis,
464 3371 582 3403 scilicet
608 3372 762 3405 infinitate
793 3381 919 3405 tenente
948 3384 980 3404 se
1005 3383 1042 3405 ex
1064 3380 1152 3415 parte
1176 3373 1308 3405 formae.
1325 3392 1345 3397 -

273 3417 472 3448 Antecedens
495 3422 582 3456 patet
604 3427 642 3455 ex
669 3419 855 3458 quaestione
885 3419 976 3450 tertia
990 3418 1016 3449 *.
1040 3418 1147 3449 Prima
1170 3428 1246 3449 vero
1270 3428 1345 3449 con-

273 3461 438 3503 sequentia
461 3467 508 3492 est
530 3470 586 3501 per
609 3471 643 3491 se
665 3468 752 3493 nom.
777 3463 923 3495 Secunda
946 3470 1054 3494 autem
1077 3463 1286 3503 probatur‘ex
1306 3473 1345 3494 eo

273 3507 363 3547 quod
387 3515 455 3536 esse
478 3512 525 3536 est
547 3505 810 3538 formalissimum
833 3508 992 3539 omnium.

327 3551 411 3582 V111.
437 3550 528 3581 Circa
551 3549 637 3581 hunc
661 3559 857 3590 processum,
877 3551 1015 3583 dubium
1033 3551 1170 3583 occurrit
1186 3562 1222 3582 ex
1238 3552 1344 3588 Scoto,

273 3595 307 3626 in
330 3594 459 3633 Isent„
484 3594 555 3626 dist.
572 3604 605 3631 11,
628 3594 853 3635 respondendo
877 3596 998 3637 primae
1021 3596 1215 3638 quaestioni:
1241 3606 1345 3636 repre-

417 3657 527 3681 Smmffl
546 3656 647 3680 Trmot..
667 3656 698 3680 D.
718 3655 833 3680 Tnoma
851 3656 883 3681 T.
903 3657 920 3681 l.

1388 435 1497 466 hendit
1528 435 1686 476 siquidem
1714 436 1833 466 radices
1863 443 1892 466 et
1920 447 2115 477 processum.
2150 440 2256 480 lnquit
2284 440 2317 470 in
2347 441 2456 480 primis

1388 480 1478 520 quod
1501 490 1669 521 processus
1697 487 1805 511 noster
1828 488 1875 511 est
1897 482 1985 512 talis:
2010 483 2127 513 Forma
2150 483 2258 514 finitur
2281 494 2337 524 per
2359 492 2456 515 mate-

1388 524 1483 560 riam;
1509 534 1584 565 ergo
1609 524 1713 555 forma
1736 535 1819 566 quae
1842 535 1909 555 non
1925 533 1972 557 est
1995 534 2066 558 nata
2090 537 2157 558 esse
2179 528 2212 558 in
2236 529 2384 565 materia,
2412 536 2457 560 est

1388 568 1519 599 infinita.
1530 587 1550 591 —
1566 569 1688 600 Contra
1706 570 1893 600 antecedens
1910 571 2022 610 arguit.
2040 571 2154 602 Omnis
2171 572 2283 609 forma,
2300 573 2387 613 prius
2403 583 2456 604 na-

1389 620 1460 643 tura
1481 623 1580 654 quam
1604 614 1772 654 recipiatur
1794 614 1827 644 in
1851 615 1997 651 materia,
2023 623 2069 646 est
2092 618 2268 647 secundum
2292 627 2324 648 se
2347 618 2380 648 in
2403 617 2457 648 'tali

1389 658 1487 698 gradu
1512 658 1652 689 entium:
1676 658 1772 698 igitur
1794 657 1883 689 finita
1906 659 1956 689 vel
1979 659 2110 691 infinita.
2138 661 2211 691 Non
2235 661 2329 701 igitur
2352 662 2456 702 primo

1389 702 1498 734 finitur
1521 713 1577 743 per
1600 710 1780 743 respectum
1810 703 1850 733 ad
1881 704 2082 744 negationem
2114 705 2246 736 alicuius
2276 706 2456 742 extrinseci,

1390 754 1467 787 puta
1490 747 1649 783 materiae,
1673 747 1724 778 vel
1747 747 1978 788 cuiuscumque
2001 749 2139 780 alterius.
2157 767 2177 772 -
2193 749 2314 781 Contra
2332 759 2458 791 proces—

1390 801 1463 822 sum
1482 802 1568 822 vero.
1593 792 1682 822 Tum
1705 792 1780 833 quia
1796 799 1980 833 sequeretur
1998 794 2088 834 quod
2103 794 2234 824 essentia
2254 794 2355 834 angeli
2379 801 2459 825 esset

1389 835 1528 872 infinita,
1553 836 1629 876 quia
1651 843 1699 867 est
1721 836 1825 867 forma
1855 847 1922 867 non
1952 836 2142 878 receptibilis
2165 838 2198 868 in
2222 838 2361 869 materia.
2393 839 2458 869 Nec

1390 881 1481 917 valet,
1497 880 1610 921 inquit,
1630 880 1656 911 si
1675 880 1797 911 dicatur
1812 881 1902 921 quod
1918 888 2029 912 natura
2052 882 2154 922 angeli
2170 882 2278 913 finitur
2292 892 2347 922 per
2363 891 2458 913 suum

1390 934 1473 955 esse:
1499 925 1654 966 quoniam
1671 926 1756 966 apud
1781 935 1850 961 nOS,
1868 935 1934 956 esse
1959 933 2006 957 est
2028 927 2186 966 posterius
2210 927 2352 962 essentia,
2370 934 2399 957 et
2416 926 2459 957 sic

1391 976 1502 1000 natura
1525 969 1558 999 in
1582 969 1688 1010 primo
1704 970 1806 1010 signo,
1824 970 2006 1001 abstrahens
2021 971 2059 1001 ab
2076 981 2152 1007 esse,
2171 981 2246 1002 cum
2265 971 2304 1002 sit
2327 970 2457 1007 infinita,

1391 1024 1466 1054 ergo
1490 1014 1688 1048 insecundo
1716 1014 1808 1054 signo
1832 1025 1898 1045 non
1923 1021 1969 1045 est
1996 1015 2124 1045 finibilis
2148 1026 2204 1055 per
2227 1025 2304 1046 esse.
2329 1033 2347 1038 -
2371 1016 2460 1046 Tum

1390 1058 1467 1098 quia
1490 1065 1599 1098 peccat
1626 1059 1804 1089 secundum
1827 1059 1991 1099 sophisma
2014 1061 2252 1100 consequentis,
2277 1060 2358 1091 sicut
2380 1059 2460 1090 illud

1392 1103 1432 1132 111
1449 1102 1621 1143 Physic.*:
1647 1113 1763 1143 corpus
1775 1103 1899 1144 finitur
1917 1104 1961 1134 ad
1976 1104 2068 1135 aliud
2086 1113 2222 1144 corpus:
2245 1114 2325 1145 ergo
2344 1114 2460 1145 corpus

1391 1156 1454 1177 non
1468 1147 1603 1187 finitum
1628 1147 1671 1178 ad
1694 1148 1817 1188 aliquid
1839 1148 1942 1185 aliud,
1967 1154 2013 1179 est
2037 1149 2208 1189 infinitum.

1446 1190 1499 1221 IX.
1513 1190 1605 1222 Circa
1621 1192 1759 1222 eundem
1777 1202 1962 1232 processum
1977 1192 2112 1223 dubium
2124 1193 2272 1223 occurrit:
2286 1193 2371 1234 quia,
2384 1203 2460 1224 con-

1392 1244 1480 1266 cesso
1500 1241 1579 1271 toto,
1598 1245 1664 1265 non
1683 1235 1840 1266 videbitur
1859 1236 1986 1267 novitiis
2003 1237 2091 1277 quod
2108 1238 2147 1268 sit
2160 1239 2460 1278 responsum'quae-

1393 1279 1464 1310 sito.
1498 1279 1676 1319 Oportebat
1699 1279 1784 1310 enim
1816 1281 2004 1311 concludere
2035 1281 2141 1311 Deum
2171 1291 2237 1311 esse
2260 1282 2461 1322 perfectionis

1392 1330 1506 1359 tantae,
1522 1330 1558 1354 ut
1572 1334 1685 1354 omnes
1702 1324 1904 1364 perfectionis
1919 1325 2036 1355 limites
2053 1326 2229 1356 excederet:
2254 1336 2339 1357 nunc
2355 1333 2462 1356 autern

1392 1369 1564 1409 probatum
1588 1374 1634 1399 est
1657 1369 1746 1409 quod
1769 1369 1856 1399 Deus
1888 1369 1978 1399 nullo
2003 1376 2049 1400 est
2078 1370 2237 1410 receptivo
2268 1377 2460 1407 coarctatus,

1392 1413 1481 1454 quod
1505 1413 1624 1443 distans
1647 1413 1738 1443 valde
1762 1413 1886 1444 videtur
1908 1423 1927 1443 a
1951 1413 2066 1454 primo.

1448 1458 1486 1488 X.
1512 1458 1563 1488 Ad
1586 1456 1777 1488 evidentiam
1791 1458 1907 1489 harum
1923 1457 2155 1495 difficultatum,
2174 1459 2402 1490 advertendum
2417 1467 2463 1490 est

1393 1502 1483 1543 quod
1505 1502 1606 1533 littera
1630 1502 1753 1533 occulte
1778 1502 2003 1543 subdistinguit
2027 1502 2215 1534 infinitatem
2239 1503 2407 1534 formalem
2429 1504 2463 1534 in

1392 1546 1582 1578 infinitatem
1599 1546 1746 1589 formae,
1772 1553 1802 1578 et
1818 1546 2013 1578 'infinitatem
2037 1557 2105 1578 esse
2128 1558 2183 1578 seu
2207 1554 2312 1584 actus,
2337 1548 2392 1589 qui
2418 1555 2464 1579 est

1393 1591 1598 1622 communior
1628 1590 1742 1622 forma.
1775 1591 1862 1622 Sicut
1886 1592 1971 1622 enim
2001 1592 2117 1632 duplex
2145 1599 2191 1623 est
2218 1599 2322 1628 actus,
2348 1592 2464 1623 scilicet

1394 1646 1460 1667 esse
1484 1643 1515 1667 et
1538 1635 1651 1671 forma,
1667 1636 1710 1667 ita
1726 1636 1844 1676 duplex
1868 1643 1914 1667 est
1938 1636 2080 1676 potentia
2103 1637 2267 1677 receptiva,
2286 1636 2402 1667 scilicet
2418 1647 2463 1667 es-

1394 1681 1493 1712 sentia
1517 1687 1547 1711 et
1570 1681 1710 1712 materia.
1735 1681 1776 1712 Et
1795 1681 1838 1711 ita
1855 1680 1971 1721 duplex
1995 1687 2042 1711 est
2064 1681 2202 1721 receptio
2227 1689 2258 1712 et
2279 1681 2462 1721 irreceptio:

1394 1733 1424 1757 et
1440 1725 1583 1756 similiter
1599 1725 1716 1766 duplex
1733 1732 1779 1756 est
1802 1725 1905 1756 finitas
1929 1732 1959 1756 et
1983 1724 2134 1756 infinitas:
2160 1736 2283 1766 semper
2300 1726 2463 1766 loquendo

1394 1780 1431 1801 ex
1454 1776 1543 1812 parte
1567 1777 1666 1801 actus.
1691 1770 1732 1801 Et
1755 1770 1836 1801 sicut
1860 1780 1926 1800 esse
1951 1777 1997 1801 est
2023 1777 2110 1800 actus
2139 1770 2265 1802 alterius
2294 1770 2423 1801 rationis
2446 1781 2465 1800 a

1394 1815 1514 1851 forma,
1539 1821 1570 1845 et
1593 1814 1727 1846 essentia
1756 1821 1802 1845 est
1830 1814 1957 1845 alterius
1981 1814 2100 1845 ordinis
2129 1815 2270 1855 potentia
2294 1825 2311 1844 a
2334 1815 2464 1846 materia

1394 1857 1445 1902 (ut
1468 1858 1640 1890 differentia
1664 1859 1908 1900 compositionis
1932 1869 1969 1890 ex
1992 1869 2058 1890 esse
2084 1866 2114 1890 et
2137 1859 2280 1896 essentia,
2298 1865 2328 1889 et
2344 1869 2380 1890 ex
2397 1869 2464 1889 ma-

1393 1903 1469 1935 teria
1494 1910 1525 1934 et
1547 1903 1668 1940 forma,
1693 1902 1864 1946 ostendit),
1889 1903 1932 1934 ita
1955 1903 2081 1934 alterius
2105 1903 2234 1934 rationis
2258 1910 2304 1934 est
2327 1903 2464 1944 receptio

1394 1958 1461 1980 esse
1484 1948 1516 1979 in
1541 1948 1692 1984 essentia,
1718 1955 1748 1979 et
1770 1947 1892 1978 formae
1916 1948 1949 1978 in
1973 1948 2117 1979 materia:
2143 1955 2174 1979 et
2196 1948 2339 1978 similiter
2361 1947 2464 1979 finitas

1394 2003 1460 2024 esse
1480 2003 1536 2033 per
1559 1992 1740 2031 essentiam,
1755 1999 1785 2023 et
1802 1992 1923 2023 formae
1947 2002 2003 2032 per
2026 1992 2205 2029 materiam;
2231 1999 2262 2023 et
2277 2003 2293 2023 e
2311 2003 2463 2024 converso

1394 2037 1496 2068 finitas
1521 2037 1672 2068 essentiae
1696 2047 1752 2077 per
1775 2047 1851 2073 esse,
1877 2043 1907 2067 et
1929 2037 2078 2067 materiae
2101 2047 2157 2077 per
2180 2037 2328 2068 formam.

1450 2083 1490 2113 Et
1513 2089 1548 2112 ut
1571 2081 1754 2122 singillatim
1784 2081 1920 2117 dicatur,
1946 2091 2014 2112 esse
2037 2082 2214 2112 secundum
2243 2091 2275 2112 se
2298 2081 2463 2122 perfectio-

1395 2137 1469 2157 nem
1501 2127 1662 2167 quandam
1691 2125 1784 2161 dicit;
1815 2125 1869 2156 sed
1897 2135 1962 2156 non
1987 2132 2091 2166 potest
2119 2125 2283 2166 imaginari
2312 2133 2465 2167 quantam

1395 2170 1623 2211 perfectionem
1647 2170 1739 2206 dicat,
1761 2170 1821 2200 nisi
1842 2170 1936 2200 alicui
1960 2177 2090 2200 naturae
2114 2170 2305 2210 intelligatur
2328 2171 2464 2211 applica-

1395 2222 1475 2251 tum,
1500 2222 1578 2256 puta
1602 2214 1782 2255 sapientiae,
1808 2222 1862 2245 aut
1885 2214 2048 2250 Gabrielis‚
2071 2221 2129 2245 etc.
2153 2215 2194 2245 Et
2217 2214 2289 2245 ideo
2314 2225 2390 2251 esse,
2411 2225 2466 2255 per

1396 2260 1458 2291 hoc
1482 2260 1570 2301 quod
1595 2259 1743 2299 recipitur
1766 2259 1798 2289 in
1822 2259 1928 2300 aliqua
1953 2259 2101 2295 essentia,
2127 2259 2242 2290 limites
2265 2259 2466 2299 perfectionis

1397 2305 1535 2341 sortitur,
1553 2304 1731 2335 secundum
1748 2304 1884 2334 modum
1901 2310 2030 2334 naturae
2046 2303 2239 2344 recipientis:
2265 2314 2300 2335 ac
2320 2314 2375 2343 per
2394 2304 2464 2340 hoc,

1396 2349 1421 2380 si
1446 2349 1525 2380 nulli
1549 2349 1684 2379 omnino
1709 2348 1876 2389 quidditati
1901 2348 2051 2388 coniungi
2071 2347 2209 2388 ponitur,
2227 2349 2282 2378 sed
2305 2348 2337 2378 in
2362 2349 2466 2389 seipso

1397 2393 1579 2425 naturaliter
1594 2393 1771 2429 subsistere,
1785 2393 1911 2423 nullum
1928 2392 2125 2423 essentialem
2139 2393 2312 2423 terminum
2328 2393 2464 2424 habebit.

1397 2439 1514 2469 Forma
1537 2444 1654 2474 autem,
1679 2437 1736 2468 etsi
1759 2437 1937 2468 secundum
1961 2447 1994 2467 se
2017 2436 2244 2477 perfectionem
2268 2437 2359 2473 dicat,
2383 2437 2465 2467 limi-

1396 2490 1459 2515 tata
1479 2490 1586 2514 tamen
1609 2483 1649 2513 ad
1672 2489 1793 2513 tantam
1816 2481 2043 2522 perfectionem
2066 2481 2196 2521 intelligi
2213 2488 2326 2522 potest,
2344 2482 2466 2512 etiamsi

1397 2528 1475 2558 nulli
1500 2527 1648 2558 materiae
1671 2527 1711 2557 sit
1735 2526 1872 2562 unibilis,
1898 2532 1933 2556 ut
1956 2526 1994 2555 de
2017 2525 2230 2565 intelligentiis
2254 2533 2348 2566 patet.

1452 2573 1544 2604 Unde
1567 2571 1732 2602 manifeste
1756 2570 1914 2610 colligitur
1929 2579 2027 2611 quam
2044 2569 2187 2600 differens
2211 2570 2250 2601 sit
2273 2569 2374 2601 finitio
2399 2581 2465 2601 esse

1397 2628 1452 2658 per
1483 2616 1668 2652 essentiam,
1693 2622 1748 2646 aut
1771 2625 1787 2645 e
1812 2623 1981 2651 converso;
2007 2620 2038 2645 et
2061 2614 2241 2645 terminatio
2265 2614 2386 2645 formae
2410 2625 2466 2655 per

1397 2662 1572 2698 materiam,
1596 2661 1646 2691 vel
1670 2670 1686 2690 e
1711 2668 1873 2690 converso.
1898 2659 1998 2689 Penes
2022 2659 2273 2700 illam.namque
2297 2659 2467 2690 attenditur

1397 2706 1524 2738 finitum
1540 2706 1590 2736 vel
1609 2703 1770 2735 infinitum
1786 2703 1988 2744 simpliciter.-
2012 2710 2109 2744 penes
2125 2703 2218 2734 istam
2234 2713 2318 2739 vero,
2338 2703 2466 2734 finitum

1398 2758 1429 2783 et
1451 2750 1612 2781 infinitum
1635 2749 1810 2780 secundum
1834 2748 1911 2788 quid
1933 2754 2069 2779 tantum.
2094 2748 2225 2784 Verum,
2247 2748 2323 2788 quia
2346 2758 2413 2779 esse
2436 2755 2467 2778 et

1398 2796 1501 2827 forma
1525 2794 1719 2825 conveniunt
1748 2793 1782 2824 in
1809 2792 1931 2823 ratione
1955 2799 2042 2823 actus
2066 2799 2096 2823 et
2120 2792 2308 2833 receptibilis
2331 2792 2363 2823 in
2387 2792 2465 2828 alio,

1397 2841 1470 2872 ideo
1487 2849 1524 2870 ex
1540 2839 1658 2869 finitate
1682 2845 1713 2868 et
1734 2836 1889 2869 infinitate
1908 2837 2040 2874 formae,
2056 2838 2096 2867 ad
2115 2836 2302 2868 infinitatem
2320 2844 2350 2867 et
2366 2836 2466 2867 finita-

1398 2892 1462 2916 tem
1487 2894 1554 2915 esse
1577 2882 1706 2923 procedi
1729 2888 1843 2923 potest.
1868 2882 1910 2913 Et
1932 2889 2098 2922 propterea
2116 2881 2227 2917 littera,
2245 2881 2284 2911 ad
2304 2881 2466 2912 insinuan-

1399 2930 1472 2960 dam
1489 2927 1684 2959 identitatem
1701 2926 1975 2967 proportionalem
1989 2926 2070 2957 inter
2086 2926 2250 2966 utriusque
2266 2925 2419 2956 finitatem
2435 2932 2465 2956 et

1397 2973 1594 3008 infinitatem,
1612 2981 1649 3002 ex
1665 2971 1770 3011 forma‘
1784 2971 1823 3001 ad
1838 2970 1905 3002 esse
1921 2970 2073 3001 ascendit:
2099 2971 2138 3000 ad
2151 2970 2374 3000 insinuandam
2390 2979 2465 3000 vero

1399 3018 1555 3049 diversam
1578 3016 1743 3056 utriusque
1767 3015 1933 3051 rationem,
1960 3014 2171 3055 subsumpsit,
2196 3024 2262 3044 non
2286 3014 2375 3054 quod
2399 3023 2466 3044 esse

1399 3070 1445 3094 est
1463 3063 1574 3103 prima
1589 3061 1716 3102 forma,
1741 3060 1797 3090 sed
1820 3060 1910 3101 quod
1934 3067 1980 3091 est
1994 3059 2266 3100 formalissimum
2290 3059 2442 3089 omnium.

1455 3107 1508 3138 XI.
1525 3106 1566 3136 Et
1589 3115 1626 3136 ex
1649 3104 1698 3136 his
1718 3111 1804 3145 patet
1828 3104 1917 3135 facile
1940 3103 2106 3144 responsio
2131 3103 2171 3133 ad
2194 3103 2315 3133 obiecta
2334 3102 2420 3133 Scoti
2435 3101 2464 3132 ὓ.

1399 3152 1480 3182 Dico
1497 3151 1582 3181 enim
1595 3150 1718 3190 prim0,
1734 3149 1822 3190 quod
1840 3149 2026 3180 antecedens
2045 3148 2134 3183 illud,
2146 3147 2262 3188 forma
2267 3146 2391 3188 finitur
2402 3156 2467 3187 per

1400 3197 1580 3233 materiam,
1600 3203 1666 3224 non
1681 3193 1826 3235 loquitur
1847 3193 1885 3223 de
1904 3192 2023 3224 finitate
2044 3191 2235 3232 simpliciter,
2252 3191 2306 3221 sed
2322 3191 2391 3228 tali,
2409 3190 2465 3221 sci-

1398 3241 1471 3271 licet
1489 3249 1585 3280 penes
1604 3238 1758 3269 terminos
1774 3237 1963 3269 materiales:
1989 3244 2020 3267 et
2042 3243 2207 3277 propterea
2231 3234 2367 3266 obiectio
2388 3234 2466 3265 nihil

1401 3286 1513 3315 obstat.
1538 3302 1558 3306 —
1582 3283 1622 3314 Et
1645 3282 1788 3314 similiter
1815 3289 1913 3313 ruunt
1942 3281 2107 3312 instantiae
2131 3287 2240 3311 contra
2263 3288 2464 3320 processum:

1400 3329 1554 3370 quoniam
1578 3337 1688 3358 verum
1713 3333 1759 3358 est
1783 3333 1929 3358 naturam
1956 3325 2058 3365 angeli
2082 3335 2148 3355 esse
2175 3323 2331 3354 infinitam
2354 3334 2465 3354 secun-

1401 3375 1479 3404 dum
1491 3373 1578 3413 quid.
1599 3372 1639 3402 Et
1654 3371 1679 3402 si
1694 3371 1840 3402 instetur:
1860 3370 2016 3412 quomodo
2033 3379 2112 3410 ergo
2127 3379 2169 3399 ex
2183 3369 2238 3399 illo
2247 3367 2465 3410 fimdamento

1395 3419 1513 3459 probat
1537 3418 1643 3448 littera
1668 3416 1856 3457 infinitatem
1872 3415 2060 3455 simpliciter
2082 3414 2182 3454 ipsius
2196 3413 2286 3443 Dei?
2308 3419 2394 3452 patet
2417 3422 2464 3442 re-

1401 3462 1532 3503 sponsio
1558 3471 1594 3491 ex
1617 3460 1717 3491 dictis.
1742 3460 1859 3490 Littera
1883 3459 1967 3490 enim
1992 3468 2028 3488 ex
2050 3457 2203 3488 infinitate
2228 3456 2358 3493 formae,
2385 3466 2466 3497 quae

1401 3514 1446 3538 est
1470 3505 1646 3536 secundum
1669 3504 1757 3545 quid,
1775 3503 1961 3534 manuducit
1983 3503 2023 3532 ad
2046 3501 2234 3532 infinitatem
2251 3500 2466 3531 formalissimi

1400 3551 1558 3585 omniurn,
1574 3549 1654 3579 idest
1677 3558 1753 3584 esse,
1779 3558 1860 3589 quae
1884 3554 1929 3578 est
1954 3546 2154 3587 simpliciter:
2181 3553 2212 3577 et
2235 3555 2271 3576 ex
2298 3545 2351 3575 illa
2375 3544 2466 3575 infert

1400 3597 1505 3627 Deum
1528 3593 1688 3624 infinitum
1713 3592 1904 3633 simpliciter.

2294 3658 2323 3674 10

2488 1110 2496 1117 ·
2514 1108 2572 1135 Cap.
2581 1114 2613 1136 ιν,
2628 1109 2680 1131 n.8.

2493 3105 2503 3115 ⁴¹
2521 3104 2556 3126 Cf.
2567 3110 2632 3127 num.
2642 3106 2691 3126 vni.
