2768 4178
57 517 150 540 *Adn

54 1661 65 1671 ⁸
83 1661 175 1687 Art.m,
187 1660 215 1682 ad
226 1666 245 1682 2.
255 1671 266 1676 —

2 1700 9 1704 -
54 1686 91 1709 Cf.
106 1691 155 1709 not.
170 1696 187 1711 ι.

53 1931 62 1940 “
78 1929 112 1952 Cf.
131 1936 194 1951 num.
208 1936 239 1952 vt.

55 1978 65 1988 *
80 1977 151 1999 Num.
166 1984 214 2000 vm.

60 2922 71 2934 ⁶
86 2922 143 2951 Cap.
159 2927 183 2944 11.

61 3406 70 3416 ·
89 3404 136 3432 Qu.
151 3409 185 3430 ιιι,
201 3406 275 3431 art.3.

60 3459 69 3468 ·
85 3458 138 3480 Art.
153 3456 258 3485 praeced.

294 268 374 304 404

295 337 396 367 littera
415 335 447 365 in
462 331 668 374 responsione
686 331 726 361 ad
748 330 886 361 tertium.
907 330 995 359 Tum
1019 327 1093 369 quia
1116 327 1148 357 in
1172 327 1247 363 ista,
1271 327 1362 358 Deus

297 390 359 411 non
374 383 521 421 generat,
540 377 565 407 si
581 377 613 417 ly
628 376 718 406 Deus
733 381 826 405 staret
837 384 896 415 pro
912 372 1055 413 personis
1074 371 1264 407 indistincte,
1283 378 1363 403 esset

296 434 378 460 vera,
395 430 507 463 utpote
523 420 693 452 indefinita.
714 420 804 450 Tum
819 418 894 459 quia
919 418 952 448 in
967 417 1034 452 ista,
1052 416 1142 446 Deus
1158 421 1204 446 est
1219 416 1318 446 Pater
1333 421 1364 447 et

296 469 399 499 Filius
422 473 452 498 et
475 467 614 507 Spiritus
637 465 786 501 Sanctus,
811 473 867 493 seu
892 462 1044 498 Trinitas,
1060 460 1093 501 ly
1111 460 1202 490 Deus
1220 469 1287 490 non
1303 466 1364 491 stat

297 523 355 554 pro
380 510 557 552 supposito,
575 509 658 540 utin
674 508 806 539 articulo
823 514 910 538 sexto
925 505 944 524 ὓ
967 505 1068 536 littera
1092 510 1202 534 contra
1220 504 1363 535 Porreta-

297 567 376 588 num
400 556 496 591 dicet;
521 555 575 584 sed
592 564 650 594 pro
671 563 735 583 una
750 561 886 582 numero
902 561 934 581 re
951 548 1127 580 communi.
1143 566 1162 571 -
1177 548 1243 579 Nec
1260 548 1364 580 obstat

296 601 321 631 si
346 600 550 642 quandoque,
575 597 787 639 supponendo
812 606 870 636 pro
894 601 1014 630 natura,
1040 593 1162 623 dicatur
1176 592 1272 623 etiam
1288 603 1364 633 sup-

296 654 415 686 ponere
439 654 497 684 pro
521 642 664 683 personis
687 640 875 671 indistincte.
900 639 972 670 Hoc
999 637 1085 668 enim
1114 636 1365 668 concomitanter

296 688 535 728 intelligendum
556 694 611 717 est.
628 686 736 716 Primo
753 685 839 715 enim
855 694 913 724 pro
929 689 1041 713 natura
1059 681 1092 711 in
1116 687 1264 711 concreto
1289 691 1363 721 sup-

297 733 407 774 ponit:
434 739 464 763 et
492 732 568 772 quia
599 730 694 761 etiam
723 728 899 760 verificatur
928 737 986 767 pro
1017 724 1161 766 personis
1192 725 1364 766 aliquando

296 777 526 819 praedicatum,
550 775 622 806 ideo
638 783 819 814 supponere
834 783 894 813 pro
910 770 1053 812 personis
1074 769 1254 800 indistincte
1277 776 1363 806 tunc,

297 821 482 853 secundario
503 828 620 856 tamen,
645 818 798 858 acceptari
813 823 928 858 potest.

352 866 403 897 Ad
427 865 604 896 secundum
627 869 735 893 autem
758 862 894 892 dubium
916 860 950 891 in
974 868 1106 899 corpore
1129 864 1276 894 motum,
1299 857 1364 888 iam

297 917 383 952 patet
405 909 494 952 quod
522 917 655 948 arguens
683 907 833 946 deceptus
858 912 920 941 est,
945 903 1122 943 intelligens
1139 912 1204 942 pro
1227 903 1364 933 essentia

298 955 464 985 essentiam
487 954 520 983 in
539 953 719 988 abstracto,·
743 960 817 981 cum
831 957 938 981 tamen
954 953 1076 979 Auctor
1090 946 1244 986 intelligat
1262 947 1302 977 de
1318 956 1364 977 es-

297 999 397 1030 sentia
421 999 452 1028 in
477 1002 623 1028 concreto
629 1006 643 1034 ;
669 1005 743 1026 cum
759 994 834 1025 dicit
853 993 943 1035 quod
965 993 998 1023 in
1021 992 1088 1028 ista,
1105 991 1196 1021 Deus
1212 996 1311 1028 creat,
1332 991 1365 1032 ly

296 1044 387 1074 Deus
410 1041 563 1082 supponit
577 1050 635 1080 pro
659 1046 781 1069 natura.
806 1038 873 1069 Stat
896 1037 982 1068 enirn
1005 1035 1183 1067 secundum
1201 1034 1365 1066 veritatem

298 1097 356 1128 pro
379 1088 438 1117 hoc
460 1087 530 1116 Deo
553 1085 648 1115 unico
673 1082 837 1123 singulari,
863 1081 1028 1113 communi
1056 1080 1156 1111 tribus
1180 1079 1363 1119 suppositis.

296 1132 338 1162 Et
356 1136 522 1171 propterea
537 1128 701 1159 creationis
720 1127 812 1163 actio,
829 1126 950 1158 ratione
965 1125 1060 1161 illius,
1078 1123 1229 1155 omnibus
1245 1134 1365 1165 suppo-

297 1175 361 1206 sitis
385 1173 542 1206 convenit.
560 1190 578 1196 -
594 1172 661 1203 Nec
685 1178 731 1202 est
753 1181 866 1202 verum
885 1170 975 1211 quod
999 1169 1139 1200 actiones
1159 1167 1222 1199 sint
1245 1178 1365 1209 suppo-

296 1220 440 1255 sitorum,
458 1217 689 1248 universaliter:
711 1216 765 1246 sed
776 1216 995 1256 singularium
1009 1213 1257 1248 subsistentium,
1271 1213 1364 1254 quale

297 1271 343 1295 est
371 1264 421 1294 hic
443 1264 542 1294 Deus.
558 1279 578 1284 -
593 1261 633 1292 Et
657 1260 735 1291 nihil
750 1260 843 1290 refert
866 1269 933 1290 non
953 1259 1130 1289 abstrahere
1154 1267 1172 1287 a
1191 1258 1365 1298 suppositis

296 1307 482 1339 huiusmodi
506 1306 659 1342 actiones;
684 1312 720 1335 ut
743 1305 782 1335 de
805 1314 838 1334 se
862 1310 957 1344 patet.

349 1353 400 1383 Ad
415 1351 544 1382 tertium
558 1356 665 1381 autem
686 1349 821 1380 dubium
837 1348 957 1379 ibidem
978 1353 1114 1383 motum,
1132 1345 1247 1377 dicitur
1265 1347 1364 1387 quod,

296 1404 332 1428 ut
362 1397 426 1427 iam
457 1406 494 1426 ex
525 1395 614 1425 dictis
642 1400 743 1434 patet,
773 1403 840 1423 non
870 1398 1046 1432 repugnat,
1071 1391 1138 1421 imo
1170 1391 1365 1431 quandoque

295 1450 399 1472 unum
423 1439 564 1480 sequitur
587 1439 628 1468 ad
650 1438 801 1474 alterum,
825 1438 931 1468 Deum
960 1445 1142 1476 supponere
1170 1444 1229 1475 pro
1253 1441 1365 1466 natura

296 1493 326 1516 et
349 1495 408 1526 pro
431 1484 581 1514 omnibus
606 1482 763 1523 personis,
789 1481 936 1522 quamvis
960 1480 1160 1516 difformiter‚
1185 1485 1222 1510 ut
1244 1479 1366 1510 dictum

296 1537 350 1561 est.
376 1529 483 1564 Unde,
508 1528 580 1558 licet
607 1527 640 1557 in
664 1533 798 1567 utraque
827 1525 975 1561 istarum,
1000 1524 1117 1555 scilicet
1143 1524 1234 1554 Deus
1256 1530 1364 1562 creat,

296 1581 326 1605 et
348 1574 409 1604 soli
433 1573 503 1603 Deo
527 1573 630 1602 honor
652 1576 684 1601 et
704 1571 831 1612 gloria,
855 1570 947 1600 Deus
969 1568 1147 1599 verificetur
1170 1575 1200 1599 et
1223 1577 1282 1607 pro
1305 1568 1366 1599 hoc

294 1619 364 1649 Deo
384 1624 415 1648 et
432 1627 491 1657 pro
515 1615 686 1646 Trinitate:
711 1615 787 1655 quia
805 1621 912 1645 tamen
929 1613 1129 1654 Augustinus
1148 1613 1187 1644 de
1208 1618 1275 1643 tota
1294 1612 1366 1643 Tri-

295 1663 392 1693 nitate
416 1661 607 1692 exclusivum
630 1659 770 1700 exponit,
788 1665 824 1690 ut
839 1659 872 1689 in
894 1657 1080 1699 quaestione
1101 1668 1174 1688 xxxi
1188 1657 1206 1676 *
1221 1656 1366 1687 habitum

296 1714 350 1743 est,
376 1706 448 1736 ideo
471 1706 553 1735 hanc
575 1705 609 1734 in
633 1703 816 1744 exemplum
839 1703 967 1733 allatam
990 1709 1082 1742 puto.
1105 1702 1242 1742 Oportet
1257 1707 1365 1732 autem

296 1750 445 1790 distingui
468 1750 530 1780 hoc
554 1749 736 1779 membrum
759 1754 869 1778 contra
892 1747 1044 1787 primum,
1070 1746 1145 1787 quia
1159 1745 1302 1786 primum
1317 1755 1363 1776 se-

295 1802 422 1836 paratur
445 1795 483 1824 ab
507 1802 563 1824 eo:
588 1800 648 1824 stat
675 1792 762 1823 enim
784 1793 874 1822 Deus
897 1791 1093 1832 quandoque
1116 1800 1175 1831 pro
1199 1796 1312 1821 natura
1335 1797 1366 1821 et

295 1850 360 1870 non
384 1838 575 1879 proaliquo
599 1836 778 1877 supposito,
802 1843 839 1867 ut
861 1835 983 1866 dictum
1006 1842 1061 1866 est.

348 1884 401 1914 XI.
419 1883 470 1913 Ad
486 1882 664 1913 secundum
683 1887 791 1911 autem
810 1880 947 1910 dubium
965 1886 1094 1910 motum
1109 1879 1142 1910 in
1157 1877 1365 1919 responsione

295 1929 335 1959 ad
358 1927 486 1959 tertium
501 1926 528 1963 *,
545 1926 625 1956 circa
647 1925 812 1956 veritatem
828 1924 934 1960 istius,
955 1924 1047 1954 Deus
1070 1933 1133 1954 non
1157 1927 1305 1964 generat,
1326 1932 1364 1952 ex

294 1973 504 2004 fundamento
521 1971 585 2000 iam
602 1970 686 2000 dicto
698 1969 716 1988 *
727 1969 947 2009 respondetur.
960 1969 1002 1999 Et
1017 1968 1058 1998 ad
1074 1967 1215 2008 primum
1232 1966 1363 2007 quidem

294 2016 440 2052 Aureoli,
465 2015 530 2045 iam
554 2021 639 2055 patet
662 2014 752 2054 quod
775 2012 963 2054 aequivocat
986 2012 1026 2043 de
1049 2017 1179 2043 natura.
1200 2010 1365 2049 Quoniam

295 2072 354 2092 nos
379 2060 514 2090 dicimus
537 2059 627 2100 quod
650 2064 711 2088 stat
734 2067 793 2098 pro
818 2064 929 2088 natura
952 2056 986 2087 in
1010 2063 1175 2093 concreto,
1199 2055 1280 2086 idest
1303 2064 1362 2095 pro

294 2107 353 2137 hoc
367 2105 437 2135 Deo
445 2112 457 2142 ;
481 2102 519 2134 de
543 2113 609 2144 quo
634 2101 751 2132 falsum
767 2108 813 2133 est
836 2101 938 2132 dicere
958 2111 1022 2132 non
1045 2106 1194 2142 generat,
1217 2099 1363 2141 quamvis

293 2149 470 2181 verificetur
493 2148 531 2178 de
554 2147 681 2178 deitate.

349 2194 401 2225 Ad
424 2192 602 2223 secundum
624 2201 710 2228 vero,
727 2196 860 2231 negatur
875 2189 965 2231 quod
987 2199 1050 2220 non
1066 2199 1227 2231 generare
1248 2188 1287 2220 sit
1306 2198 1364 2219 no-

293 2238 422 2270 tionale.
440 2237 605 2275 Quoniam
624 2236 664 2266 ad
680 2245 747 2266 esse
763 2234 926 2265 notionale
949 2233 1121 2275 requiritur
1144 2234 1235 2275 quod
1250 2233 1290 2264 sit
1308 2233 1364 2264 ali-

294 2283 373 2325 quid
389 2281 538 2323 speciale:
555 2291 617 2312 non
634 2289 797 2322 generare
812 2286 920 2310 autem
936 2285 983 2309 est
998 2287 1182 2315 commune,
1195 2287 1271 2309 cum
1287 2287 1363 2308 con-

961 249 1227 297 QUAESTIO
1258 249 1438 296 XXXIX,
1467 249 1765 287 ARTICULUS
1794 251 1829 287 V

1416 328 1522 359 veniat
1537 328 1633 359 etiarn
1656 335 1795 360 naturae.
1812 347 1831 352 -
1843 330 1909 360 Nec
1926 340 1963 360 ex
1978 329 2040 360 hoc
2055 330 2144 371 quod
2166 329 2292 370 negatio
2309 336 2339 361 et
2353 330 2487 362 affirma-

1417 373 1462 403 tio
1479 379 1553 403 sunt
1581 373 1723 403 eiusdem
1746 374 1886 413 generis,
1913 374 2055 415 sequitur
2070 374 2159 414 quod
2183 384 2245 404 non
2268 384 2431 415 generare
2449 375 2488 406 sit

1418 417 1599 448 notionale:
1624 417 1779 458 quoniam
1807 418 1887 449 illud
1910 418 2095 458 intelligitur
2127 418 2165 448 de
2199 428 2312 458 genere
2335 418 2396 455 rei,
2421 429 2487 449 non

1418 468 1526 492 autem
1539 461 1573 492 in
1588 471 1701 502 genere
1713 462 1859 503 principii
1875 462 2099 502 cognoscendi.
2114 463 2189 492 Non
2202 462 2298 498 enim,
2314 462 2340 492 si
2352 462 2488 493 affirma-

1418 506 1463 536 tio
1481 513 1527 536 est
1542 506 1671 546 propria
1686 506 1765 537 ratio
1783 507 1995 547 cognoscendi
2011 506 2148 547 ali'quid,
2170 506 2313 548 sequitur
2328 507 2418 547 quod
2433 516 2486 537 ne-

1418 550 1503 590 gatio
1527 550 1567 581 sit
1589 550 1718 591 propria
1741 551 1821 581 ratio
1845 551 2059 591 cognoscendi
2082 550 2203 591 aliquid
2226 550 2313 581 aliud
2336 550 2487 591 speciale:

1419 604 1494 625 curn
1515 595 1641 635 negatio
1671 594 1849 626 verificetur
1871 602 1937 626 tam
1961 596 2000 626 de
2023 602 2095 626 ente
2118 605 2217 635 quam
2246 595 2285 625 de
2316 604 2382 626 non
2406 602 2487 626 ente.

1418 639 1589 669 Notionale
1619 646 1726 670 autem
1757 639 1921 680 propriam
1949 640 2106 671 rationem
2135 639 2348 679 cognoscendi
2376 649 2489 670 sonare

1419 689 1505 722 patet
1529 693 1566 713 ex
1589 683 1679 714 dictis
1702 683 1728 714 *.
2097 714 2101 717 .

1475 727 1526 757 Ad
1549 727 1678 758 tertium
1700 738 1776 758 vero
1800 728 1915 759 dicitur
1937 729 2036 769 quod,
2054 727 2201 769 quamvis
2217 727 2305 758 nefas
2329 728 2369 759 sit
2385 727 2487 758 dicere

1419 772 1524 801 omnis
1540 772 1649 809 Deus,
1674 772 1831 812 quoniam
1853 782 1938 803 unus
1962 783 2098 803 numero
2122 779 2247 803 tantum
2272 779 2331 808 est;
2356 782 2489 812 respon-

1420 815 1525 845 dendo
1549 822 1665 851 tamen,
1683 822 1816 855 negatur
1831 817 1921 857 quod
1934 816 1967 847 in
1986 817 2019 858 ly
2041 818 2145 847 omnis
2159 817 2250 848 Deus
2267 817 2300 858 ly
2316 817 2407 847 Deus
2430 822 2490 847 stet

1419 869 1478 899 pro
1503 859 1686 899 suppositiS.
1713 860 1878 897 Quoniam
1907 870 1975 891 non
1999 868 2103 902 potest
2133 861 2319 892 distribuere
2346 860 2407 891 nisi
2429 870 2488 901 pro

1419 903 1590 934 individuis
1605 903 1742 935 deitatis:
1759 905 1850 945 quod
1865 911 1988 935 constat
2003 914 2071 935 esse
2085 915 2189 935 unum
2204 912 2340 936 tantum.
2356 905 2398 936 Et
2412 905 2438 936 si
2453 912 2488 936 tu

1420 947 1535 988 accipis
1559 958 1595 978 ea
1618 958 1677 988 pro
1701 948 1886 988 suppositis,
1910 958 1977 979 non
1999 955 2075 979 sunt
2098 949 2349 980 contradictoria.

1475 992 1528 1022 Ad
1551 999 1737 1032 argumenta
1760 999 1868 1023 autem
1891 993 2035 1023 Durandi
2062 999 2092 1024 et
2115 992 2260 1033 Gregorii
2286 993 2419 1024 breviter
2442 993 2488 1024 di-

1421 1036 1510 1073 citur,
1535 1037 1624 1077 quod
1649 1037 1870 1068 convenientia
1892 1036 2036 1077 personis
2060 1043 2135 1067 sunt
2158 1037 2310 1077 duplicia:
2332 1038 2490 1079 quaedam

1420 1080 1550 1121 propria
1573 1080 1764 1121 suppositis,
1781 1087 1817 1112 ut
1838 1091 2001 1123 generare
2016 1087 2047 1112 et
2061 1082 2228 1122 generari,
2249 1088 2280 1112 et
2303 1081 2434 1118 similia;
2459 1088 2490 1112 et

1420 1125 1578 1166 quaedam
1603 1125 1789 1156 communia
1804 1125 1979 1166 suppositis
1995 1132 2026 1157 et
2041 1125 2170 1162 naturis,
2188 1132 2224 1156 ut
2238 1125 2406 1166 distingui,
2426 1136 2488 1157 non

1419 1179 1593 1211 generare,
1607 1176 1638 1200 et
1653 1170 1778 1200 similia.
1796 1170 1880 1201 Inter
1894 1180 1976 1211 quae
1992 1176 2118 1200 tantum
2134 1169 2244 1206 differt,
2258 1170 2348 1211 quod
2363 1170 2492 1210 propria

1420 1214 1549 1245 trahunt
1572 1214 1724 1245 terminos
1748 1214 1788 1244 ad
1811 1215 1961 1245 standum
1984 1213 2231 1255 suppositaliter,
2255 1224 2294 1244 eo
2319 1214 2395 1255 quia
2416 1224 2491 1254 pro-

1420 1258 1488 1299 pria
1512 1258 1685 1299 suppositis
1715 1265 1809 1289 sunt:
1834 1258 2020 1289 communia
2050 1264 2174 1295 autem,
2199 1258 2275 1299 quia
2306 1258 2492 1289 communia

1421 1310 1504 1339 sunt,
1525 1313 1591 1333 non
1614 1303 1815 1334 contrahunt.
1839 1303 1881 1334 Et
1908 1313 1945 1333 ex
1968 1303 2031 1333 hoc
2054 1302 2197 1343 sequitur
2220 1302 2280 1333 alia
2304 1302 2489 1334 differentia:

1421 1347 1539 1378 scilicet
1561 1347 1652 1388 quod
1674 1347 1803 1388 propria
1826 1347 2002 1388 praedicata
2026 1347 2064 1377 de
2088 1346 2246 1387 personis,
2271 1346 2492 1387 praedicantur

1421 1391 1516 1422 etiam
1531 1392 1570 1422 de
1589 1392 1744 1423 concretis
1759 1391 2031 1428 substantialibus;
2052 1401 2090 1422 ex
2101 1401 2140 1422 eo
2156 1391 2241 1422 enim
2257 1392 2347 1432 quod
2362 1391 2492 1422 trahunt

1421 1436 1474 1466 illa
1490 1436 1530 1466 ad
1546 1436 1797 1476 supponendum
1811 1436 2026 1476 personaliter,
2043 1445 2110 1466 non
2130 1434 2308 1476 significant
2326 1436 2492 1476 personale

1421 1480 1629 1511 determinare
1652 1480 1832 1519 essentiam,
1854 1481 1909 1511 sed
1932 1487 2057 1512 tantum
2087 1480 2264 1521 supposita.
2294 1479 2492 1511 Communia

1419 1534 1506 1561 vero,
1523 1524 1668 1566 quamvis
1691 1524 1849 1556 verificata
1877 1525 1915 1555 de
1938 1524 2093 1565 personis,
2114 1534 2181 1555 non
2204 1524 2426 1565 praedicantur
2452 1524 2492 1555 de

1421 1569 1574 1600 concretis
1590 1569 1862 1600 substantialibus:
1887 1579 1924 1600 ex
1940 1579 1979 1600 eo
1996 1569 2082 1600 enim
2098 1569 2187 1610 quod
2210 1578 2276 1599 non
2300 1568 2493 1599 contrahunt

1420 1613 1498 1654 ipsa,
1520 1613 1748 1654 significaretur
1770 1613 1949 1654 personalia
1973 1613 2142 1644 convenire
2165 1612 2327 1644 essentiae.
2353 1613 2395 1644 Et
2417 1622 2492 1653 pro—

1420 1664 1536 1698 pterea,
1553 1658 1699 1699 quamvis
1723 1658 1932 1694 concedatur,
1956 1658 2056 1688 Pater
2077 1658 2292 1699 distinguitur
2314 1658 2448 1688 realiter
2469 1666 2491 1688 a

1419 1702 1502 1733 Filio
1512 1712 1527 1740 ;
1550 1712 1617 1733 non
1632 1709 1739 1733 tamen
1762 1702 1832 1738 ista,
1851 1702 1942 1733 Deus
1964 1702 2178 1743 distinguitur
2192 1702 2326 1732 realiter
2339 1712 2360 1732 a
2375 1702 2456 1732 Deo.

1475 1746 1517 1777 Et
1540 1756 1577 1777 ex
1599 1746 1662 1777 hoc
1684 1753 1771 1787 patet
1789 1746 1829 1776 ad
1847 1753 2034 1786 argumenta
2049 1753 2116 1786 tarq
2129 1745 2273 1776 Durandi
2297 1755 2396 1787 quam
2414 1745 2490 1776 Gre-

1419 1790 1515 1831 gorii:
1540 1790 1696 1831 quoniam
1711 1797 1845 1831 uterque
1861 1790 2013 1821 fundatur
2029 1799 2124 1830 super
2139 1789 2212 1826 hoc,
2228 1790 2320 1830 quod
2334 1789 2492 1831 quidquid

1420 1834 1618 1875 praedicatur
1632 1835 1670 1865 de
1686 1834 1793 1875 aliqua
1815 1843 1967 1874 persona,
1992 1840 2097 1874 potest
2125 1833 2298 1874 praedicari
2311 1833 2351 1864 de
2373 1834 2454 1864 Deo.
2470 1850 2493 1862 .—

1420 1878 1575 1916 Quamvis
1599 1878 1694 1909 etiam
1718 1878 1758 1909 sit
1780 1878 1867 1909 aliud
1889 1885 2057 1919 peccatum
2078 1878 2244 1918 utriusque
2262 1877 2295 1908 in
2314 1877 2387 1914 hoc,
2402 1877 2493 1919 quod

1420 1929 1534 1963 putant
1561 1923 1650 1964 quod
1672 1923 1748 1960 ista,
1773 1923 1864 1954 Deus
1893 1933 1956 1954 non
1976 1927 2129 1964 generat,
2153 1922 2194 1953 sit
2215 1921 2392 1954 indefinita:
2417 1931 2493 1953 cum

1419 1974 1526 1998 tamen
1550 1967 1590 1998 sit
1614 1967 1790 2007 singularis,
1816 1967 1972 2008 quoniam
1995 1966 2150 2008 supponit
2174 1976 2232 2007 pro
2255 1967 2315 1998 hoc
2335 1967 2417 1998 Deo.

1474 2011 1544 2042 XII.
1559 2012 1611 2042 Ad
1630 2011 1783 2043 ultimum
1808 2011 1941 2046 demum
1957 2011 2092 2042 dubium
2104 2011 2122 2030 *
2134 2011 2248 2042 dicitur
2262 2011 2362 2052 quod,
2379 2020 2491 2052 quam—

1418 2055 1465 2086 vis
1496 2065 1532 2086 ex
1560 2055 1728 2096 negatione
1756 2066 1823 2086 non
1852 2062 2003 2097 sequatur
2030 2055 2238 2096 repugnanda
2261 2054 2490 2092 universaliter,

1419 2099 1562 2141 sequitur
1580 2107 1687 2131 tamen
1703 2100 1737 2131 in
1755 2100 1886 2131 materia
1901 2100 2089 2131 necessaria:
2105 2106 2233 2140 oportet
2248 2099 2335 2130 enim
2348 2099 2399 2130 vel
2415 2109 2492 2131 con-

1418 2144 1525 2175 venire
1548 2145 1599 2175 vel
1621 2154 1797 2185 repugnare
1820 2144 1979 2186 quidquid
1994 2143 2170 2175 necessario
2194 2143 2382 2175 attribuitur.
2405 2143 2491 2175 Con-

1419 2195 1480 2220 stat
1502 2195 1610 2220 autem
1628 2189 1718 2230 quod
1739 2198 1903 2230 generare
1922 2195 1953 2220 et
1977 2198 2040 2220 non
2063 2198 2225 2230 generare
2248 2188 2318 2219 Deo
2341 2198 2409 2219 non
2432 2187 2492 2220 nisi

1419 2233 1595 2264 necessario
1618 2233 1747 2264 attribui
1770 2239 1890 2273 potest:
1916 2243 1992 2264 cum
2014 2233 2092 2264 haec
2118 2242 2185 2263 non
2214 2232 2405 2264 conveniant
2433 2241 2491 2272 per

1420 2283 1525 2308 actum
1549 2277 1732 2308 voluntatis.

1094 2422 1413 2465 ARTICULUS
1443 2421 1701 2474 QUINTUS

741 2508 898 2539 UTRUM
921 2507 1094 2538 NOMINA
1117 2506 1398 2538 ESSENTIALIA
1422 2506 1465 2537 IN
1488 2504 1752 2537 ABSTRACTO
1776 2504 2051 2536 SIGNIFICATA

999 2551 1178 2583 POSSINT
1202 2551 1455 2582 SUPPONERE
1478 2550 1564 2582 PRO
1588 2549 1786 2581 PERSONA

527 2625 535 2649 1
556 2625 638 2654 Sent„
660 2624 717 2649 dist.
736 2631 760 2652 v,
781 2631 825 2656 qu.
844 2630 862 2654 1,
882 2628 928 2648 art.
939 2630 968 2660 ᾸΧι,
989 2629 1017 2654 25
1038 2622 1080 2647 De
1103 2622 1151 2647 Un.
1171 2621 1256 2652 Verb„
1276 2627 1323 2647 art.
1341 2629 1362 2653 1,
1381 2621 1414 2647 ad
1437 2628 1481 2651 1²3
1504 2621 1606 2646 Contra
1625 2627 1733 2646 errores
1754 2621 1859 2650 Graec„
1879 2627 1935 2654 cap.
1954 2627 1994 2652 rv;
2014 2619 2042 2645 In
2062 2620 2197 2646 Decretal.
2216 2620 2253 2645 11.

430 2728 463 2747 ff>—
488 2728 491 2730 -
508 2718 530 2743 D
551 2717 713 2748 QU1NTUM
733 2716 786 2741 sm
806 2715 1048 2741 moenum-ua.
1077 2702 1238 2741 Videtur
1258 2701 1365 2751 quod

432 2787 447 2809 N„
510 2758 668 2796 nomina
698 2757 910 2794 essentialia
939 2756 978 2794 in
1007 2757 1197 2794 abstracto
1222 2755 1364 2804 signifi-

332 2848 337 2861 .
373 2797 594 2861 174'sf2cata
613 2810 759 2860 possint
787 2822 1005 2859 supponere
1025 2822 1095 2859 pro
1115 2821 1294 2859 persona,
1315 2809 1365 2846 ita

353 2842 450 2901 κζ’ἕῇἷ)
465 2857 498 2901 k
511 2865 618 2913 quod
645 2865 741 2901 haec
760 2863 805 2900 sit
822 2876 927 2910 vera,
948 2864 1106 2900 essentia
1133 2868 1296 2914 generat
1311 2874 1365 2900 es-

297 2920 467 2958 sentiam.
497 2918 596 2956 Dicit
625 2917 727 2954 enim
756 2917 1006 2965 Augustinus,
1035 2917 1105 2954 VII
1134 2917 1180 2953 de
1203 2915 1238 2953 T
1234 2916 1306 2953 rin.
1326 2915 1364 2953 *τ

298 2975 410 3010 Pater
438 2978 473 3009 et
499 2972 617 3009 Filius
644 2976 732 3008 sunt
758 2982 833 3007 una
861 2970 1055 3019 sapientia,
1087 2970 1175 3019 quia
1205 2981 1282 3007 una
1311 2981 1365 3007 es-

298 3027 435 3069 sentia,·
463 3031 499 3062 et
523 3024 742 3074 singillatim
770 3023 952 3072 sapientia
981 3024 1027 3060 de
1052 3023 1247 3073 sapientia,
1271 3023 1368 3060 sicut

300 3079 454 3116 essentia
485 3079 531 3115 de
558 3078 726 3115 essentia.

354 3144 388 3169 2.
409 3133 643 3178 PRAETEREA,
664 3129 849 3179 generatis
870 3130 980 3167 nobis
1000 3130 1062 3168 vel
1084 3129 1282 3179 corruptis,
1303 3141 1365 3178 ge-

300 3193 478 3222 nerantur
496 3185 558 3222 vel
580 3190 875 3233 corrumpuntur
895 3195 940 3220 ea
959 3195 1058 3232 quae
1078 3183 1116 3220 in
1135 3182 1246 3220 nobis
1266 3189 1364 3220 sunt.

302 3238 378 3275 Sed
407 3237 520 3275 Filius
548 3244 760 3286 generatur.
791 3237 905 3284 Ergo,
937 3249 1023 3273 cum
1046 3235 1208 3274 essentia
1237 3235 1366 3273 divina

301 3291 345 3328 sit
359 3291 397 3328 in
413 3291 519 3338 Filio,
533 3291 686 3328 videtur
700 3290 806 3338 quod
826 3289 989 3326 essentia
1003 3289 1139 3334 ,divina
1153 3296 1365 3338 generetur.

357 3345 390 3381 3.
424 3345 666 3391 anrruam,
701 3343 804 3380 idem
834 3350 890 3379 est
917 3344 1024 3380 Deus
1054 3350 1090 3380 et
1123 3342 1284 3380 essentia
1313 3341 1367 3380 di-

300 3397 402 3445 vina,
421 3405 463 3434 ut
483 3410 527 3434 ex
548 3409 662 3446 supra
675 3396 695 3418 ’¹‘
716 3396 823 3433 dictis
838 3403 950 3445 patet.
974 3396 1050 3434 Sed
1069 3396 1166 3433 haec
1186 3403 1242 3433 est
1259 3408 1364 3443 vera,

301 3451 405 3487 Deus
437 3456 595 3500 generat
626 3451 773 3495 Deum,
808 3449 903 3486 sicut
937 3448 1079 3486 dictum
1114 3457 1170 3486 est
1196 3448 1227 3486 *.
1262 3449 1365 3498 Ergo

302 3504 396 3540 haec
426 3511 480 3539 est
506 3513 610 3550 vera,
640 3503 796 3540 essentia
824 3508 985 3552 generat
1010 3503 1218 3540 essentiam.

355 3617 382 3650 α)
401 3620 519 3650 generat.
538 3631 556 3636 -
573 3620 714 3650 generaret
733 3617 834 3642 codices
854 3621 879 3641 et
897 3617 947 3642 ab.

1472 2713 1510 2749 4.
1541 2702 1776 2748 PRAETEREA,
1808 2701 1856 2739 de
1885 2712 2133 2750 quocumque
2159 2700 2407 2750 praedicatur·
2427 2700 2492 2739 ali-

1421 2754 1524 2804 quid,
1553 2762 1679 2804 potest
1708 2766 1926 2804 supponere
1949 2766 2022 2803 pro
2051 2754 2126 2792 illo.
2157 2754 2234 2791 Sed
2255 2754 2418 2792 essentia
2438 2754 2492 2792 di-

1419 2808 1510 2845 vina
1539 2815 1595 2845 est
1622 2808 1746 2845 Pater.
1783 2808 1886 2856 Ergo
1916 2806 2080 2845 essentia
2113 2814 2239 2856 potest
2272 2819 2491 2856 supponere

1420 2873 1491 2911 pro
1519 2873 1686 2911 persona
1714 2860 1848 2898 Patris.
1878 2861 1927 2897 Et
1956 2861 2010 2898 sic
2039 2860 2202 2898 essentia
2229 2867 2396 2908 generat.

1478 2915 1511 2952 5.
1541 2915 1774 2962 PRAETEREA,
1805 2914 1969 2951 essentia
1998 2921 2054 2951 est
2081 2925 2141 2950 res
2169 2925 2373 2962 generans:
2403 2912 2491 2962 quia

1422 2975 1478 3005 est
1496 2969 1619 3015 Pater,
1642 2967 1707 3017 qui
1727 2975 1782 3005 est
1809 2979 2007 3016 generans.
2038 2966 2078 3004 Si
2101 2966 2212 3015 igitur
2231 2966 2394 3004 essentia
2412 2978 2492 3004 non

1421 3021 1466 3058 sit
1494 3033 1699 3069 generans,
1730 3020 1797 3057 erit
1830 3020 1993 3057 essentia
2030 3032 2090 3057 res
2121 3031 2308 3068 generans
2342 3027 2380 3057 et
2412 3031 2492 3057 non

1421 3086 1625 3123 generans:
1655 3074 1760 3123 quod
1790 3081 1846 3111 est
1872 3072 2119 3123 impossibile.

1475 3128 1511 3165 6.
1527 3129 1761 3174 PRAETEREA,
1783 3127 2018 3175 Augustinus
2037 3125 2137 3174 dicit,
2158 3125 2196 3163 in
2212 3126 2264 3163 IV
2278 3126 2324 3163 de
2342 3127 2379 3163 T
2374 3125 2490 3164 rin.*:
2519 3134 2529 3145 ·

1405 3182 1534 3218 'Pater
1561 3186 1615 3218 est
1636 3180 1866 3230 principium
1895 3180 2004 3217 totius
2031 3179 2185 3216 deitatis.
2217 3179 2296 3217 Sed
2328 3190 2408 3216 non
2437 3185 2493 3216 est

1421 3233 1651 3284 principium
1671 3233 1741 3271 nisi
1759 3233 1979 3282 generando
1994 3233 2057 3271 vel
2077 3232 2271 3282 spirando.
2297 3233 2400 3281 Ergo
2420 3232 2492 3270 Pa-

1421 3296 1477 3325 ter
1505 3294 1660 3336 generat
1686 3287 1750 3324 vel
1778 3287 1895 3337 spirat
1924 3285 2115 3324 deitatem.

1477 3341 1551 3378 SED
1571 3352 1718 3378 CONTRA
1737 3352 1802 3378 EST
1822 3340 1927 3389 quod
1945 3339 2179 3387 Augustinus
2207 3338 2307 3386 dicit,
2336 3338 2375 3376 in
2403 3339 2417 3376 I
2446 3338 2493 3376 de

1426 3395 1463 3432 T
1458 3394 1530 3431 rin.
1551 3393 1582 3441 ²¹⁸,
1613 3394 1719 3443 quod
1748 3393 1852 3431 nulla
1881 3404 1942 3430 res
1967 3397 2129 3443 generat
2150 3392 2323 3441 seipsam.
2355 3391 2432 3429 Sed
2460 3390 2492 3429 si
2519 3400 2529 3411 ·

1422 3446 1584 3484 essentia
1613 3454 1767 3495 generat
1796 3445 2012 3492 essentiam,
2034 3457 2113 3482 non
2132 3452 2288 3493 generat
2308 3450 2324 3466 ⁸¹
2344 3443 2416 3483 nisi
2434 3456 2492 3482 se-

1422 3500 1566 3550 ipsam:
1597 3512 1686 3537 cum
1714 3499 1806 3537 nihil
1834 3499 1880 3536 sit
1906 3498 1945 3536 in
1973 3499 2081 3546 Deo,
2111 3498 2216 3548 quod
2245 3497 2492 3547 distinguatur

2518 2011 2530 2024 ⁸
2545 2011 2581 2034 ef.
2596 2017 2661 2035 num.
2671 2017 2714 2034 vu.
