2768 4178
58 955 67 965 ³
78 954 150 976 Slrh.
161 954 212 976 lect.
220 960 268 977 xiv.

153 1176 170 1193 α

53 1225 65 1236 ⁴
78 1225 129 1246 Art.
147 1224 252 1252 praeced.

53 1330 65 1341 ⁴⁸
79 1329 136 1357 Cap.
149 1335 171 1355 v.
186 1335 209 1351 n.
221 1335 254 1351 ιο.

154 1375 168 1409 β

54 1808 63 1817 ·
79 1807 127 1834 Qu.
138 1813 207 1835 uva,
222 1810 266 1829 art.

56 2713 66 2723 '¹
80 2711 109 2733 D.
124 2711 170 2740 835.

57 3277 67 3287 '¹
81 3277 132 3298 Art.
148 3277 254 3304 praeced.

299 251 376 288 492

967 235 1236 283 QUAESTIO
1266 236 1441 283 XLVIII,
1471 237 1768 274 ARTICULUS
1799 237 1830 273 II

1070 371 1390 413 ARTICULUS
1421 371 1721 414 SECUNDUS

967 473 1123 504 UTRUM
1147 472 1305 503 MALUM
1329 473 1598 505 INVENIATUR
1621 474 1664 505 IN
1688 474 1825 505 REBUS

593 562 684 594 Supra,
704 569 748 594 qu.
766 568 825 590 xxn,
845 565 884 585 art
904 567 926 589 2,
947 560 978 585 ad
1000 567 1029 589 2;
1049 560 1059 584 1
1079 560 1161 589 Sent„
1182 559 1240 584 dist.
1259 567 1326 590 wa,
1346 565 1398 584 art..
1415 560 1427 585 3
1434 569 1441 592 ;
1461 560 1489 590 ΙΙ,
1509 561 1569 586 dist.
1587 569 1669 592 xxnv,
1690 567 1736 587 art.
1756 570 1783 592 1;
1803 562 1834 586 111
1856 562 1933 587 Cont.
1950 563 2039 591 Gent„
2058 570 2114 595 cap.
2133 569 2205 593 1³:113

667 597 709 621 De
727 597 795 625 Pot„
816 604 860 629 qu.
880 603 917 627 111,
937 600 984 620 art.
1004 595 1028 625 6.
1048 595 1080 620 ad
1099 602 1127 627 4;
1150 595 1294 627 Compend.
1313 595 1410 625 171eol„
1431 603 1487 628 cap.
1506 604 1589 627 cxr.n;
1610 597 1651 622 De
1670 597 1735 622 Diu.
1748 597 1836 627 Nom„
1857 605 1912 630 cap.
1931 605 1967 630 xv,
1988 598 2046 622 lect.
2065 605 2115 622 xvr.

347 705 395 730 Μ’(
413 704 470 734 Sa«

323 702 384 750 μη
511 698 532 723 D
553 697 743 723 SECUNDUM
757 697 810 722 Sic
825 696 1066 722 PROCEDITUR.
1082 684 1243 722 Videtur
1262 684 1366 733 quod

329 729 487 799 ἢῐᾼὲἷῆ
511 740 656 776 malum
685 751 764 776 non
792 738 1006 775 inveniatur
1028 738 1067 774 in
1097 738 1223 775 rebus.
1245 738 1366 784 Quid-

313 791 362 841 ,γ
399 777 602 842 r'quid
630 792 734 829 enim
769 792 960 829 invenitur
987 791 1026 828 in
1055 792 1189 838 rebus,
1219 791 1281 828 vel
1311 798 1368 828 est

301 856 312 868 ’
352 860 364 873 κ
386 837 577 882 Qens
606 845 772 894 aliquod,
793 845 855 881 vel
884 844 1047 893 privatio
1073 844 1167 881 entis
1196 843 1365 891 alicuius,

297 897 402 946 quod
432 905 487 934 est
510 911 589 936 non
614 911 691 935 ens.
715 898 793 935 Sed
811 897 1021 946 Dionysius
1042 897 1140 944 dicit,
1162 908 1198 934 1v
1217 910 1299 946 cap.
1321 897 1367 934 de

295 952 383 988 Div.
404 951 521 989 Nom.
542 951 573 999 ²³⁸,
594 951 700 1000 quod
729 951 872 988 malum
902 950 1014 988 distat
1041 951 1095 987 ab*
1117 950 1309 997 existente,
1331 958 1367 987 et

296 1005 422 1042 adhuc
448 1006 534 1054 plus
564 1005 675 1042 distat
702 1017 724 1041 a
753 1016 831 1041 non
861 1004 1053 1041 existente.
1089 1005 1191 1052 Ergo
1221 1004 1366 1041 malum

296 1059 400 1096 nullo
429 1059 548 1095 modo
577 1057 767 1094 invenitur
794 1057 833 1094 in
862 1058 987 1094 rebus.

350 1123 385 1148 2.
407 1112 640 1157 PRAETEREA,
663 1123 730 1148 ens
760 1118 796 1148 et
815 1123 875 1147 res
904 1117 1190 1147 convertuntur.
1214 1109 1254 1147 Si
1274 1122 1365 1159 ergo

295 1165 440 1201 malurn
471 1172 526 1202 est
546 1177 612 1201 ens
631 1170 649 1186 α
678 1164 715 1201 in
744 1164 870 1211 rebus,
891 1163 1058 1213 sequitur
1084 1163 1191 1212 quod
1219 1164 1364 1201 malum

294 1218 340 1255 sit
368 1230 427 1254 res
455 1218 659 1266 quaedam.
690 1217 809 1265 Quod
837 1225 893 1254 est
921 1224 1053 1254 contra
1085 1216 1279 1266 praedicta
1306 1217 1337 1254 *.

351 1271 384 1308 3.
407 1272 639 1318 PRAETEREA,
661 1272 782 1308 albius
809 1276 864 1307 est
889 1271 992 1319 quod
1017 1276 1072 1307 est
1096 1271 1208 1320 nigro
1229 1270 1365 1320 imper-

294 1324 460 1371 mixtius,
480 1332 522 1362 ut
550 1324 685 1362 dicitur
712 1324 751 1361 in
780 1325 829 1360 ΙΙΙ
859 1324 956 1361 libro
990 1325 1026 1361 T
1021 1324 1115 1373 opic.
1136 1323 1157 1345 '¹‘
1181 1323 1363 1361 Aristote-

294 1378 337 1414 lis
364 1375 393 1415 Ρ.
424 1378 527 1426 Ergo
556 1386 593 1414 et
621 1378 756 1415 melius
787 1385 842 1414 est
869 1377 975 1426 quod
1004 1385 1061 1414 est
1093 1377 1196 1414 malo
1225 1377 1364 1426 imper-

295 1431 459 1468 mixtius.
490 1431 566 1468 Sed
586 1433 693 1468 Deus
721 1431 808 1468 facit
826 1443 980 1479 semper
999 1431 1106 1479 quod
1126 1430 1262 1467 melius
1290 1439 1361 1478 est,

294 1485 414 1521 multo
436 1484 556 1532 magis
584 1497 703 1533 quam
724 1492 869 1522 natura.
891 1485 994 1532 Ergo
1023 1484 1063 1521 in
1083 1484 1197 1521 rebus
1225 1497 1248 1520 a
1277 1485 1361 1521 Deo

295 1538 454 1575 conditis
483 1537 575 1574 nihil
603 1539 749 1575 malum
778 1537 979 1579 invenitur.

348 1592 422 1628 SED
451 1603 598 1631 CONTRA
626 1603 692 1628 EST
721 1591 826 1640 quod
855 1591 1067 1628 secundum
1087 1591 1162 1627 hoc
1187 1602 1362 1628 remove-

293 1652 421 1682 rentur
450 1657 587 1681 omnes
613 1645 890 1694 prohibitiones
919 1652 955 1682 et
981 1656 1144 1693 poenae,
1165 1657 1264 1692 quae
1284 1658 1363 1682 non

294 1706 381 1735 sunt
409 1697 479 1735 nisi
507 1699 708 1735 malorum.

347 1753 573 1789 RESPONDEO
607 1763 791 1788 mCENDUM
827 1749 953 1799 quod,
993 1750 1089 1787 sicut
1121 1763 1236 1800 supra
1260 1751 1280 1773 ’¹‘
1309 1751 1362 1788 di-

293 1812 396 1842 ctum
426 1812 499 1852 est,
529 1805 711 1854 perfectio
739 1804 907 1842 universi
936 1804 1091 1854 requirit
1118 1803 1362 1853 inaequalita—

292 1866 370 1895 tem
399 1870 480 1895 esse
515 1858 553 1895 in
587 1859 720 1905 rebus,
755 1865 797 1895 ut
833 1869 970 1894 omnes
1007 1857 1185 1894 bonitatis
1223 1858 1362 1906 gradus

293 1912 534 1960 impleantur.
566 1913 634 1948 Est
662 1918 789 1948 autem
809 1924 908 1948 unus
937 1912 1075 1959 gradus
1105 1911 1293 1957 bonitatis,
1323 1918 1364 1948 ut

294 1965 436 2014 aliquid
473 1965 524 2001 ita
552 1965 700 2001 bonum
729 1964 794 2011 sit,
825 1964 931 2013 quod
968 1977 1167 2013 nunquam
1198 1964 1363 2002 deficere

293 2018 423 2067 possit.
453 2017 561 2055 Alius
590 2026 719 2055 autern
748 2018 886 2066 gradus
922 2018 1100 2054 bonitatis
1129 2025 1205 2065 est,
1240 2026 1282 2055 ut
1310 2018 1364 2055 sic

294 2071 436 2120 aliquid
464 2072 612 2108 bonum
643 2071 704 2115 sit,
734 2071 839 2120 quod
860 2084 882 2108 a
902 2072 1008 2107 bono
1038 2071 1204 2108 deficere
1231 2071 1362 2121 possit.

295 2124 371 2171 Qui
392 2124 505 2161 etiam
524 2125 662 2172 gradus
681 2124 719 2161 in
740 2123 823 2173 ipso
845 2136 926 2161 esse
953 2123 1218 2162 inveniuntur:
1247 2137 1363 2173 quae-

296 2178 385 2214 dam
415 2178 517 2214 enim
538 2182 553 2204 ⁷
582 2185 679 2224 sunt,
709 2189 808 2225 quae
838 2190 951 2214 suum
982 2190 1064 2214 esse
1092 2177 1264 2215 amittere
1285 2191 1364 2215 non

294 2238 479 2279 possunt,
517 2238 559 2267 ut
590 2230 867 2279 incorporalia;
906 2231 1096 2279 quaedam
1127 2243 1221 2267 vero
1251 2239 1362 2278 sunt,

296 2296 395 2332 quae
416 2283 587 2320 amittere
608 2290 780 2332 possunt,
811 2291 852 2320 ut
877 2283 1100 2332 corporalia.
1132 2283 1237 2320 Sicut
1255 2284 1371 2332 igitur

294 2336 475 2386 perfectio
504 2336 758 2373 universitatis
788 2348 915 2373 rerum
946 2336 1100 2385 requirit
1127 2344 1168 2373 ut
1196 2349 1275 2374 non
1303 2350 1364 2374 so—

294 2390 374 2426 lum
403 2389 477 2426 sint
505 2390 605 2426 entia
634 2389 930 2438 incorruptibilia
949 2386 973 2435 ⁸,
1004 2390 1071 2427 sed
1092 2389 1206 2427 etiam
1237 2403 1364 2427 corru-

293 2442 456 2491 ptibilia3
476 2442 526 2480 ita
540 2442 721 2491 perfectio
741 2442 910 2479 universi
929 2442 1084 2492 requirit
1101 2450 1142 2480 ut
1157 2443 1229 2480 sint
1249 2456 1364 2492 quae-

295 2496 385 2533 dam
415 2507 512 2544 quae
541 2508 563 2532 a
592 2496 759 2533 bonitate
789 2496 954 2533 deficere
986 2496 1152 2545 possint;
1182 2496 1231 2534 ad
1259 2498 1365 2545 quod

295 2548 465 2596 sequitur
485 2561 529 2586 ea
547 2549 739 2586 interdum
760 2549 936 2586 deficere.
968 2551 1010 2586 In
1030 2550 1105 2586 hoc
1125 2557 1253 2586 autem
1275 2563 1364 2587 con-

296 2601 388 2638 sistit
408 2602 501 2639 ratio
522 2602 623 2649 mali,
644 2610 686 2639 ut
705 2602 845 2640 scilicet
870 2602 1011 2652 aliquid
1031 2602 1184 2640 deficiat
1202 2615 1224 2640 a
1244 2603 1362 2641 bono.

294 2655 407 2692 Unde
427 2655 671 2693 manifestum
698 2664 752 2693 est
772 2655 878 2704 quod
898 2655 937 2693 in
958 2657 1071 2693 rebus
1091 2655 1363 2694 malum‘inve-

295 2708 393 2746 nitur
411 2708 442 2756 ³¹⁸,
473 2709 567 2746 sicut
587 2717 623 2746 et
643 2708 855 2758 corruptio:
886 2721 975 2746 nam
1005 2717 1041 2746 et
1067 2709 1151 2759 ipsa
1170 2710 1362 2759 corruptio

294 2763 440 2799 malum
469 2762 666 2811 quoddam
696 2770 762 2800 est.

347 2879 375 2911 α)
395 2886 449 2904 ens.
466 2893 486 2898 —
504 2879 565 2903 Om.
584 2878 673 2903 FGab.

349 2913 373 2947 β)
392 2914 553 2940 Aristotelis.
570 2928 589 2933 -
607 2914 668 2939 Om.
688 2914 789 2938 codices
809 2918 834 2938 et
852 2914 903 2939 ab.

347 2951 374 2984 γ)
392 2950 523 2983 quaedam
543 2950 621 2975 enim.
639 2964 658 2970 -
676 2956 738 2974 nam
753 2950 882 2982 quaedam
898 2949 1009 2975 codices.
1023 2963 1042 2968 -
1056 2949 1106 2974 Pro
1121 2949 1310 2981 incorporalia,
1324 2949 1364 2974 in—

293 2986 479 3017 corruptibilia
498 2986 595 3015 DsAC;
615 2993 663 3018 pro
681 2985 842 3017 corporalia,
862 2985 1048 3017 corruptibilia
1067 2985 1136 3010 DsC.

347 3020 372 3053 ὃ)
393 3021 614 3053 incorruptibilia.
631 3035 650 3040 -
669 3020 851 3052 incorporalia
865 3020 1044 3051 ABCEFGab,
1060 3025 1085 3046 et
1099 3020 1186 3046 statim
1201 3019 1363 3053 corporalia.

293 3071 312 3076 —
330 3057 380 3082 Pro
400 3057 523 3086 universi,
545 3056 727 3081 universitatis
744 3055 820 3085 ΑΘΕ,
839 3064 892 3081 om.
912 3056 944 3081 D.

1477 686 1537 722 AD
1565 697 1703 723 PmMUM
1731 698 1830 723 ERGO
1859 699 2043 724 DICENDUM
2073 687 2179 736 quod
2203 687 2348 724 malum
2384 687 2495 725 distat

1425 744 1462 774 et
1489 738 1537 774 ab
1569 746 1653 775 ente
1683 739 1901 788 simpliciter
1916 769 1925 787 ,
1957 747 1993 777 et
2019 753 2099 778 non
2127 748 2213 777 ente
2248 740 2492 790 simpliciter:

1424 790 1515 838 quia
1542 803 1670 839 neque
1704 799 1760 828 est
1787 792 1881 829 sieut
1908 793 2079 845 habitus,
2115 806 2242 843 neque
2274 794 2371 831 sicut
2397 806 2494 843 pura

1423 843 1586 891 negatio,
1617 844 1686 882 sed
1715 844 1811 881 sicut
1837 845 2012 894 privatio.

1476 898 1535 933 Ao
1564 908 1756 935 SECUNDUM
1784 909 1970 935 nicENDUM
2005 899 2132 946 quod,
2166 899 2263 936 sicut
2291 899 2426 937 dicitur
2452 899 2492 937 in

1422 950 1458 986 V
1471 950 1693 1002 Metaphys,
1705 950 1737 998 ²⁸,
1769 963 1836 988 ens
1855 951 2052 1000 dupliciter
2072 952 2219 989 dicitur.
2249 953 2337 990 Uno
2357 953 2490 1001 modo,

1423 1003 1638 1040 secundum
1668 1003 1773 1052 quod
1810 1003 1997 1052 significat
2034 1004 2228 1042 entitatem
2263 1005 2340 1052 rei,
2378 1013 2493 1055 prout

1424 1056 1602 1093 dividitur
1627 1069 1697 1106 per
1725 1057 1861 1094 decem
1893 1057 2224 1106 praedicamenta:
2255 1065 2293 1095 et
2319 1058 2373 1095 sic
2402 1071 2492 1096 con-

1422 1109 1580 1146 vertitur
1613 1122 1700 1147 cum
1731 1122 1784 1147 re.
1819 1111 1869 1147 Et
1895 1111 1972 1148 hoc
2004 1111 2124 1148 modo
2141 1140 2150 1158 ,
2189 1111 2292 1148 nulla
2328 1111 2490 1160 privatio

1424 1170 1479 1199 est
1498 1175 1582 1200 ens:
1602 1163 1706 1201 unde
1726 1175 1798 1200 nec
1817 1164 1976 1201 malum.
2006 1164 2093 1201 Alio
2114 1164 2234 1201 modo
2254 1164 2390 1202 dicitur
2410 1177 2490 1213 ens,

1423 1217 1526 1265 quod
1556 1216 1741 1264 significat
1767 1217 1968 1254 veritatem
2000 1217 2291 1266 propositionis,
2325 1230 2425 1267 quae
2452 1218 2492 1255 in

1422 1270 1701 1319 compositione
1722 1270 1902 1318 consistit,
1925 1270 2031 1308 cuius
2051 1279 2141 1308 nota
2161 1278 2218 1308 est
2235 1271 2311 1308 hoc
2323 1272 2491 1309 verbum

1420 1329 1491 1360 est.-
1521 1331 1557 1360 et
1585 1324 1659 1360 hoc
1689 1331 1744 1360 est
1773 1335 1840 1361 ens
1869 1336 1948 1372 quo
1971 1330 1983 1345 ⁸
2011 1324 2265 1373 respondetur
2299 1325 2348 1362 ad
2376 1337 2492 1374 quae·

1420 1376 1585 1413 stionem
1604 1388 1654 1414 an
1683 1382 1746 1414 est.
1777 1378 1827 1414 Et
1845 1377 1898 1413 sic
1918 1377 2140 1415 caecitatem
2168 1377 2329 1415 dicimus
2349 1390 2432 1415 esse
2451 1378 2491 1416 in

1420 1430 1545 1477 oculo,
1561 1431 1624 1467 vel
1639 1442 1924 1479 quamcumque
1939 1430 2050 1468 aliam
2065 1431 2333 1480 privationem.
2354 1432 2404 1468 Et
2416 1432 2493 1469 hoc

1420 1483 1541 1520 modo
1572 1483 1685 1520 etiam
1714 1484 1860 1520 malum
1890 1483 2024 1521 dicitur
2044 1496 2122 1521 ens.
2143 1505 2167 1512 -
2190 1486 2352 1533 Propter
2378 1484 2492 1522 huius

1419 1544 1549 1573 autern
1579 1536 1827 1574 distinctionis
1855 1537 2127 1586 ignorantiam,
2157 1537 2288 1587 aliqui,
2318 1538 2492 1576 conside-

1420 1597 1546 1626 rantes
1565 1591 1670 1639 quod
1689 1590 1839 1639 aliquae
1859 1603 1918 1627 res
1939 1590 2116 1628 dicuntur
2138 1592 2274 1638 malae,
2303 1592 2367 1629 vel
2386 1591 2492 1641 quod

1420 1643 1567 1680 malum
1597 1643 1733 1680 dicitur
1761 1655 1843 1680 esse
1871 1643 1911 1681 in
1939 1645 2075 1691 rebus,
2112 1644 2354 1682 crediderunt
2382 1644 2490 1693 quod

1420 1697 1566 1733 malurn
1595 1704 1695 1734 esset
1722 1709 1783 1734 res
1811 1697 2016 1746 quaedam.

1473 1751 1532 1787 Αυ
1559 1761 1722 1787 TERTlUM
1756 1762 1942 1787 DlCENDtJM
1979 1750 2087 1799 quod
2114 1751 2221 1787 Deus
2257 1758 2294 1788 et
2329 1757 2490 1800 natura,

1419 1811 1456 1840 et
1484 1803 1759 1852 quodcumque
1797 1815 1925 1851 agens,
1955 1803 2042 1840 facit
2069 1803 2176 1852 quod
2204 1803 2341 1841 melius
2371 1811 2427 1841 est
2451 1803 2492 1842 in

1418 1864 1517 1903 toto;
1538 1858 1606 1894 sed
1622 1869 1700 1893 non
1720 1856 1827 1904 quod
1847 1856 1982 1894 melius
2002 1864 2058 1894 est
2072 1857 2110 1894 in
2125 1869 2357 1906 unaquaque
2370 1864 2489 1907 parte,

1419 1910 1491 1947 nisi
1510 1922 1580 1959 per
1599 1909 1774 1947 ordinem
1794 1909 1844 1947 ad
1863 1917 1999 1957 totum,
2020 1917 2062 1947 ut
2081 1922 2197 1959 supra
2215 1909 2236 1933 *
2256 1910 2400 1948 dictum
2421 1917 2488 1948 est.

1421 1965 1551 2013 Ipsum
1570 1971 1700 2000 autem
1725 1970 1850 2000 totum
1883 1964 1988 2012 quod
2016 1971 2072 2000 est
2099 1963 2327 2001 universitas
2347 1971 2491 2001 creatu-

1420 2029 1560 2064 rarum,
1582 2017 1718 2053 melius
1738 2024 1775 2053 et
1793 2016 1996 2066 perfectius
2017 2024 2083 2064 est,
2105 2016 2136 2054 si
2156 2016 2195 2054 in
2215 2029 2262 2054 eo
2282 2016 2356 2055 sint
2374 2029 2491 2067 quae-

1420 2070 1510 2107 dam
1540 2083 1638 2119 quae
1668 2083 1690 2107 a
1718 2070 1823 2107 bono
1853 2070 2019 2107 deficere
2046 2077 2220 2120 possunt,
2250 2082 2350 2120 quae
2378 2070 2490 2108 inter-

2519 960 2529 970 *
2544 959 2570 982 S.
2581 959 2627 982 Th.
2637 960 2692 983 lect.

2518 996 2530 1001 -
2548 986 2603 1009 Did.
2624 987 2666 1009 lib.

2519 1019 2570 1041 cap.
2581 1018 2623 1042 vn,
2638 1019 2662 1036 ιι.

2709 1019 2735 1042 5.

2685 986 2720 1010 ’ἓ

2677 1020 2701 1041 1*

2518 1912 2731 1941 'Qunam-rt.
2766 1939 2768 1941 ¹

2518 1939 2615 1967 zadi.

1420 2123 1512 2160 dum
1542 2123 1738 2170 deficiunt,
1769 2124 1854 2160 Deo
1884 2124 1959 2160 hoc
1988 2136 2066 2161 non
2099 2122 2346 2173 impediente.
2385 2123 2492 2162 Turn
2535 2131 2537 2133 '

1420 2177 1507 2226 quia
1535 2176 1800 2226 providentiae
1825 2189 1904 2214 non
1924 2184 1980 2213 est
1999 2184 2174 2214 naturam
2195 2177 2402 2226 destruere,
2422 2178 2492 2216 sed

1420 2231 1579 2277 salvare,
1595 2238 1638 2266 ut
1652 2229 1860 2278 Dionysius
1881 2229 1980 2277 dicit,
2002 2242 2037 2266 1v
2057 2243 2138 2279 cap.
2156 2231 2202 2267 de
2220 2231 2308 2268 Div.
2323 2229 2489 2268 Nom.*:

1419 2283 1501 2332 ipsa
1521 2290 1649 2320 autem
1673 2290 1807 2319 natura
1826 2295 1954 2319 rerum
1975 2283 2050 2319 hoc
2065 2282 2079 2309 ζ
2097 2283 2223 2331 habet,
2245 2291 2287 2320 ut
2306 2296 2404 2332 quae
2426 2283 2490 2322 de-

1418 2337 1534 2374 ficere
1562 2343 1734 2385 possunt,
1765 2335 1998 2385 quandoque
2027 2336 2217 2373 deficiant.
2249 2337 2354 2373 Tum
2387 2337 2489 2386 quia,

1418 2397 1460 2427 ut
1489 2389 1578 2428 dicit
1595 2388 1830 2437 Augustinus
1849 2389 1888 2425 in
1907 2389 2099 2426 Enchirid.
2120 2389 2152 2436 ²¹⁸,
2182 2390 2287 2427 Deus
2311 2397 2368 2427 est
2390 2389 2489 2428 adeo

1419 2450 1567 2492 potens,
1597 2441 1704 2492 quod
1724 2441 1838 2479 etiam
1857 2449 1983 2492 potest
2002 2442 2101 2480 bene
2120 2442 2243 2480 facere
2262 2451 2278 2474 η
2299 2444 2347 2482 de
2367 2443 2488 2483 malis,

1419 2495 1531 2534 Unde
1560 2496 1680 2532 multa
1714 2495 1818 2532 bona
1850 2495 2094 2543 tollerentur,
2135 2495 2165 2533 si
2198 2497 2304 2533 Deus
2342 2497 2490 2535 nullum

1418 2550 1563 2587 malum
1601 2548 1836 2598 permitteret
1864 2561 1960 2586 esse.
1995 2549 2088 2586 Non
2115 2549 2219 2587 enim
2247 2558 2491 2598 generaretur

1418 2603 1534 2652 ignis,
1571 2602 1642 2639 nisi
1672 2609 1980 2652 corrumperetur
2008 2614 2093 2650 aer;
2127 2615 2253 2652 neque
2286 2615 2490 2650 conserva-

1418 2663 1520 2694 retur
1546 2655 1625 2693 vita
1658 2655 1789 2702 leonis,
1820 2655 1890 2692 nisi
1921 2655 2158 2694 occideretur
2185 2655 2334 2704 asinus3
2364 2669 2489 2707 neque

1418 2709 1533 2747 etiam
1561 2709 1777 2746 laudaretur
1803 2708 1941 2746 iustitia
1968 2709 2165 2748 vindicans
2193 2707 2217 2758 ⁰,
2248 2718 2284 2748 et
2309 2710 2490 2762 patientia

1419 2763 1624 2808 sufferens,
1655 2762 1684 2799 si
1712 2774 1792 2800 non
1821 2769 1920 2800 esset
1947 2762 2135 2812 iniquitas.

1472 2878 1494 2910 ε)
1514 2885 1574 2911 quo.
1592 2891 1611 2897 -
1624 2885 1677 2910 per
1695 2878 1766 2911 quod
1784 2877 1829 2908 sC,
1847 2877 1920 2910 quod
1938 2878 2015 2903 ceteri
2034 2882 2061 2903 et
2079 2877 2129 2903 ab.
2158 2886 2161 2890 “

1436 2949 1441 2955 .
1470 2913 1497 2946 ζ)
1516 2914 1574 2939 hoc.
1592 2926 1610 2933 -
1629 2913 1690 2939 Om.
1709 2914 1739 2938 B.
1756 2927 1775 2933 -
1794 2913 1846 2938 Pro
1862 2913 1996 2946 deficiant,
2015 2913 2140 2942 desinant
2153 2914 2251 2946 ABCE,
2265 2913 2391 2947 deficiant
2403 2918 2431 2940 et
2444 2913 2489 2940 de-

1416 2949 1605 3017 nnavss'plziest
1624 2985 1687 3010 bene
1698 2987 1803 3019 sacerc-
1822 2999 1840 3004 —
1859 2985 1922 3010 bene
1936 2988 2027 3017 potest
2038 2986 2133 3020 facere
2151 2985 2216 3010 Pab.

1471 3018 1495 3052 θ)
1515 3020 1619 3045 iustitia
1637 3021 1784 3047 vindicans.
1802 3034 1821 3040 -
1840 3021 1943 3046 iustitia
1962 3021 2124 3047 vindicantis
2135 3021 2167 3046 Α.
2178 3034 2198 3040 -
2210 3020 2274 3046 Item
2289 3021 2375 3046 statim
2382 3021 2490 3055 patien-

1418 3055 1457 3081 tia
1475 3055 1634 3090 sufferentis.

979 3143 1312 3177 Commentario.
1335 3143 1587 3176 cardinalis
1610 3143 1811 3177 Caietam

326 3243 345 3263 N
377 3233 487 3270 titulo,
519 3234 639 3264 malum
669 3233 807 3264 inveniri
837 3233 869 3262 in
895 3232 990 3263 rebus
1020 3243 1085 3263 non
1115 3232 1269 3273 significat
1299 3243 1366 3263 esse

299 3245 416 3314 Ireale,
433 3277 587 3318 quoniam
603 3277 666 3308 iam
679 3277 695 3296 *
711 3277 772 3307 hoc
790 3277 952 3307 exclusum
971 3284 1029 3307 est:
1051 3277 1105 3307 sed
1122 3276 1275 3318 significat
1299 3287 1365 3308 esse

296 3322 508 3352 communiter
531 3322 563 3352 in
587 3322 690 3353 rebus.
717 3321 756 3352 In
782 3321 876 3352 rebus
899 3328 1006 3351 autem
1035 3321 1148 3352 dicitur
1171 3328 1300 3362 propter
1330 3331 1366 3352 ea

296 3376 377 3406 quae
393 3366 499 3396 solum
516 3366 721 3396 inveniuntur
743 3365 775 3395 in
794 3365 908 3402 anima,
930 3372 965 3396 ut
985 3366 1140 3396 secundae
1164 3365 1363 3397 intentiones.

297 3410 337 3440 Et
357 3417 403 3440 est
425 3410 568 3451 quaestio
593 3411 631 3440 de
652 3410 835 3440 inventione
852 3409 994 3440 formali:
1020 3409 1062 3440 ita
1078 3410 1167 3450 quod
1183 3420 1249 3440 non
1266 3410 1367 3441 inten-

297 3454 416 3490 dimus,
442 3461 550 3485 utrum
574 3454 695 3484 malum
718 3454 832 3484 habeat
855 3453 1101 3484 fundamentum
1119 3454 1152 3484 in
1168 3455 1274 3490 rebus;
1299 3455 1363 3491 sed,

297 3508 337 3528 an
361 3498 536 3529 inveniatur
560 3498 732 3529 formaliter
755 3498 787 3528 in
807 3498 910 3529 rebus.

357 3542 393 3572 11.
419 3543 453 3572 In
477 3552 609 3582 corpore
633 3542 726 3573 unica
749 3549 795 3573 est
819 3542 992 3578 conclusio,
1017 3543 1200 3583 responsiva
1220 3543 1363 3584 quaesito

298 3585 495 3616 affirmative:
519 3587 641 3617 Malum
664 3586 822 3618 invenitur
840 3586 873 3617 in
892 3587 995 3623 rebus,
1012 3587 1092 3618 sicut
1108 3594 1138 3618 et
1154 3587 1326 3628 corruptio.
1343 3605 1364 3610 -

1420 3233 1461 3263 Et
1484 3233 1645 3273 probatur.
1674 3232 1828 3263 Perfectio
1857 3232 1994 3264 universi
2017 3232 2147 3273 requirit
2176 3232 2434 3274 inaequalitatem
2456 3233 2490 3264 in

1420 3276 1523 3313 rebus,
1548 3284 1583 3308 ut
1607 3277 1713 3308 omnis
1736 3277 1885 3308 bonitatis
1904 3277 2019 3317 gradus
2035 3277 2218 3317 impleatur:
2244 3287 2329 3317 ergo,
2345 3278 2427 3309 sicut
2441 3287 2490 3308 re-

1420 3321 1516 3362 quirit
1539 3328 1574 3352 ut
1597 3321 1659 3352 sint
1682 3321 1765 3352 entia
1793 3321 2044 3362 incorruptibilia
2067 3327 2097 3352 et
2120 3321 2351 3362 corruptibilia,
2376 3322 2419 3353 ita
2441 3332 2489 3353 re-

1420 3365 1516 3407 quirit
1540 3373 1575 3396 ut
1598 3365 1661 3397 sint
1684 3365 1904 3396 indefectibilia
1928 3375 1947 3396 a
1969 3365 2067 3402 bon0,
2092 3372 2123 3396 et
2138 3365 2326 3396 defectibilia
2349 3376 2367 3397 a
2385 3367 2487 3397 bono:

1419 3420 1494 3450 ergo
1511 3410 1669 3450 quaedam
1692 3410 1725 3440 in
1749 3409 1897 3440 universo
1922 3408 2073 3440 deficiunt
2096 3410 2304 3451 quandoque:
2329 3420 2404 3451 ergo
2420 3420 2488 3441 ma-

1418 3454 1487 3485 lum
1511 3454 1669 3485 invenitur
1691 3454 1724 3484 in
1744 3454 1847 3490 rebus,
1873 3453 1953 3484 sicut
1977 3454 2149 3494 corruptio.

1478 3498 1676 3529 Antecedens
1700 3498 1885 3528 habetur-ex
1902 3497 2002 3528 dictis.
2018 3515 2038 3520 —
2053 3498 2159 3528 Prima
2174 3497 2399 3540 consequentia
2414 3507 2487 3538 pro-

1419 3543 1526 3573 batur:
1552 3542 1627 3583 quia
1649 3542 1699 3573 isti
1723 3549 1797 3573 sunt
1819 3542 1885 3572 duo
1908 3542 2023 3581 gradus
2046 3542 2195 3573 bonitatis
2217 3542 2336 3574 inventi
2359 3542 2392 3572 in
2415 3541 2486 3572 uni-

1418 3597 1519 3623 verso,
1544 3586 1630 3617 iuxta
1654 3586 1726 3617 illos
1749 3587 1831 3617 duos
1854 3586 1969 3627 gradus
1994 3587 2083 3623 entis,
2108 3593 2144 3618 ut
2167 3587 2206 3617 de
2229 3597 2262 3618 se
2285 3593 2379 3628 patet.
2396 3603 2417 3609 -
2433 3585 2486 3616 Se-

2517 2231 2530 2243 *
2550 2231 2576 2254 S.
2590 2230 2636 2253 Th.
2655 2231 2708 2254 leet.

2517 2398 2649 2427 ‘Cap-xx.
