2768 4178
72 537 84 548 ⁸
98 536 242 564 Fulgentius,
257 536 287 557 de

75 563 133 584 Fide
142 563 177 584 ad
184 563 286 589 Petrum,

75 596 128 618 cap.
137 595 204 611 xxiii.

78 1870 90 1880 ⁶
104 1869 138 1892 Ca

77 1896 118 1918 lib.
174 1912 180 1922 ,
200 1902 251 1923 cap.
262 1902 275 1916 x
285 1912 291 1923 ,

77 1929 101 1944 n.
112 1929 132 1950 π,
147 1929 168 1951 3.

82 2578 93 2589 “
101 2577 138 2599 Cf.
147 2582 211 2599 num.
220 2582 295 2604 praec.

82 2623 92 2631 ¹
108 2621 166 2649 Cap.
178 2627 208 2649 tx,
225 2627 281 2643 n.n.

89 3285 98 3295 ⁸
114 3283 185 3306 Num.
196 3290 243 3306 xiv.

84 3460 95 3471 ⁸
110 3460 169 3482 ibid.

157 1875 227 1891 .xn.-
238 1869 293 1890 Did.

315 284 385 310 102

310 360 484 394 utrumque
500 359 546 383 est
561 352 760 389 indivisibile,
772 360 802 384 et
818 359 925 384 tamen
937 353 1124 385 defectibile.
1138 354 1294 384 Probatur
1309 363 1383 384 con-

313 397 490 438 sequentia:
516 397 591 438 quia
621 407 789 427 mensurae
818 398 1103 438 proportionantur
1126 398 1254 428 diversis
1277 397 1383 428 modis

313 441 479 477 manendi,
505 448 540 472 ut
563 447 650 481 patet
673 441 711 471 de
735 441 919 473 successivis
943 450 973 473 et
995 442 1264 483 permanentibus,
1288 459 1308 464 -
1328 441 1383 472 Se-

313 486 417 517 cundo
441 486 494 516 sic.
519 488 618 516 Actus
634 484 796 516 beatificus
815 494 1017 518 mensuratur
1035 496 1123 522 aevo,
1144 493 1180 517 ut
1198 496 1255 526 per
1272 488 1383 526 Augu-

313 530 433 561 stinum
461 536 564 569 patet,
589 530 630 560 de
652 530 733 560 Fide
754 530 798 561 ad
820 531 971 570 Petrum,
1003 541 1072 579 cap.
1092 541 1167 560 xv111
1186 530 1212 560 *.
1242 530 1339 570 Ergo.
1364 548 1384 552 —

318 575 434 605 Tertio.
469 573 621 614 Operatio
651 574 755 614 angeli
786 585 854 605 non
884 582 1085 607 mensuratur
1114 574 1296 605 aeternitate
1326 583 1384 604 nec

313 626 475 658 tempore:
500 628 575 658 ergo
598 628 688 649 aevo.

369 662 408 693 X.
426 662 478 692 Ad
494 662 684 693 evidentiam
699 662 795 694 huius
811 663 1013 699 difficultatis,
1026 664 1152 694 adverte
1168 662 1258 704 quod
1270 662 1384 693 Scotus

313 707 432 738 ibidem
455 713 516 737 tres
540 717 704 738 mensuras
728 707 903 738 durationis
928 708 1028 748 ponit,
1053 715 1190 748 tempus,
1215 716 1332 737 aevum
1355 713 1386 737 et

314 750 545 782 aeternitatem:
574 751 617 782 ita
646 752 736 792 quod
764 759 892 793 tempus
921 762 988 783 rem
1017 752 1244 787 successivam;
1270 761 1385 781 aevum

313 802 573 836 permanentem,·
601 795 811 827 defectibilem
838 803 961 832 tamem
993 796 1158 827 aeternitas
1186 803 1294 826 autem
1317 805 1385 825 rem

314 839 450 871 omnino
472 839 719 871 indefectibilem
741 848 913 872 mensuret.
945 841 986 871 Et
1015 847 1183 881 propterea
1210 846 1295 871 tenet
1318 849 1386 869 esse

315 884 519 915 substantiale
541 894 649 915 rerum
673 885 713 915 ad
735 895 815 926 quas
838 885 1035 926 impossibile
1052 892 1098 916 est
1113 894 1180 915 esse
1199 891 1338 920 motum,
1356 890 1386 914 et

315 928 516 970 operationes
540 929 713 969 angelicas,
739 936 807 965 etc.,
832 930 1010 960 secundum
1033 940 1066 960 se
1090 928 1265 960 mensurari
1295 938 1384 958 aevo.

314 973 357 1004 Et
379 979 446 1004 tota
468 972 555 1003 radix
579 973 647 1003 eius
671 980 717 1004 est
740 973 794 1003 illa
822 974 978 1004 maxima:
1007 974 1235 1014 Quaecumque
1259 972 1386 1014 unifor-

315 1027 397 1048 mem
422 1017 538 1048 habent
561 1017 689 1048 modum
714 1019 867 1049 manendi
888 1018 964 1049 dum
993 1023 1135 1055 manent,
1160 1018 1276 1048 habent
1299 1027 1386 1048 men—

314 1071 426 1093 suram
452 1061 591 1092 eiusdem
616 1063 762 1092 rationis.

370 1106 404 1136 In
428 1105 584 1146 praesenti
608 1113 716 1136 autem
738 1106 849 1142 littera,
874 1107 1113 1146 distinguuntur
1136 1116 1303 1137 mensurae
1327 1106 1386 1137 du-

315 1149 445 1181 rationis
458 1159 560 1190 penes
583 1150 826 1181 mutabilitatem
844 1156 874 1181 et
890 1152 1178 1182 immutabilitatem
1201 1161 1321 1182 rerum.
1346 1151 1387 1182 Et

314 1204 386 1225 vere
406 1194 450 1224 sic
473 1201 528 1224 est.
558 1194 723 1231 Quoniam
746 1205 896 1226 mensura
919 1195 1095 1226 durationis
1119 1202 1166 1226 est
1189 1194 1387 1227 certificativa

316 1238 466 1270 naturalis
485 1238 660 1269 durationis
676 1239 720 1269 rei
736 1240 915 1270 secundum
932 1250 974 1276 se,
992 1240 1136 1281 alioquin
1160 1240 1274 1271 frustra
1291 1246 1385 1271 esset:

315 1283 466 1314 naturalis
489 1289 597 1313 autem
621 1283 745 1314 duratio
770 1283 813 1314 rei
837 1294 874 1314 ex
897 1284 1106 1316 mutabilitate
1125 1291 1181 1316 aut
1203 1284 1387 1315 immutabi—

314 1328 401 1359 litate
424 1327 571 1358 nascitur.
596 1328 730 1369 Loquor
749 1328 788 1358 de
807 1329 952 1359 mutabili
968 1329 1018 1359 vel
1033 1329 1224 1360 immutabili
1238 1330 1385 1369 proprie,

316 1372 397 1403 idest
419 1382 456 1402 ex
479 1371 667 1402 intrinseco:
693 1372 849 1413 quoniam
876 1383 913 1403 ex
936 1373 990 1404 tali
1020 1373 1230 1405 mutabilitate
1262 1380 1387 1405 tantum

316 1416 434 1458 pendet
453 1416 603 1447 naturalis
619 1416 745 1447 duratio
762 1416 815 1448 rei.
841 1417 927 1448 Nihil
943 1417 1029 1448 enim
1044 1417 1138 1449 refert
1155 1418 1195 1448 ad
1211 1418 1387 1449 naturalem

316 1461 519 1492 durationem
541 1460 595 1497 rei,
615 1471 655 1491 an
674 1460 707 1491 in
727 1461 790 1492 alio
811 1461 851 1492 sit
871 1462 1016 1502 potentia
1039 1462 1228 1493 destructiva
1252 1462 1329 1499 eius,
1347 1473 1387 1492 an

317 1513 399 1536 non:
420 1505 476 1535 sed
498 1505 606 1535 solum
627 1515 667 1535 an
683 1505 716 1536 in
732 1505 801 1546 ipsa
816 1506 856 1537 sit
871 1506 957 1538 unde
973 1507 1075 1547 possit
1091 1506 1232 1543 deficere,
1253 1517 1293 1537 an
1309 1517 1386 1538 non.

317 1550 358 1580 Et
380 1550 413 1579 in
429 1549 491 1580 hoc
508 1549 620 1580 erravit
642 1550 807 1582 manifeste
831 1550 959 1587 Scotus,
984 1551 1106 1582 dicens:
1132 1561 1190 1582 nec
1212 1551 1388 1592 aliquando

318 1604 381 1624 non
406 1603 491 1631 esse,
517 1603 576 1624 nec
597 1603 695 1634 posse
724 1605 787 1625 non
812 1605 881 1626 esse
903 1605 968 1636 per
992 1596 1162 1636 propriam
1187 1597 1385 1636 potentiam,

317 1638 424 1669 variat
447 1647 631 1668 mensuram
656 1640 714 1669 rei.
738 1639 780 1670 Et
799 1638 1045 1671 fundamentum
1069 1640 1137 1671 eius
1160 1646 1207 1671 est
1223 1640 1315 1670 valde
1334 1641 1387 1670 de-

317 1682 390 1718 bile,
411 1682 528 1713 scilicet
542 1682 626 1723 quia,
647 1683 673 1713 si
689 1683 819 1723 angelus
835 1684 1058 1715 annihilandus
1078 1691 1168 1721 esset,
1186 1684 1264 1715 nihil
1281 1684 1388 1715 minus

318 1734 553 1758 mensuraretur
568 1736 656 1758 aevo.
681 1727 797 1768 Liquet
818 1728 904 1758 enim
919 1729 1009 1769 quod
1024 1728 1206 1760 naturaliter
1230 1739 1296 1760 non
1320 1729 1388 1760 fore

318 1771 507 1811 aliquando,
533 1778 564 1802 et
586 1771 729 1802 similiter
751 1782 846 1812 posse
870 1773 1053 1804 naturaliter
1075 1783 1142 1804 non
1166 1783 1243 1810 esse,
1267 1773 1388 1804 variant

318 1822 465 1846 naturam
487 1815 548 1846 rei:
573 1815 649 1856 quia
672 1817 876 1857 corruptibile
893 1824 924 1848 et
946 1817 1195 1858 incorruptibile,
1216 1825 1251 1849 ut
1275 1818 1388 1849 dicitur

318 1860 348 1890 X
366 1860 551 1900 Metaphys.
564 1859 590 1895 *,
615 1867 690 1891 sunt
709 1861 884 1892 substantia
906 1868 961 1893 aut
983 1862 1017 1892 in
1041 1862 1223 1893 substantia.
1249 1862 1387 1898 Variam,

318 1904 462 1944 inquam,
478 1910 624 1934 naturam
638 1905 791 1944 generice,
816 1906 896 1936 adeo
913 1913 949 1937 ut
969 1906 1049 1936 nihil
1071 1906 1111 1937 sit
1134 1906 1178 1936 eis
1202 1906 1387 1938 univocum.

318 1948 404 1988 Ergo
429 1958 486 1978 nec
502 1948 630 1988 proptia
648 1958 798 1980 mensura
821 1957 867 1980 est
891 1950 1012 1981 eadem.
1038 1950 1079 1981 Et
1102 1960 1139 1981 ex
1162 1950 1224 1981 hoc
1243 1950 1389 1991 provenit

319 1992 409 2033 quod
429 1992 652 2023 annihilandus
676 1994 806 2033 angelus
830 2001 1031 2025 mensuratur
1053 2003 1149 2025 aevo:
1174 1995 1251 2035 quia
1273 1995 1390 2026 scilicet

320 2036 505 2068 annihilatio
529 2046 595 2067 non
614 2038 760 2078 provenit
783 2048 819 2068 ex
840 2045 952 2069 natura
975 2038 1053 2076 eius,
1078 2039 1135 2070 sed
1158 2039 1197 2069 ab
1221 2046 1387 2076 extraneo;

318 2081 386 2122 ipse
410 2081 505 2117 enim,
529 2088 688 2122 quantum
711 2089 757 2113 est
780 2083 819 2113 de
842 2093 886 2119 se,
910 2093 1036 2124 semper
1059 2090 1150 2115 esset.

375 2125 520 2156 Dicimus
533 2135 608 2166 ergo
623 2136 691 2157 rem
706 2126 840 2157 omnino
855 2127 1090 2159 immutabilem
1105 2128 1285 2159 aeternitate
1301 2138 1389 2159 men-

320 2169 433 2206 surari;
454 2170 690 2201 immutabilem
705 2178 813 2202 autern
829 2171 1013 2212 simpliciter
1029 2179 1060 2203 et
1075 2172 1262 2204 mutabilem
1278 2182 1390 2204 secun-

321 2214 400 2244 dum
416 2214 503 2255 quid,
521 2223 613 2250 aevo;
633 2215 821 2246 mutabilem
837 2222 945 2247 autem
964 2216 1157 2257 simpliciter,
1174 2223 1329 2257 tempore.
1350 2217 1391 2248 Et

321 2265 497 2299 propterea,
518 2268 593 2289 cum
609 2259 739 2299 angelus
763 2260 802 2290 sit
824 2259 1032 2292 immutabilis
1047 2260 1301 2297 substantialiter,
1319 2270 1390 2292 rnu-

321 2302 424 2334 tabilis
447 2309 554 2334 tamen
578 2302 817 2340 accidentaliter,
841 2314 920 2335 aevo
944 2311 1154 2336 mensuratur.
1179 2305 1390 2346 Operationes

321 2357 396 2378 vero
421 2347 488 2378 eius
511 2347 678 2384 naturales,
702 2348 779 2389 quia
804 2348 985 2380 naturaliter
1007 2356 1082 2380 sunt
1108 2349 1287 2386 mutabiles,
1311 2359 1390 2380 aevo

322 2391 496 2422 mensurari
513 2398 691 2432 nequeunt:
712 2402 791 2423 aevo
807 2402 946 2434 namque
960 2400 1181 2425 mensuratum
1195 2394 1391 2425 aeviternam

323 2442 381 2472 est,
406 2435 602 2467 aeviternum
625 2442 733 2467 autem
756 2436 938 2468 naturaliter
961 2444 1153 2479 perpetuum
1177 2445 1238 2475 est,
1263 2439 1391 2470 nullum

323 2487 430 2511 autem
453 2480 636 2511 naturaliter
658 2481 810 2512 mutabile
834 2488 881 2512 est
903 2482 1085 2514 naturaliter
1108 2490 1309 2523 perpetuum.

378 2525 431 2556 XI.
465 2525 517 2555 Ad
547 2524 793 2556 fundamentum
821 2532 929 2557 autem
958 2527 1136 2563 Scodcum,
1171 2527 1392 2568 distinguenda

323 2569 428 2610 primo
445 2576 491 2600 est
507 2569 686 2610 propositio
701 2569 755 2600 illa
769 2569 798 2601 θ.
824 2570 988 2608 Quoniam
1004 2571 1029 2602 si
1046 2570 1081 2602 fit
1097 2572 1129 2602 in
1145 2581 1242 2603 sensu
1266 2581 1391 2613 compo-

322 2615 397 2652 sito,
423 2620 469 2645 est
491 2613 667 2645 falsissima.
693 2614 867 2652 Quoniam,
893 2622 928 2646 ut
950 2615 1065 2646 dicitur
1087 2615 1121 2646 in
1145 2615 1348 2648 IPeriherm.
1363 2616 1390 2653 *,

323 2658 571 2699 unumquodque
595 2668 722 2690 necesse
744 2664 791 2690 est
815 2669 883 2690 esse
904 2660 981 2690 dum
1002 2665 1049 2691 est
1056 2670 1071 2698 ‚·
1095 2667 1126 2692 et
1141 2660 1186 2691 sic
1201 2661 1311 2692 omnia
1325 2671 1391 2692 ma-

323 2702 439 2738 nentia,
463 2703 542 2733 dum
565 2709 705 2739 manent,
730 2702 846 2734 habent
870 2703 1065 2735 uniformem
1089 2705 1226 2736 modum
1250 2705 1391 2742 essendi,

323 2747 398 2788 quia
421 2753 495 2778 sunt
518 2747 710 2784 necessario;
735 2754 765 2778 et
788 2754 894 2778 tamen
918 2758 984 2779 non
1008 2749 1125 2781 habent
1147 2749 1283 2780 eandem
1303 2760 1392 2781 men-

323 2801 440 2822 suram.
464 2791 531 2822 Nec
554 2791 594 2821 ad
617 2791 703 2822 hunc
726 2801 856 2823 sensum
879 2802 1013 2832 arguens
1036 2793 1110 2825 facit
1132 2794 1235 2831 illam,
1260 2794 1314 2825 sed
1338 2794 1391 2825 ab·

323 2836 427 2867 solute
450 2845 506 2866 seu
530 2836 562 2866 in
586 2844 682 2866 sensu
705 2835 816 2867 diviso.
848 2837 889 2868 Et
912 2844 987 2868 tunc
1016 2837 1129 2869 dicitur
1156 2838 1247 2879 quod
1274 2839 1391 2870 modus

324 2879 473 2911 manendi
497 2886 543 2910 est
565 2879 782 2920 multipliciter
804 2880 1040 2921 distinguibilis:
1066 2882 1197 2919 scilicet,
1221 2883 1271 2914 vel
1295 2893 1392 2924 penes

324 2923 537 2955 necessarium
560 2930 591 2955 et
612 2923 776 2964 possibile;
800 2925 850 2955 vel
873 2935 970 2966 penes
989 2936 1178 2967 permanens
1197 2934 1227 2959 et
1242 2927 1392 2959 successi-

323 2977 414 3005 vum;
439 2969 489 2999 vel
512 2978 609 3009 penes
632 2967 807 3000 defectibile
830 2976 861 3000 et
883 2969 1102 3002 indefectibile.
1127 2971 1168 3003 Et
1184 2981 1392 3013 quocumque

324 3014 424 3044 modo
448 3019 607 3049 sumatur,
632 3022 757 3053 semper
780 3020 826 3044 est
850 3013 936 3045 falsa.
960 3015 1124 3052 Quoniam
1140 3026 1198 3047 nec
1214 3026 1312 3047 omne
1334 3026 1391 3047 ne-

324 3057 495 3089 cessarium
519 3057 667 3088 convenit
689 3057 722 3087 in
745 3067 911 3089 mensura:
937 3060 991 3090 sed
1014 3059 1074 3090 alia
1097 3067 1144 3091 est
1167 3070 1316 3091 mensura
1338 3070 1392 3092 ne-

325 3101 447 3133 cessarii
467 3101 611 3138 omnino,
628 3108 664 3132 ut
680 3101 755 3138 Dei;
779 3108 811 3133 et
826 3102 886 3133 alia
902 3103 1066 3135 necessarii
1083 3104 1275 3145 simpliciter,
1291 3105 1392 3145 possi-

324 3146 394 3177 bilis
414 3153 522 3177 autem
544 3146 723 3177 secundum
737 3146 825 3188 quid,
843 3153 879 3178 ut
894 3154 968 3178 sunt
991 3148 1112 3189 reliqua
1130 3148 1390 3189 incorruptibilia.

324 3191 364 3222 Et
388 3190 530 3222 similiter
553 3189 662 3221 omnia
685 3190 848 3231 possibilia
876 3202 942 3222 non
971 3200 1193 3224 mensurantur
1216 3203 1281 3224 una
1303 3203 1391 3224 men-

324 3244 414 3265 sura:
439 3234 594 3276 quoniam
621 3235 780 3276 quaedam
807 3242 951 3275 tempore
982 3237 1152 3274 continuo,
1176 3244 1207 3269 et
1234 3237 1392 3278 quaedam

324 3286 468 3319 tempore
496 3279 648 3315 discreto,
679 3285 715 3310 ut
743 3279 863 3310 dicetur
878 3278 903 3311 ⁴¹.
929 3279 1078 3312 Similiter
1106 3291 1173 3312 non
1202 3291 1299 3313 omne
1322 3291 1391 3322 per·

325 3333 456 3354 manens
481 3323 629 3354 convenit
650 3322 683 3354 in
706 3333 869 3360 mensura;
894 3331 929 3356 ut
952 3332 1037 3365 patet
1060 3326 1098 3356 de
1122 3326 1338 3367 superioribus
1361 3333 1392 3357 et

325 3367 534 3399 inferioribus.
558 3368 624 3399 Nec
648 3368 756 3400 omnia
776 3369 964 3399 successiva:
989 3369 1145 3410 quoniam
1163 3370 1224 3401 alia
1243 3377 1289 3402 est
1302 3380 1391 3401 men-

325 3421 397 3442 sura
421 3411 670 3443 successivorum
693 3412 892 3444 successione
917 3413 1076 3449 continua,
1094 3421 1124 3445 et
1138 3415 1199 3445 alia
1221 3415 1390 3446 succeden-

325 3455 405 3486 tium
422 3456 620 3487 successione
636 3457 777 3493 discreta,
794 3463 830 3488 ut
845 3457 966 3488 dicetur
976 3457 1004 3488 *.
1024 3458 1071 3489 De
1092 3458 1260 3490 defectibili
1283 3466 1391 3491 autem

326 3506 356 3530 et
379 3499 589 3537 indefectibili,
606 3500 670 3532 iam
689 3508 775 3541 patet
798 3501 1065 3533 defectibilitatem
1089 3512 1155 3534 non
1172 3513 1239 3534 esse
1254 3503 1391 3534 modum

325 3543 379 3580 rei,
395 3551 431 3575 ut
454 3544 492 3574 ab
516 3544 559 3575 eis
583 3545 728 3582 sumitur,
745 3546 800 3576 sed
824 3545 925 3577 dicere
941 3546 1118 3586 potentiam
1141 3554 1335 3578 extraneam:
1360 3554 1391 3579 et

326 3594 492 3628 propterea
508 3598 572 3619 non
588 3596 634 3620 est
650 3590 688 3620 ad
704 3589 916 3630 propositum.
936 3590 977 3621 Et
991 3597 1071 3622 esset
1086 3591 1165 3622 nihil
1180 3591 1287 3623 minus
1302 3591 1389 3628 falsa,

326 3642 363 3663 ex
387 3636 425 3663 eo
449 3633 538 3673 quod
562 3643 627 3663 non
644 3644 740 3664 omne
763 3634 938 3666 defectibile
954 3635 1047 3666 unica
1071 3645 1218 3667 mensura
1242 3634 1390 3667 certifica-

1025 273 1293 321 QUAESTIO
1323 275 1376 322 X,
1406 274 1703 311 ARTICULUS
1732 274 1765 310 V

1438 360 1498 385 tur.
1516 371 1536 376 —
1552 354 1600 384 Ex
1615 353 1664 384 his
1684 360 1792 384 autem
1815 353 2021 394 simplicibus,
2038 358 2125 393 patet
2139 351 2305 392 responsio
2330 352 2370 382 ad
2392 351 2509 382 modos

1439 398 1653 438 compositos;
1678 405 1756 438 puta
1779 408 1968 438 permanens
1993 396 2178 432 defectibile,
2204 403 2234 427 et
2256 395 2385 427 similes.

1490 442 1558 473 XII.
1574 442 1626 472 Ad
1642 442 1779 472 formam
1796 453 1870 482 ergo
1887 441 2154 483 propositionis,
2127 440 2145 460 *
2163 434 2344 471 dicendum
2359 447 2406 472 est
2420 433 2511 481 quod
2538 450 2547 458 ·

1438 486 1553 517 habere
1565 486 1761 517 uniformem
1773 487 1909 517 modum
1922 486 2072 517 manendi
2085 486 2292 516 intrinsecum
2306 485 2356 515 rei
2367 490 2397 515 et
2409 493 2465 525 per
2477 495 2510 515 se

1438 530 1658 571 respicientem
1681 531 1859 562 naturalem
1882 531 2084 562 duran‘onem
2107 529 2161 566 rei,
2179 535 2226 560 est
2240 528 2320 560 ratio
2340 528 2510 559 uniformis

1439 584 1495 605 seu
1519 575 1663 606 eiusdem
1686 585 1853 606 mensurae
1875 575 2068 606 durationis:
2094 581 2124 605 et
2145 583 2212 604 non
2234 573 2378 604 absolute
2396 573 2511 603 habere

1439 619 1635 650 uniformem
1652 620 1788 650 modum
1802 619 1961 650 manendi.
1986 620 2027 650 Et
2042 619 2115 649 ideo
2131 618 2249 649 falsum
2263 624 2310 649 est
2324 617 2511 649 antecedens

1438 663 1524 694 illius
1548 664 1803 705 consequentiae.
1828 665 1869 695 Et
1891 664 1956 695 iam
1969 663 1987 683 *
2010 663 2136 695 exclusa
2159 669 2206 693 est
2229 662 2297 693 eius
2320 661 2478 703 probatio.

1495 708 1548 738 Ad
1570 709 1765 744 secundum,
1790 715 1923 748 negatur
1946 708 2150 744 antecedens,
2176 714 2211 738 ut
2234 713 2320 747 patet
2342 706 2375 736 in
2398 706 2509 737 littera.

1439 752 1505 782 Nec
1525 758 1571 783 est
1590 762 1703 783 verum
1726 753 1816 793 quod
1839 752 2038 793 Augustinus
2063 752 2145 783 dicat
2167 751 2258 788 illud,
2275 750 2336 781 nisi
2359 750 2392 781 in
2416 760 2511 781 sensu

1438 795 1569 826 inferius
1587 794 1603 811 ⁸
1626 796 1870 833 manifestando,
1895 797 2079 837 accipiendo
2103 795 2220 827 scilicet
2243 805 2359 826 aevum
2378 805 2437 836 pro
2462 805 2511 825 ae-

1439 840 1584 871 ternitate
1608 841 1802 881 participata.

1496 884 1547 915 Ad
1566 884 1705 921 tertium,
1725 891 1858 925 negatur
1875 885 2063 916 antecedens
2078 895 2137 926 pro
2157 884 2296 916 secunda
2314 890 2417 925 parte:
2437 883 2513 925 quia

1441 928 1584 969 operatio
1609 929 1712 969 angeli
1735 936 1938 960 mensuratur
1961 939 2047 960 nunc
2065 929 2235 970 temporis,
2260 938 2327 959 non
2351 928 2511 964 continui,

1428 973 1496 1005 ‚sed
1519 972 1656 1003 discreti.

1494 1017 1577 1048 XIII.
1594 1017 1715 1048 Contra
1732 1017 1870 1057 primam
1885 1017 2151 1058 propositionem,
2168 1017 2295 1054 scilicet,
2311 1018 2514 1058 operationes

1441 1062 1554 1103 angeli
1576 1067 1809 1093 mensurantur
1832 1067 1973 1102 tempore
1986 1061 2012 1098 *‚
2038 1061 2141 1101 arguit
2160 1061 2274 1092 Scotus
2297 1061 2426 1093 ibidem.
2451 1061 2514 1092 Sed

1441 1106 1597 1147 quoniam
1620 1113 1807 1146 argumenta
1829 1116 1888 1136 sua
1906 1105 2043 1136 militant
2059 1112 2170 1136 contra
2187 1112 2331 1137 tenentes
2354 1116 2406 1138 eas
2423 1116 2512 1137 men-

1441 1151 1541 1181 surari
1560 1157 1704 1192 tempore
1724 1150 1860 1181 discreto
1876 1150 1967 1191 quod
1985 1150 2025 1180 sit
2043 1149 2164 1190 species
2179 1150 2373 1191 quantitatis,
2388 1157 2419 1183 et
2437 1150 2515 1181 haec

1441 1195 1621 1236 propositio
1645 1205 1711 1226 non
1729 1202 1774 1226 est
1798 1205 1822 1226 s.
1838 1194 1986 1225 Thomae
2010 1192 2181 1236 (quoniam
2204 1195 2291 1245 apud
2310 1204 2370 1225 nos
2385 1202 2514 1236 tempus

1441 1239 1613 1270 discretum
1637 1239 1715 1270 nihil
1739 1239 1825 1270 aliud
1850 1245 1896 1269 est
1919 1248 2018 1289 quarn
2041 1248 2195 1269 numerus
2214 1238 2328 1279 prioris
2352 1245 2383 1270 et
2405 1245 2514 1280 poste-

1441 1283 1533 1315 rioris
1548 1284 1581 1314 in
1597 1291 1689 1315 motu
1706 1284 1859 1322 discreto;
1883 1283 1940 1324 qui
1963 1283 2043 1313 nihil
2066 1283 2154 1313 aliud
2172 1290 2219 1314 est
2241 1293 2340 1324 quam
2356 1283 2514 1314 successio

1442 1328 1636 1369 operationis
1667 1327 1836 1369 spiritualis
1864 1328 1904 1358 ad
1927 1327 2022 1364 aliam
2051 1328 2272 1368 operationem
2299 1327 2513 1379 spiritualem,

1441 1373 1552 1414 quales
1576 1379 1651 1404 sunt
1666 1373 1748 1404 duae
1762 1371 1994 1404 intellectiones
2009 1372 2077 1403 sine
2093 1372 2355 1412 phantasmatum
2369 1371 2514 1408 servium

1442 1427 1595 1448 numerus
1617 1424 1726 1448 autem
1749 1417 1788 1448 de
1811 1416 2068 1457 praedicamento
2084 1417 2288 1454 Quantitatis,
2309 1416 2454 1458 sequitur
2468 1415 2515 1447 di-

1441 1461 1599 1492 visionem
1627 1461 1790 1493 continui:
1825 1467 1953 1502 oportet
1983 1468 2019 1492 ut
2046 1468 2175 1502 ternpus
2202 1461 2265 1492 hoc
2292 1461 2333 1492 sit
2361 1470 2516 1493 numerus

1441 1506 1679 1543 transcendens,
1704 1505 1903 1546 compositus
1927 1515 1964 1536 ex
1987 1505 2162 1537 unitatibus
2186 1505 2482 1538 transcendentibus
2505 1514 2513 1535 ε

1441 1550 1526 1591 quia,
1541 1550 1684 1592 inquam,
1702 1550 1746 1582 sic
1762 1557 1817 1586 est,
1834 1559 1938 1581 unum
1956 1556 2082 1580 tantum
2097 1560 2135 1580 ex
2150 1550 2248 1581 Scoto
2267 1549 2428 1581 motivum
2484 1559 2515 1580 e-

1442 1595 1578 1626 rendum
1602 1595 1720 1631 censui,
1737 1594 1864 1630 scilicet,
1881 1594 1957 1635 quia
1973 1600 2146 1635 ponuntur
2168 1595 2271 1625 multa
2285 1600 2430 1635 tempora
2443 1595 2515 1627 sine

1442 1640 1638 1671 necessitate.
1663 1639 1801 1680 Oportet
1816 1638 1912 1670 etiam
1926 1638 2130 1679 multiplicari
2149 1646 2306 1679 tempora,
2322 1649 2390 1669 non
2405 1638 2516 1671 solum

1442 1683 1475 1714 in
1499 1683 1654 1724 pluribus,
1679 1684 1735 1714 sed
1757 1683 1790 1714 in
1814 1683 1939 1719 eodem,
1959 1690 2104 1724 respectu
2127 1683 2460 1714 actuum'intellectua
2483 1689 2515 1714 et

1441 1728 1624 1765 voluntatis,
1642 1735 1700 1760 etc.
1725 1728 1812 1759 Haec
1831 1734 1939 1758 autem
1954 1727 2102 1758 videntur
2124 1727 2392 1760 inconvenientia.
2415 1727 2514 1769 Ergo.

1496 1773 1580 1804 XIV.
1597 1773 1649 1803 Ad
1667 1772 1730 1803 hoc
1753 1771 1887 1803 breviter
1901 1771 2024 1808 dicitur,
2040 1772 2131 1813 quod
2153 1772 2322 1803 necessitas
2336 1781 2452 1812 magna
2467 1778 2516 1803 est

1442 1816 1676 1857 multiplicandi
1698 1823 1826 1857 tempus
1849 1816 1882 1846 in
1906 1816 2098 1847 continuum
2121 1823 2151 1847 et
2174 1816 2360 1853 discretum,
2385 1822 2517 1858 propter

1443 1861 1620 1902 spirituales
1637 1861 1839 1902 operationes
1855 1860 2103 1892 substantiarum
2117 1860 2350 1901 spiritualium:
2375 1866 2516 1892 carerent

1444 1905 1530 1936 enim
1553 1906 1642 1937 aliter
1665 1904 1916 1946 proportionatis
1938 1904 2106 1936 mensuris.
2132 1905 2206 1936 Illae
2229 1905 2330 1942 enim,
2355 1915 2431 1936 cum
2452 1904 2517 1937 aiut

1443 1950 1626 1981 immediate
1645 1949 1704 1980 sibi
1723 1949 1860 1980 invicem
1882 1949 2096 1985 succedentes,
2120 1956 2151 1980 et
2173 1949 2391 1981 instantaneae
2405 1959 2516 1982 sectan-

1445 1995 1525 2026 dum
1543 2004 1586 2031 se,
1611 1994 1687 2036 quia
1701 1993 1860 2035 quaelibet
1883 2000 1930 2025 est
1952 2000 2020 2024 tota
2042 1993 2149 2030 simul,
2165 1993 2327 2026 elevantur
2349 1993 2516 2027 manifeste

1445 2049 1541 2080 supra
1563 2046 1692 2080 tempus
1715 2038 1907 2070 continuum
1930 2044 1961 2069 et
1983 2037 2051 2069 eius
2074 2037 2235 2069 instantia:
2259 2038 2300 2069 ad
2322 2038 2391 2069 aevi
2407 2045 2516 2070 autem

1444 2083 1660 2115 excellentiam
1683 2093 1750 2114 non
1774 2082 1932 2123 attingunt
1945 2106 1952 2118 ,
1986 2082 2063 2124 quia
2089 2082 2309 2123 corruptibiles
2333 2082 2518 2115 natur-um

1445 2135 1529 2160 sunt.
1554 2127 1691 2168 Oportet
1706 2137 1781 2167 crgo
1798 2134 1834 2158 ut
1849 2126 1917 2157 sine
1940 2127 2069 2168 propria
2086 2136 2237 2158 mensura
2251 2133 2437 2159 remaneant
2449 2134 2517 2159 tam

1445 2172 1566 2204 nobilia
1588 2172 1688 2208 entia;
1712 2179 1767 2203 aut
1790 2178 1918 2212 tempus
1941 2171 2113 2202 discretum
2136 2181 2266 2212 ponere,
2283 2171 2375 2203 cuius
2397 2172 2517 2204 instam-

1444 2217 1529 2248 tibus
1549 2215 1751 2256 operationes
1774 2215 1860 2256 ipsae
1877 2215 1910 2246 in
1926 2225 1959 2246 se
1974 2222 2208 2247 mensurentur.
2233 2216 2321 2248 Haec
2337 2215 2424 2247 enim
2441 2222 2517 2248 sunt

1445 2261 1513 2302 ipse
1529 2267 1638 2291 motus
1649 2259 1819 2301 spiritualis
1834 2259 2032 2300 angelorum,
2046 2259 2136 2291 cuius
2152 2269 2306 2291 numerus
2322 2267 2369 2292 est
2387 2267 2517 2302 tempus

1446 2315 1502 2346 per
1530 2305 1620 2346 quod
1648 2304 1722 2336 dicit
1751 2304 1950 2344 Augustinus
1972 2303 1990 2323 ’⁸‘
2017 2314 2146 2336 movere
2174 2304 2280 2335 Deum
2313 2305 2515 2346 spiritualem

1445 2355 1641 2382 creaturam.

1451 2390 1454 2394 ’
1501 2393 1725 2434 Multiplicatio
1754 2400 1862 2424 autem
1891 2393 2045 2434 temporis
2071 2393 2196 2425 discreti
2223 2394 2255 2424 in
2286 2394 2432 2434 pluribus
2460 2403 2517 2425 an-

1445 2439 1523 2480 gelis
1546 2445 1602 2470 aut
1623 2438 1656 2468 in
1680 2438 1811 2474 eodem,
1835 2437 1954 2469 iudicio
1978 2447 2068 2488 meo,
2092 2447 2160 2469 non
2184 2445 2231 2470 est
2257 2438 2433 2470 necessaria
2454 2438 2516 2470 nisi

1447 2482 1662 2514 materialiter:
1683 2482 1960 2524 quemadmodum
1976 2474 2072 2513 etiam
2085 2489 2214 2524 tempus
2230 2483 2431 2520 continuum,
2448 2492 2516 2524 quo

1447 2534 1556 2559 nostra
1578 2533 1811 2563 mensurantur,
1832 2526 2033 2558 materialiter
2055 2526 2285 2578 multiplicatur
2307 2527 2340 2558 in
2364 2527 2517 2559 omnibus

1447 2571 1620 2604 mobilibus
1633 2595 1640 2608 ,
1673 2578 1704 2603 et
1732 2581 1847 2602 aevum
1877 2571 1909 2602 in
1933 2571 2084 2602 omnibus
2113 2571 2288 2603 aeviternis.
2309 2571 2517 2604 Consonum

1446 2626 1586 2658 namque
1609 2615 1724 2647 rationi
1739 2615 1864 2647 videtur
1878 2622 1923 2652 ut,
1941 2615 2022 2647 sicut
2045 2615 2155 2647 omnia
2169 2615 2327 2647 aeviterna
2350 2616 2517 2658 simplicis·

1446 2661 1529 2693 simo
1549 2670 1628 2691 aevo
1647 2667 1880 2697 mensurantur,
1898 2660 1988 2702 quod
2007 2661 2115 2692 solum
2131 2667 2178 2692 est
2193 2670 2310 2692 aevum
2325 2660 2516 2698 formaliter;

1446 2706 1490 2737 ita
1505 2705 1611 2737 omnis
1627 2705 1771 2745 operatio
1787 2704 1974 2736 huiusmodi
1989 2705 2224 2746 simplicissima
2246 2705 2442 2746 operatione,
2459 2715 2517 2737 seu

1446 2749 1682 2791 simplicissimo
1707 2759 1793 2780 nunc
1822 2749 1907 2780 illius
1937 2756 2156 2786 mensuretur;
2181 2757 2213 2781 et
2239 2749 2383 2782 similiter
2411 2749 2518 2781 omnis

1446 2794 1604 2826 successio
1620 2793 1854 2844 operationum,
1870 2793 2102 2834 simplicissima
2121 2794 2332 2826 successione.
2356 2794 2445 2826 Talis
2457 2803 2516 2826 au-

1446 2846 1512 2870 tem
1535 2838 1678 2879 operatio
1702 2844 1733 2869 et
1756 2838 1913 2869 successio
1942 2845 1988 2870 est
2016 2848 2052 2869 ea
2075 2848 2157 2880 quae
2179 2838 2214 2869 in
2236 2838 2342 2879 primo
2365 2844 2516 2879 operante

1446 2883 1663 2928 temporaliter
1685 2882 1859 2913 invenitur:
1888 2893 1987 2923 quem
2009 2890 2133 2914 constat
2155 2892 2222 2914 esse
2250 2891 2438 2933 supremum
2462 2892 2516 2913 an·

1446 2928 1565 2968 gelum,
1581 2927 1615 2958 in
1634 2936 1711 2968 que,
1727 2933 1765 2958 ut
1779 2926 1901 2958 dicetur
1914 2926 1941 2963 ⁸²,
1967 2934 2013 2958 est
2027 2927 2124 2958 etiam
2139 2936 2265 2958 aevum.
2289 2927 2330 2958 Et
2345 2927 2421 2968 quia
2438 2936 2516 2968 ope-
2542 2930 2554 2942 ⁹

1446 2972 1584 3003 rationes
1607 2971 1785 3003 intellectus
1809 2978 1883 3002 sunt
1906 2972 2088 3003 naturaliter
2110 2971 2231 3012 priores
2254 2977 2286 3002 et
2308 2970 2517 3012 simpliciores

1446 3015 1686 3057 operationibus
1700 3015 1884 3052 voluntatis,
1900 3015 1958 3047 erit
1978 3026 2081 3047 unum
2097 3022 2226 3056 tempus
2241 3015 2391 3047 omnium
2406 3015 2517 3047 huius-

1446 3060 1536 3091 modi
1552 3059 1794 3100 temporalium;
1820 3060 1909 3100 quod
1932 3067 1979 3091 est
2000 3060 2107 3101 primo
2122 3069 2272 3091 mensura
2291 3060 2517 3100 operationum

1446 3104 1686 3136 succedentium
1706 3103 1741 3135 in
1755 3104 1917 3135 intellectu
1941 3104 2035 3145 primi
2057 3103 2171 3145 angeli,
2195 3110 2226 3136 et
2248 3114 2285 3135 ex
2309 3104 2517 3146 consequenti

1446 3155 1477 3180 et
1492 3148 1662 3180 extrinsece
1685 3158 1834 3180 mensura
1857 3155 2032 3180 ceterarum
2055 3148 2280 3190 operationum
2295 3155 2361 3180 tam
2384 3159 2517 3180 auarum

1445 3203 1544 3235 quam
1567 3193 1706 3224 aliorum
1728 3193 1952 3234 spiritualium.
1987 3193 2073 3225 Cum
2103 3192 2153 3224 his
2176 3199 2303 3229 tamen,
2335 3200 2371 3224 ut
2394 3193 2516 3225 dictum

1446 3244 1509 3274 est,
1539 3244 1600 3268 stat
1621 3237 1712 3278 quod
1734 3237 1825 3278 quasi
1848 3237 2050 3269 materialiter
2071 3237 2301 3278 multiplicetur
2328 3237 2516 3270 huiusmodi

1445 3288 1583 3322 tempus,
1599 3281 1686 3313 iuxta
1706 3291 1879 3312 numerum
1902 3288 2160 3313 mensuratorum
2184 3291 2338 3323 operum:
2363 3292 2402 3313 eo
2425 3282 2516 3324 quod

1446 3336 1549 3357 unum
1573 3332 1603 3357 et
1626 3326 1745 3363 multa,
1779 3336 1862 3367 quae
1891 3332 2132 3367 consequuntur
2155 3336 2210 3357 ens
2224 3350 2231 3363 ,
2265 3326 2516 3367 multiplicantur

1446 3380 1520 3401 cum
1539 3371 1632 3401 rebus
1651 3370 1738 3411 ipsis.
1762 3370 1835 3401 Dixi
1854 3377 1962 3402 autem
1985 3371 2078 3411 quasi
2101 3371 2331 3402 materialiter:
2354 3370 2429 3412 quia
2448 3379 2514 3401 non

1445 3421 1572 3455 oportet
1586 3415 1676 3456 quod
1692 3414 1827 3445 omnino
1843 3414 1979 3446 univoce
1995 3414 2132 3445 salvetur
2148 3415 2314 3456 proportio
2331 3421 2515 3456 temporum

1445 3466 1629 3490 nostrorum
1653 3459 1693 3490 ad
1715 3466 1843 3499 tempus
1867 3458 1958 3490 cuius
1981 3459 2161 3490 subiectum
2185 3466 2232 3491 est
2254 3459 2376 3500 primus
2395 3465 2513 3495 motus,

1445 3509 1476 3533 et
1498 3503 1664 3543 proportio
1688 3502 1807 3533 horum
1830 3509 2014 3543 temporum
2033 3504 2072 3534 ad
2092 3503 2364 3545 simplicissimum
2386 3510 2514 3544 tempus

1445 3556 1573 3583 eorum;
1597 3547 1652 3578 sed
1676 3553 1723 3578 sat
1744 3554 1791 3578 est
1814 3547 1840 3577 si
1863 3554 1909 3578 est
1932 3549 2024 3588 quasi
2047 3548 2128 3580 talis.

1498 3591 1567 3622 XV.
1581 3590 1701 3622 Contra
1717 3591 1841 3622 tertiam
1854 3601 1930 3622 vero
1947 3592 2211 3633 propositionem,
2227 3592 2353 3628 scilicet,
2369 3593 2514 3632 operatio

1445 3635 1536 3666 beata
1554 3640 1763 3666 mensuratur
1778 3637 1968 3667 aeternitate
1985 3638 2183 3678 participata
2198 3637 2225 3674 ⁴³,
2250 3636 2352 3677 arguit
2374 3635 2460 3667 idem
2480 3636 2513 3667 in

2562 448 2598 470 Cf.
2609 454 2672 470 num.
2682 455 2714 471 rx.

2538 666 2549 677 ·
2563 666 2635 688 Num.
2645 672 2668 694 x,
2683 672 2715 688 ιι.

2541 801 2548 810 ·
2564 799 2636 822 Num.
2646 805 2685 821 xvi
2699 805 2752 828 sqq.

2539 1066 2550 1077 ⁸
2566 1065 2602 1088 Cf.
2618 1071 2682 1088 num.
2692 1070 2743 1088 vm.

2544 2307 2554 2317 ·
2567 2305 2626 2328 Loc.
2640 2306 2682 2328 eit.
2697 2307 2721 2329 ln
2735 2313 2744 2329 ι

2543 2338 2591 2361 arg.
2605 2333 2706 2356 anic-iu.

2540 3643 2551 3655 ⁸
2566 3642 2602 3666 Cr.
2617 3647 2760 3666 nam-vna>
