2768 4178
35 2245 89 2269 etp.
102 2246 141 2268 xv,
156 2246 180 2262 n.
190 2239 214 2263 8.

963 230 1231 277 QUAESTIO
1259 230 1365 277 XIII,
1395 230 1693 267 ARTICULUS
1721 232 1790 268 Vll

2402 237 2471 273 153

282 305 436 344 rationis
452 305 464 327 ⁰
483 314 643 355 tantum,
674 315 805 358 utpote
826 320 914 345 cum
935 308 1095 345 dicimus
1115 309 1212 345 idem
1232 308 1351 345 eidem
1395 309 1524 357 filius,
1555 318 1592 347 et
1619 311 1861 348 huiusmodi:
1892 319 1927 348 et
1950 318 1962 331 ¹'
1988 313 2084 349 haec
2117 313 2293 351 dicuntur
2322 315 2474 352 relativa

282 359 392 396 idem.
422 361 527 397 Nam
548 362 761 398 secundum
783 361 889 410 quod
909 361 1002 398 ratio
1024 361 1276 411 apprehendit
1294 361 1352 398 bis
1404 363 1610 400 secundum
1639 375 1728 400 esse.
1759 364 1961 410 Quaedam
1988 378 2082 402 vero
2108 374 2195 404 sunt
2221 367 2397 416 imposita
2425 368 2474 405 ad

281 412 438 461 aliquod
465 426 600 462 unum,
630 415 757 452 statuit
783 414 875 451 illud
894 421 935 451 ut
960 414 1059 460 duo;
1090 422 1126 451 et
1144 414 1198 451 sic
1217 427 1352 463 appre-
1406 415 1674 464 significandas
1694 429 1753 453 res
1774 429 1869 466 quas
1889 427 2174 467 consequuntur
2191 421 2382 470 quaedam
2407 422 2473 458 ha-

279 466 413 504 hendit
432 468 627 516 quandam
654 467 920 505 habitudinem
944 467 1063 516 ipsius
1091 468 1141 504 ad
1169 467 1349 517 seipsum.
1407 469 1595 507 bitudines
1614 470 1645 518 *,
1675 470 1772 507 sicut
1797 482 1952 507 movens
1981 479 2017 508 et
2044 479 2199 519 motum,
2220 480 2334 522 caput
2351 482 2387 511 et
2410 487 2473 511 ca-

281 520 331 557 Et
367 520 535 558 similiter
571 528 628 558 est
665 521 712 558 de
750 520 931 558 omnibus
969 521 1215 560 relationibus
1252 534 1351 570 quae
1400 523 1574 570 pitatum‚
1597 531 1633 560 et
1651 523 1723 560 alia
1742 523 1980 560 huiusmodi:
2006 537 2103 572 quae
2124 526 2299 564 dicuntur
2317 528 2473 565 relativa

281 581 369 611 sunt
402 573 499 611 inter
532 586 599 611 ens
629 581 665 611 et
701 586 781 611 non
819 586 906 619 ens:
937 586 1032 622 quas
1066 575 1205 611 format
1239 575 1350 623 ratio,

280 626 506 677 inquantum
533 627 788 676 apprehendit
815 639 894 664 non
923 640 991 664 ens
1010 635 1052 664 ut
1070 628 1268 676 quoddam
1290 640 1351 665 ex-

280 688 460 718 tremum.
499 681 548 717 Et
579 680 685 717 idem
719 688 775 717 est
809 680 857 717 de
895 681 1073 718 omnibus
1106 681 1350 719 relationibus

281 746 380 783 quae
410 740 697 782 consequuntur
734 740 862 770 actum
896 734 1068 783 rationis,
1098 742 1139 772 ut
1166 747 1286 783 genus
1316 743 1352 772 et

281 786 438 836 species,
470 794 506 823 et
533 786 766 824 huiusmodi.

335 839 539 888 Quaedam
576 852 671 876 vero
706 840 907 878 relationes
944 849 1050 889 sunt,
1080 849 1268 890 quantum
1301 842 1351 879 ad

279 900 487 942 utrumque
508 900 734 941 extremum,
752 906 812 930 res
831 901 1005 932 naturae:
1033 895 1190 943 quando
1211 895 1352 933 scilicet

281 954 337 984 est
364 946 548 984 habitudo
578 946 674 984 inter
701 947 828 996 aliqua
847 947 924 985 duo
944 955 952 968 ⁴
976 949 1188 986 secundum
1209 949 1351 997 aliquid

280 999 430 1037 realiter
458 1000 692 1038 conveniens
720 1001 881 1050 utrique.
914 1001 1019 1038 Sicut
1037 1009 1140 1051 patet
1159 1002 1206 1039 de
1227 1002 1351 1039 omni—

280 1054 353 1091 bus
381 1053 626 1091 relationibus
652 1067 750 1103 quae
773 1063 1059 1103 consequuntur
1087 1055 1349 1103 quantitatem,

279 1115 322 1145 ut
349 1119 533 1156 magnum
565 1115 600 1144 et
627 1120 804 1156 parvum,
836 1108 997 1157 duplum
1017 1117 1053 1146 et
1082 1108 1294 1156 dimidium,
1316 1117 1352 1145 et

278 1161 524 1198 huiusmodi:
554 1173 645 1198 nam
675 1161 865 1210 quantitas
894 1169 949 1198 est
977 1162 1015 1198 in
1043 1168 1207 1210 utroque
1232 1169 1351 1198 extre-

279 1227 447 1254 morum.
477 1215 528 1252 Et
546 1214 668 1251 simile
698 1222 754 1251 est
781 1215 829 1252 de
858 1214 1105 1251 relationibus
1134 1227 1234 1263 quae
1261 1227 1351 1252 con-

256 1271 261 1272 ’
280 1268 494 1317 sequuntur
522 1268 713 1305 actionem
735 1275 771 1305 et
788 1268 1022 1317 passionem,
1042 1275 1085 1304 ut
1102 1267 1295 1305 motivum
1316 1275 1353 1305 et

279 1322 434 1370 mobile,
464 1329 573 1371 pater
601 1328 636 1358 et
663 1321 776 1368 filius,
807 1328 843 1357 et
871 1320 1018 1358 similia.

334 1375 580 1423 Quandoque
612 1386 707 1411 vero
741 1373 873 1411 relatio
906 1373 945 1411 in
977 1386 1056 1411 uno
1091 1381 1350 1412 extremorum

280 1436 336 1466 est
364 1441 424 1466 res
452 1435 621 1475 naturae,
652 1435 690 1464 et
716 1427 755 1464 in
785 1428 901 1464 altero
932 1435 989 1464 est
1012 1439 1072 1464 res
1098 1427 1250 1464 rationis
1269 1435 1351 1465 tan-

277 1489 372 1519 tum.
393 1482 444 1518 Et
461 1482 536 1518 hoc
551 1480 731 1529 contingit
745 1480 1071 1530 quandocumque
1087 1481 1165 1518 duo
1181 1488 1351 1518 extrema

278 1547 358 1572 non
386 1542 473 1572 sunt
499 1534 612 1572 unius
645 1534 798 1572 ordinis.
829 1533 934 1571 Sicut
967 1547 1101 1572 sensus
1130 1542 1166 1571 et
1195 1534 1350 1572 scientia

278 1588 493 1626 referuntur
520 1588 571 1625 ad
599 1587 776 1625 sensibile
806 1595 843 1625 et
871 1587 1019 1635 scibile,
1048 1600 1149 1637 quae
1178 1588 1349 1637 quidem,

277 1641 506 1692 inquantum
533 1649 622 1679 sunt
641 1654 702 1679 res
722 1642 914 1691 quaedam
933 1641 972 1678 in
992 1653 1075 1678 esse
1095 1641 1255 1678 naturali
1275 1641 1349 1678 exi-

278 1703 431 1744 stentes,
461 1702 549 1733 sunt
577 1702 681 1732 extra
710 1695 885 1732 ordinem
916 1707 1000 1732 esse
1029 1695 1216 1732 sensibilis
1241 1702 1277 1732 et
1295 1695 1350 1732 in-

277 1748 496 1798 telligibilis:
531 1756 568 1786 et
595 1748 684 1786 ideo
712 1748 751 1786 in
779 1748 935 1786 scientia
973 1748 1131 1797 quidem
1166 1756 1202 1785 et
1234 1760 1348 1786 sensu

279 1809 336 1840 est
363 1802 494 1840 relatio
522 1802 645 1850 realis,
675 1802 888 1840 secundum
917 1802 1022 1851 quod
1047 1801 1271 1839 ordinantur
1299 1802 1349 1840 ad

277 1855 477 1894 sciendum
512 1856 574 1893 vel
604 1855 846 1893 sentiendum
876 1868 957 1902 res;
987 1857 1055 1894 sed
1083 1868 1143 1893 res
1176 1855 1281 1905 ipsae
1310 1855 1349 1893 in

277 1923 320 1948 se
353 1909 632 1957 consideratae,
661 1917 749 1947 sunt
777 1917 881 1946 extra
909 1909 1085 1946 ordinem
1112 1909 1347 1947 huiusmodi.

278 1963 390 2001 Unde
410 1963 449 2000 in
468 1963 522 2000 eis
541 1975 621 2000 non
637 1970 693 2000 est
707 1963 833 2012 aliqua
852 1962 984 2000 relatio
1000 1963 1150 2000 realiter
1164 1964 1213 2001 ad
1228 1963 1348 2000 scien-

277 2016 369 2054 tiam
397 2024 435 2054 et
453 2028 627 2063 sensum;
657 2016 724 2054 secl
745 2016 958 2054 secundum
977 2016 1166 2054 rationem
1186 2024 1347 2065 tantum,

278 2070 506 2120 inquantum
530 2069 741 2107 intellectus
767 2069 1021 2119 apprehendit
1039 2083 1086 2108 ea
1103 2078 1146 2107 ut
1164 2070 1349 2108 terminos

278 2124 507 2162 relationum
527 2123 705 2161 scientiae
726 2131 762 2161 et
781 2136 927 2161 sensus.
957 2123 1070 2161 Unde
1090 2124 1349 2174 Philosophus

279 2177 378 2226 dicit,
399 2177 438 2215 in
456 2178 492 2214 V
509 2177 727 2226 Metaphys.
748 2177 780 2224 ²¹⁸,
809 2176 917 2227 quod
941 2189 1021 2214 non
1049 2177 1227 2215 dicuntur
1255 2179 1350 2216 rela-

276 2231 353 2270 tive
382 2243 429 2268 eo
458 2230 564 2280 quod
591 2230 674 2281 ipsa
703 2231 911 2268 referantur
939 2230 988 2268 ad
1017 2230 1089 2268 alia
1108 2237 1132 2277 ¹,
1163 2232 1230 2269 sed
1260 2232 1349 2281 quia

277 2285 349 2322 alia
377 2285 590 2322 referuntur
613 2284 662 2321 ad
690 2284 784 2334 ipsa.
815 2285 864 2321 Et
883 2283 1055 2321 similiter
1073 2285 1248 2322 dextrum
1269 2299 1348 2323 non

278 2338 412 2376 dicitur
440 2338 488 2376 de
517 2338 708 2386 columna,
738 2337 808 2375 nisi
837 2337 1064 2387 inquantum
1093 2338 1247 2387 ponitur
1271 2339 1349 2376 ani-

277 2392 369 2430 mali
397 2391 446 2429 ad
479 2391 672 2430 dextram:
706 2391 810 2429 unde
839 2390 1062 2428 huiusmodi
1100 2392 1230 2429 relatio
1269 2405 1348 2430 non

277 2453 334 2484 est
361 2445 510 2483 realiter
536 2445 575 2482 in
604 2446 796 2493 columna,
827 2445 896 2482 sed
923 2444 962 2481 in
991 2444 1156 2482 animali.

331 2499 432 2536 Cum
453 2498 564 2547 igitur
582 2500 688 2535 Deus
708 2498 754 2535 sit
774 2506 878 2535 extra
900 2505 1024 2535 totum
1045 2498 1220 2536 ordinem
1246 2512 1348 2537 crea-

275 2561 394 2600 turae,
425 2559 461 2589 et
489 2564 623 2589 omnes
652 2559 847 2589 creaturae
881 2551 1103 2589 ordinentur
1130 2553 1177 2590 ad
1206 2552 1346 2602 ipsum,

277 2613 315 2643 et
333 2618 413 2643 non
429 2618 449 2642 e
465 2617 667 2651 converso,
687 2605 933 2642 manifestum
952 2613 1008 2642 est
1027 2605 1132 2654 quod
1153 2614 1348 2644 creaturae

278 2659 425 2697 realiter
443 2657 456 2679 ²
483 2658 697 2696 referuntur
716 2658 765 2696 ad
784 2658 910 2707 ipsum
935 2659 1086 2706 Deum;
1114 2660 1183 2697 sed
1203 2660 1241 2697 in
1261 2661 1346 2697 Deo

277 2724 357 2750 non
386 2719 442 2749 est
460 2711 589 2760 aliqua
616 2712 725 2749 realis
740 2718 758 2738 μ
778 2711 908 2749 relatio
930 2712 1008 2749 eius
1029 2712 1079 2750 ad
1105 2721 1295 2750 creaturas
1314 2714 1345 2761 ²⁸,

278 2766 346 2804 sed
371 2765 584 2803 secundum
603 2765 791 2802 rationem
810 2773 968 2813 tantum,
997 2766 1225 2816 inquantum
1247 2780 1349 2804 crea-

276 2827 385 2857 turae
417 2819 631 2856 referuntur
662 2819 713 2856 ad
749 2818 888 2868 ipsum.
927 2820 976 2856 Et
1009 2820 1062 2857 sic
1096 2820 1187 2857 nihil
1220 2820 1348 2869 prohi-

276 2873 342 2910 bet
359 2872 582 2910 huiusmodi
601 2872 761 2910 nomina
779 2872 1024 2922 importantia
1052 2873 1276 2910 relationem
1298 2873 1347 2910 ad

278 2934 502 2973 creaturam,
531 2926 744 2975 praedicari
774 2926 822 2963 de
850 2927 936 2964 Deo
967 2939 1012 2964 ex
1040 2935 1237 2976 tempore:
1268 2939 1347 2964 non

276 2987 433 3029 propter
460 2980 627 3028 aliquam
655 2979 907 3017 mutationem
936 2980 1064 3030 ipsius,
1095 2981 1162 3018 sed
1191 2987 1348 3029 propter

279 3040 472 3069 creaturae
500 3034 772 3079 mutationem3
803 3033 898 3071 sicut
927 3034 1107 3071 columna
1130 3035 1173 3071 fit
1192 3034 1347 3070 dextera

279 3084 453 3132 animali,
482 3087 585 3124 nulla
621 3087 831 3125 mutatione
862 3087 961 3125 circa
988 3087 1112 3136 ipsam
1143 3087 1344 3134 existente,

280 3138 348 3176 sed
377 3138 532 3176 animali
559 3141 752 3178 translato.

333 3194 392 3228 An
421 3204 558 3230 prunum
581 3206 679 3231 ERGO
700 3206 884 3231 DICENDUM
913 3194 1019 3243 quod
1052 3194 1208 3231 relativa
1231 3206 1348 3242 quae-

280 3245 370 3283 dam
399 3253 486 3282 sunt
512 3245 690 3295 imposita
718 3248 767 3285 ad
795 3247 1087 3296 significandum
1116 3247 1217 3296 ipsas
1241 3246 1347 3283 habi-

279 3299 429 3336 tudines
466 3296 661 3348 rel'ativas,
699 3308 741 3338 ut
768 3300 962 3348 dominus,
997 3312 1147 3347 servus,
1172 3306 1285 3349 pater
1313 3307 1348 3336 et

331 3429 355 3463 θ)
376 3430 497 3455 rationis.
519 3443 533 3448 -
553 3437 570 3454 a
584 3434 666 3461 parte
684 3432 798 3458 rationis
817 3434 846 3457 B.

333 3467 351 3499 ι)
371 3466 442 3491 inter
459 3465 550 3498 aliqua
569 3465 632 3491 duo.
644 3479 664 3485 -
681 3466 743 3492 Om.
756 3468 786 3492 B.

333 3502 358 3534 κ)
378 3502 415 3526 ad
433 3501 496 3526 alia.
513 3514 533 3520 -
551 3500 612 3525 Om.
632 3501 734 3526 codices
753 3507 779 3527 et
795 3503 844 3528 ab.

331 3536 359 3569 λ)
380 3537 498 3562 realiter.
509 3550 529 3555 —
547 3536 608 3561 Om.
628 3536 738 3562 codices.
756 3551 775 3556 -
792 3537 872 3563 Iidem
891 3546 945 3564 om.
965 3539 1060 3572 ipsum.

333 3574 361 3641 μ.))
381 3572 506 3634 Ἰεαιίςὸκ
525 3571 726 3632 regBssCEGlpF,
745 3570 780 3597 ἧς
798 3573 956 3634 εάᾸέὲὸἕ).
975 3575 1033 3600 DsF
1053 3579 1079 3599 et
1097 3574 1138 3599 ed.
1151 3574 1176 3599 b.

332 3617 344 3633 ν
376 3615 447 3633 e.-
491 3615 526 3632 m.
615 3620 655 3632 .—
690 3614 808 3632 aecom.
941 3626 949 3634 .

422 3663 531 3687 Summe
550 3662 652 3686 Tuam..
673 3661 703 3686 D.
722 3660 836 3686 Tnomn
854 3661 887 3687 T.
906 3662 923 3686 1.

1405 577 1610 613 secundum
1640 577 1724 614 dici.
1755 576 1817 614 Sic
1845 576 1957 625 igitur
1985 586 2021 614 et
2041 578 2138 615 circa
2167 581 2323 617 nomina
2344 580 2472 618 divina

1406 629 1501 666 haec
1535 630 1747 667 differentia
1775 637 1831 667 est
1860 630 2135 668 consideranda
2164 631 2187 669 ξ.
2219 634 2321 670 Nam
2357 646 2472 682 quae-

1407 682 1496 719 dam
1517 683 1729 731 significant
1756 683 1879 732 ipsam
1897 684 2160 722 habitudinem
2180 686 2228 723 ad
2250 695 2471 734 creaturam,

1405 743 1447 772 ut
1474 737 1674 774 Dominus.
1704 738 1754 773 Et
1781 737 2001 774 huiusmodi
2028 744 2134 775 n0n⁰
2154 738 2365 787 significant
2383 741 2472 777 sub-

1406 789 1582 827 stantiam
1610 790 1781 827 divinam
1812 790 1969 837 directe,
1999 791 2066 828 sed
2094 791 2286 839 indirecte,
2315 793 2473 841 inquan-

1404 850 1487 880 tum
1506 850 1824 893 praesupponunt
1846 843 1987 892 ipsam:
2017 844 2112 880 sicut
2131 845 2346 882 dominium
2365 859 2473 894 prae-

1405 897 1586 945 supponit
1617 903 1859 946 potestatem,
1885 909 1983 945 quae
2013 905 2068 934 est
2097 897 2225 935 divina
2253 899 2472 936 substantia.

1406 949 1610 996 Quaedam
1638 962 1732 987 vero
1769 949 1982 998 significant
2017 950 2157 988 directe
2187 952 2387 988 essentiam
2418 952 2472 989 di-

1404 1002 1549 1050 vinam,
1571 1010 1607 1040 et
1627 1015 1672 1040 ex
1702 1003 1950 1052 consequenti
1970 1003 2176 1052 important
2195 1005 2471 1052 habitudinem;

1406 1055 1502 1092 sicut
1529 1056 1716 1103 Salvator,
1752 1057 1921 1102 Creator,
1943 1064 1979 1093 et
1998 1057 2232 1103 huiusmodi,
2261 1058 2473 1106 significant

1406 1109 1597 1146 actionem
1626 1109 1711 1157 Dei,
1741 1122 1839 1158 quae
1870 1117 1925 1146 est
1953 1109 2032 1147 eius
2062 1111 2224 1147 essentia
2244 1117 2274 1148 π.
2305 1112 2472 1160 Utraque

1405 1169 1535 1198 tamen
1555 1163 1713 1199 nomina
1733 1175 1778 1199 ex
1797 1171 1971 1211 tempore
1990 1164 2036 1200 de
2053 1165 2137 1200 Deo
2159 1164 2335 1201 dicuntur
2354 1177 2472 1214 quan-

1405 1222 1487 1251 tum
1517 1215 1566 1251 ad
1594 1216 1856 1253 habitudinem
1884 1228 1999 1264 quam
2030 1216 2252 1265 important,
2280 1219 2342 1254 vel
2371 1218 2472 1266 prin-

1407 1267 1575 1316 cipaliter
1601 1269 1664 1305 vel
1694 1276 1992 1317 consequenter:
2022 1281 2101 1306 non
2129 1277 2257 1306 autem
2286 1278 2472 1318 quantum

1406 1321 1455 1357 ad
1481 1322 1556 1357 hoc
1576 1321 1683 1368 quod
1702 1321 1914 1369 significant
1934 1322 2150 1370 essentiam,
2170 1324 2232 1359 vel
2253 1323 2391 1360 directe
2410 1324 2472 1361 vel

1406 1373 1599 1411 indirecte.

1459 1429 1518 1464 Ao
1547 1439 1738 1464 SECUNDUM
1767 1439 1951 1465 DICENDUM
1984 1428 2110 1475 quod,
2147 1428 2242 1465 sicut
2275 1428 2473 1466 relationes

1406 1493 1504 1530 quae
1534 1481 1581 1518 de
1610 1482 1696 1517 Deo
1727 1481 1902 1518 dicuntur
1931 1493 1976 1517 ex
2004 1488 2190 1530 tempore,
2221 1494 2298 1518 non
2327 1490 2414 1519 sunt
2435 1482 2473 1519 in

1405 1535 1490 1570 Deo
1526 1533 1598 1570 nisi
1627 1533 1840 1570 secundum
1875 1533 2076 1581 rationem,
2106 1534 2157 1571 ita
2185 1547 2256 1571 nec
2284 1535 2367 1572 fieri
2401 1548 2472 1572 nec

1405 1587 1546 1624 factum
1576 1599 1660 1624 esse
1679 1587 1814 1625 dicitur
1834 1587 1879 1624 de
1900 1588 1998 1635 Deo,
2028 1587 2096 1623 nisi
2125 1588 2337 1625 secundum
2362 1588 2473 1625 ratio-

1405 1653 1496 1677 nem
1511 1646 1537 1687 Ρ,
1559 1641 1661 1677 nulla
1680 1640 1891 1678 mutatione
1907 1640 2005 1677 circa
2019 1640 2146 1689 ipsum
2163 1641 2357 1678 existente:
2379 1641 2474 1679 sicut

1405 1702 1461 1731 est
1489 1694 1540 1741 id,
1570 1694 1736 1731 Domine
1763 1695 1956 1744 refugium
1974 1695 2107 1742 factus
2135 1706 2173 1730 es
2201 1695 2306 1731 nobis
2320 1694 2351 1732 ³³.

1457 1748 1517 1784 An
1536 1759 1696 1784 TERTIUM
1722 1759 1906 1784 mei-:Noun
1935 1747 2041 1796 quod
2066 1747 2236 1796 operatio
2265 1748 2473 1786 intellectus

1405 1807 1442 1838 et
1467 1800 1674 1838 voluntatis
1711 1807 1766 1837 est
1799 1800 1837 1837 in
1872 1808 2076 1850 operante:
2116 1808 2152 1837 et
2188 1800 2276 1838 ideo
2315 1802 2473 1840 nomina

1404 1867 1503 1904 quae
1533 1854 1748 1902 significant
1766 1854 1967 1891 relationes
1988 1862 2264 1903 consequentes
2283 1855 2472 1893 actionem

1403 1908 1613 1945 intellectus
1641 1909 1703 1945 vel
1726 1907 1945 1955 voluntatis,
1976 1907 2151 1944 dicuntur
2164 1907 2218 1945 :de
2237 1909 2322 1945 Deo
2343 1909 2391 1946 ab
2412 1922 2472 1946 ae-

1403 1969 1524 1999 terno.
1556 1962 1666 2009 Quae
1694 1973 1790 1998 vero
1820 1968 2107 2009 consequuntur
2140 1961 2308 1998 actiones
2340 1975 2473 2011 proce-

1405 2015 1550 2063 dentes,
1580 2015 1792 2053 secundum
1821 2015 1985 2052 modum
2014 2014 2255 2063 intelligendi,
2290 2016 2338 2052 ad
2372 2023 2471 2052 exte-

1405 2069 1523 2106 riores
1552 2069 1721 2116 effectus‚
1752 2068 1929 2106 dicuntur
1956 2068 2003 2105 de
2031 2069 2117 2105 Deo
2147 2080 2192 2105 ex
2219 2076 2406 2118 tempore,
2431 2077 2473 2106 ut

1405 2122 1592 2168 Salvator,
1627 2123 1798 2169 Creator,
1829 2130 1865 2159 et
1892 2121 2127 2159 huiusmodi.

1458 2178 1517 2213 An
1547 2188 1721 2219 QUARTUM
1749 2187 1935 2212 DICENDUM
1964 2175 2070 2224 quod
2098 2174 2300 2212 relationes
2332 2175 2472 2223 signifi-

1406 2237 1510 2267 catae
1538 2242 1609 2279 per
1636 2229 1858 2266 huiusmodi
1894 2228 2052 2265 nomina
2086 2240 2184 2277 quae
2220 2228 2397 2265 dicuntur
2425 2230 2472 2266 de

1404 2285 1491 2320 Deo
1512 2295 1557 2320 ex
1575 2291 1763 2332 tempore,
1785 2289 1873 2319 sunt
1891 2282 1930 2319 in
1946 2283 2030 2319 Deo
2052 2281 2265 2319 secundum
2286 2282 2472 2319 rationem

1404 2344 1573 2374 tantum:
1604 2336 1801 2386 oppositae
1836 2343 1966 2372 autem
1999 2335 2199 2372 relationes
2227 2335 2266 2372 in
2296 2335 2472 2373 creaturis

1404 2398 1491 2428 sunt
1510 2392 1723 2428 secundum
1744 2402 1838 2427 rem.
1869 2390 1954 2426 Nec
1987 2396 2042 2426 est
2064 2388 2338 2426 inconveniens
2367 2389 2471 2437 quod

1404 2457 1426 2482 a
1455 2444 1701 2482 relationibus
1739 2443 1888 2480 realiter
1922 2442 2165 2479 existentibus
2198 2441 2237 2478 in
2270 2455 2330 2489 re,
2365 2443 2471 2479 Deus

1404 2498 1694 2535 denominetur:
1730 2505 1860 2533 tamen
1898 2495 2110 2532 secundum
2150 2496 2253 2543 quod
2293 2495 2471 2532 cointelli-

1403 2560 1542 2601 guntur
1568 2563 1638 2600 per
1657 2550 1887 2587 intellectum
1907 2556 2082 2585 nostrum
2102 2548 2301 2597 oppositae
2323 2549 2470 2585 relatio-

1403 2618 1470 2642 nes
1498 2605 1536 2642 in
1564 2606 1662 2642 Deo.
1692 2604 1742 2640 Ut
1761 2602 1812 2639 sic
1831 2603 1936 2639 Deus
1957 2602 2102 2639 dicatur
2124 2601 2278 2638 relative
2299 2603 2347 2639 ad
2368 2614 2470 2639 crea-

1402 2667 1548 2705 turam,
1583 2657 1672 2705 quia
1706 2663 1878 2693 creatura
1910 2656 2070 2692 refertur
2104 2655 2153 2692 ad
2187 2655 2336 2704 ipsum:
2376 2655 2471 2692 sicut

1403 2711 1659 2760 Philosophus
1688 2709 1785 2756 dicit,
1807 2709 1845 2745 in
1863 2709 1898 2745 V
1916 2709 2133 2757 Metaphys.
2155 2708 2186 2756 ³¹⁶,
2216 2709 2322 2757 quod
2341 2709 2469 2745 scibile

1403 2765 1538 2803 dicitur
1567 2763 1733 2810 relative,
1764 2762 1853 2811 quia
1881 2761 2037 2799 scientia
2066 2762 2226 2799 refertur
2253 2762 2302 2799 ad
2330 2762 2467 2811 ipsum.

1456 2821 1514 2855 AD
1536 2829 1698 2860 QUINTUM
1718 2827 1903 2853 D1CENDUM
1930 2815 2047 2864 quod,
2071 2828 2158 2852 cum
2179 2828 2224 2852 ea
2249 2815 2392 2852 ratione
2413 2828 2468 2852 re-

1402 2872 1542 2908 feratur
1556 2872 1663 2908 Deus
1683 2869 1731 2905 ad
1753 2876 1977 2915 creaturam,
1999 2881 2075 2918 qua
2090 2875 2103 2888 ⁰
2119 2876 2290 2905 creatura
2310 2869 2468 2905 refertur

1403 2926 1451 2962 ad
1471 2925 1617 2973 ipsum;
1648 2933 1737 2959 cum
1767 2922 1897 2959 relatio
1927 2922 2172 2959 subiectionis
2196 2921 2343 2958 realiter
2367 2922 2412 2958 sit
2431 2921 2469 2959 in

1404 2986 1586 3024 creatura,
1603 2975 1773 3025 sequitur
1787 2975 1893 3024 quod
1908 2977 2014 3012 Deus
2034 2988 2111 3012 non
2127 2975 2338 3011 secundum
2359 2974 2468 3011 ratio-

1403 3044 1493 3068 nem
1522 3038 1682 3076 tantum,
1713 3028 1782 3066 sed
1811 3029 1959 3066 realiter
1987 3029 2033 3066 sit
2051 3028 2254 3065 Dominus.
2285 3028 2344 3064 Eo
2365 3027 2467 3064 enim

1402 3084 1520 3122 modo
1533 3083 1669 3121 dicitur
1678 3082 1882 3128 Dominus,
1896 3094 1973 3130 quo
1986 3089 2156 3119 creatura
2168 3081 2200 3117 ei
2215 3081 2383 3118 subiecta
2400 3088 2466 3118 est.

1455 3140 1514 3174 AD
1543 3148 1685 3174 sax-rum
1713 3147 1898 3172 D1CENDUM
1926 3135 2048 3184 quod,
2079 3134 2127 3171 ad
2156 3133 2467 3182 cognoscendum

1401 3199 1529 3228 utrum
1558 3189 1714 3227 relativa
1741 3189 1815 3226 sint
1850 3188 1962 3225 simul
1999 3196 2132 3225 natura
2163 3188 2226 3224 vel
2258 3199 2358 3234 non,
2388 3199 2467 3224 non

1403 3251 1553 3294 oportet
1590 3242 1832 3279 considerare
1871 3242 2043 3279 ordinem
2079 3253 2205 3277 rerum
2243 3241 2290 3277 de
2328 3240 2467 3287 quibus

1403 3298 1558 3335 relativa
1587 3296 1773 3342 dicuntur,
1803 3295 1871 3332 sed
1899 3294 2193 3343 significationes
2220 3293 2391 3342 ipsorum
2411 3305 2468 3330 re-

1455 3428 1478 3462 ξ)
1497 3427 1701 3454 consideranda.
1719 3441 1738 3447 —
1756 3427 1953 3452 consideranda
1971 3426 2113 3458 dupliciter
2131 3426 2176 3450 Pb.

1454 3466 1479 3497 ο)
1500 3471 1561 3489 ηοη.
1575 3477 1593 3482 -
1611 3470 1679 3496 quae
1697 3470 1750 3487 non
1770 3463 1825 3488 BG.

1454 3501 1483 3533 π)
1503 3499 1626 3525 essentia.
1638 3512 1656 3518 —-
1667 3498 1715 3523 sed
1734 3498 1863 3523 indirecte
1881 3497 2035 3530 significant
2054 3496 2236 3521 habitudinem
2256 3496 2293 3521 ad
2310 3499 2466 3521 creaturam

1401 3536 1537 3605 addipt)l},a
1557 3577 1636 3595 nec...
1655 3569 1796 3594 rationem.
1809 3582 1827 3586 —-
1840 3568 1901 3592 Om.
1920 3568 1956 3597 E;
1977 3575 2024 3600 pro
2045 3574 2091 3592 nec
2110 3568 2296 3600 antefactum,
2312 3567 2353 3592 vel
2367 3567 2467 3592 ABCD.

1456 3607 1481 3639 σ)
1502 3612 1562 3638 qua.
1582 3620 1599 3624 -
1618 3612 1685 3638 quae
1703 3604 1778 3634 PCG,
1798 3604 1861 3636 quia
1880 3603 1972 3628 BDF'a.

2290 3663 2322 3680 20

2501 484 2509 492 ·
2524 483 2552 504 D.
2568 489 2632 511 1⁰99·

2600 1652 2614 1676 Ρ

2501 1704 2508 1712 ·
2525 1703 2564 1724 Ps.
2576 1708 2640 1724 Lxxx
2650 1708 2682 1729 ix,
2694 1709 2712 1724 1.

2498 2718 2506 2725 ·
2521 2717 2586 2738 Loco
2598 2723 2667 2745 supra
2677 2718 2710 2739 ci-

2497 2747 2552 2765 tato.
