2768 4178
36 558 49 569 ⁴
62 556 98 580 Cf.
112 562 178 579 num.
193 561 227 577 ιιι.

43 2092 54 2102 ·
69 2090 118 2119 Qu.
126 2091 158 2118 vt,
168 2093 211 2112 m.
221 2095 244 2112 2.

43 2662 60 2676 ⁴
73 2662 142 2686 Vera.
155 2668 189 2691 4ι.

31 2901 33 2905 ,
49 2877 61 2889 ”
73 2877 103 2901 D.
112 2877 221 2907 ²71,308.

45 2190 58 2201 ·
72 2188 164 2217 mer,
179 2191 222 2211 art.
236 2194 258 2218 3.

947 253 1214 300 QUAESTIO
1244 253 1386 299 XXVI,
1417 253 1713 290 ARTICULUS
1743 254 1791 289 III

276 332 444 364 essentiam
458 331 620 373 propriam'
635 331 748 363 habeat
760 342 818 372 pro
836 331 960 362 obiecto
973 338 1038 362 tam
1053 331 1227 362 intellectus
1243 341 1341 371 quam

275 376 458 412 voluntatis,
482 383 513 407 et
535 383 622 407 actus
645 375 821 407 intellectus
837 386 874 406 ex
889 373 1062 406 modo‘sui
1085 375 1206 415 generis
1222 375 1261 405 sit
1284 385 1342 405 no-

276 421 378 457 bilior,
396 420 509 451 merito
524 420 700 451 secundum
719 420 914 451 intellectum
930 420 1039 450 beatus
1056 419 1177 450 dicitur.
1202 420 1243 450 Et
1257 419 1342 449 idem

277 471 323 496 est
346 465 501 495 iudicium
525 465 564 495 de
587 464 654 495 aliis
678 464 790 496 beatis:
814 463 969 504 quoniam
993 474 1029 494 ex
1044 470 1131 504 parte
1147 463 1271 499 obiecti,
1291 473 1341 493 ae-

277 509 410 550 qualitas
435 515 491 540 est.
763 524 766 527 >

330 554 382 584 VI.
403 553 506 590 Unde,
531 553 569 583 ad
593 552 716 583 tertiam
735 549 986 593 quaestionem*
1010 552 1239 587 descendendo,
1264 551 1341 582 scito

277 598 366 639 quod
377 598 500 634 Scotus,
515 597 549 627 in
562 597 614 633 IV,
628 596 698 627 dist.
709 606 790 632 xmx,
803 605 857 636 qu.
868 606 909 631 ιν,
922 602 1007 626 tenet
1022 596 1219 636 oppositum,
1233 595 1342 625 volens

277 642 506 673 beatitudinem
526 640 696 671 consistere
718 639 931 680 principaliter
953 639 986 670 in
1005 646 1076 670 actu
1093 639 1264 670 voluntatis
1287 639 1343 680 qui

278 693 342 723 est,
367 696 433 716 non
457 684 633 720 delectatio,
657 684 713 714 sed
735 693 836 714 amor.
860 684 1040 724 Probatque
1063 684 1222 714 intentum
1245 683 1340 723 tripli-

278 730 362 761 citer.
392 731 501 760 Primo
524 729 578 760 sic.
602 728 691 759 Velle
713 728 813 758 tendit
835 728 1017 758 immediate
1040 728 1073 758 in
1096 728 1221 764 Deum,
1252 735 1288 758 ut
1310 727 1342 758 in

277 774 376 805 finem
398 773 562 804 ultimum:
588 782 662 812 ergo
686 771 900 802 immediatius
924 779 970 802 est
993 772 1106 804 ultimo
1130 771 1195 808 fini,
1216 778 1246 802 et
1269 782 1344 802 con-

278 823 444 858 sequenter
458 817 564 857 primo
581 816 753 857 appetibili,
770 826 869 856 quam
883 816 1063 856 intelligere.
1075 834 1095 839 -
1105 817 1261 847 Secundo.
1278 818 1344 847 Aut

277 862 358 892 velle
381 868 427 892 est
449 867 579 901 propter
600 860 785 900 intelligere;
810 860 860 891 vel
883 870 900 891 e
924 870 1092 896 converso;
1116 867 1171 891 aut
1193 867 1343 891 neutrum

277 911 408 946 propter
430 905 574 936 alterurn.
604 904 666 935 Sed
695 905 836 944 primum
867 912 913 935 est
936 915 1135 945 perversum,
1167 905 1343 935 secundum

277 949 478 985 Anselmum,
501 949 582 980 libro
602 948 629 978 II
649 948 718 979 Cur
732 949 823 980 Deus
835 950 939 987 homo,
957 959 1023 990 cap.
1040 958 1066 979 1:
1091 949 1219 980 tertium
1236 956 1342 980 autem

278 1000 325 1024 est
346 993 552 1034 impossibile,
570 1000 606 1024 ut
621 999 721 1032 patet:
747 1003 821 1034 ergo
838 993 1024 1034 relinquitur
1046 993 1232 1024 secundum.
1257 994 1342 1034 Ergo

278 1047 384 1068 amare
408 1044 454 1068 est
476 1036 547 1067 finis
576 1037 812 1074 intellectionis3
838 1044 868 1068 et
892 1045 1121 1078 consequenter
1149 1037 1298 1068 nobilius.
1323 1055 1343 1060 —

283 1082 390 1112 Tertio
413 1081 467 1112 sic.
493 1082 576 1113 Inter
597 1081 773 1118 intrinseca,
798 1091 923 1112 summe
946 1082 1118 1112 volendum
1143 1088 1190 1112 est
1212 1081 1342 1122 aliquod

277 1125 373 1156 velle:
399 1135 473 1166 ergo
496 1125 529 1155 in
553 1135 591 1156 eo
615 1125 757 1157 consistit
781 1126 955 1157 beatitudo.
979 1126 1175 1156 Antecedens
1195 1126 1346 1166 probatur

278 1176 309 1201 et
332 1170 371 1200 de
394 1169 536 1210 appetitu
560 1170 709 1207 naturali,
734 1170 791 1211 qui
814 1177 860 1200 est
885 1169 1062 1206 inclinatio,
1087 1176 1118 1200 et
1140 1170 1179 1199 de
1202 1169 1344 1209 appetitu

277 1213 377 1244 libero
401 1221 505 1245 recto:
533 1214 688 1255 quoniam
710 1215 858 1245 voluntas
881 1214 953 1254 plus
976 1213 1096 1254 appetit
1118 1213 1344 1253 perfectionem

279 1257 328 1288 sui
351 1258 384 1288 in
408 1258 523 1289 ultimo
543 1257 620 1299 fine,
644 1269 743 1299 quam
766 1258 993 1298 perfectionem
1016 1257 1200 1288 intellectus.

284 1335 313 1342 κ
332 1302 430 1333 Fiunt
452 1308 484 1333 et
506 1302 608 1333 multa
631 1302 691 1333 alia
713 1308 899 1343 argumenta
927 1309 1036 1332 contra
1058 1301 1139 1332 hanc
1167 1301 1344 1340 conclusio-

280 1356 364 1382 nem,
379 1345 506 1377 recitata
525 1357 543 1376 a
559 1346 728 1387 Capreolo,
752 1357 823 1376 xmx
846 1345 1047 1376 distinctione
1071 1345 1192 1382 Quarti,
1210 1354 1265 1385 qu.
1280 1355 1302 1374 11
1317 1345 1344 1381 *‚

280 1399 362 1431 quae
385 1390 542 1421 brevitatis
567 1400 661 1421 causa
685 1390 815 1420 omitto:
839 1389 1022 1430 praesertim
1046 1389 1130 1430 quia,
1155 1399 1192 1419 ex
1207 1388 1346 1419 dicendis

279 1434 314 1465 in
332 1444 385 1475 qu.
403 1444 514 1471 Lxxxrr,
539 1440 570 1465 et
591 1434 624 1464 in
648 1434 808 1464 solutione
831 1434 959 1470 horum,
977 1433 1085 1463 omnia
1101 1433 1345 1474 quodammodo

279 1479 442 1519 patebunt.
1229 1499 1231 1502 .

336 1522 411 1565 VII.¹
429 1522 515 1553 Scito
538 1521 633 1563 igitur
663 1522 751 1562 quod
775 1522 866 1552 valde
895 1521 996 1552 differt
1021 1531 1204 1561 comparare
1227 1521 1346 1551 intelle-

248 1570 251 1573 '
281 1565 420 1597 ctionem
444 1573 475 1596 et
497 1575 640 1597 amorem
663 1566 745 1597 beati
768 1566 848 1597 inter
872 1576 921 1602 se,
946 1572 976 1596 et
998 1565 1144 1596 viatoris:
1170 1572 1200 1596 et
1223 1575 1344 1601 rursus,

2385 251 2459 287 303

1396 331 1587 370 simpliciter,
1604 338 1659 362 aut
1677 332 1852 362 secundum
1869 332 1955 372 quid,
1975 332 2056 363 idest
2078 332 2254 363 secundum
2272 332 2334 363 hoc
2347 339 2457 372 genus.

1396 375 1479 405 Tam
1495 375 1676 416 simpliciter
1691 376 1786 412 enim,
1803 386 1901 417 quam
1917 376 1949 406 in
1965 377 2067 412 beato,
2087 377 2256 407 intellectio
2277 377 2388 407 melior
2403 382 2457 412 est,

1397 426 1427 449 et
1449 418 1519 449 finis
1534 419 1766 460 volitionis21n
1789 420 1908 451 viatore
1932 427 2039 450 autem
2063 420 2188 451 dilectio
2211 428 2359 461 praestat:
2385 421 2459 461 quia

1396 463 1495 494 tendit
1517 463 1550 493 in
1565 464 1671 494 Deum
1694 465 1870 495 secundum
1889 465 2038 505 seipsum.
2063 465 2104 495 Et
2119 465 2260 496 similiter
2282 466 2458 496 secundum

1396 507 1483 547 quid,
1499 507 1580 538 idest
1601 509 1634 538 in
1657 508 1777 539 ratione
1801 508 1920 548 agentis
1943 519 1998 539 seu
2022 509 2189 545 moventis,
2211 509 2351 550 primum
2374 516 2459 540 tenet

1396 551 1516 582 locum.
1546 552 1588 582 Et
1609 552 1683 583 inde
1706 553 1853 593 provenit
1877 553 1965 593 quod
1989 553 2165 583 secundum
2191 554 2388 584 voluntatem
2412 553 2457 583 di-

1397 605 1505 626 camur
1524 595 1706 636 simpliciter
1724 597 1801 627 boni
1819 607 1855 627 ac
1870 597 1959 632 mali;
1980 603 2010 627 et
2025 605 2251 637 consequenter
2266 598 2354 638 quod
2370 604 2457 628 actus

1397 639 1464 669 eius
1488 639 1608 670 dicatur
1631 641 1787 680 pessimus
1804 648 1834 672 et
1850 641 2007 681 optimus;
2033 648 2063 671 et
2077 642 2165 681 quod
2179 642 2286 672 tendat
2303 642 2335 672 in
2351 642 2457 672 Deum

1396 684 1573 714 secundum
1604 694 1703 724 genus
1732 685 1966 715 nobilissimum
1997 695 2126 721 causae,
2155 685 2272 716 scilicet
2303 692 2338 716 ut
2360 685 2456 716 finem

1397 725 1478 769 (eius
1503 728 1588 758 enim
1612 735 1658 759 est
1679 739 1807 759 movere
1822 727 1945 771 agens);
1971 735 2002 759 et
2019 730 2108 769 quod
2131 729 2171 760 sit
2193 729 2333 766 domina,
2350 737 2380 760 et
2394 730 2456 760 for-

1397 772 1519 802 maliter
1533 772 1639 809 libera,
1656 780 1713 804 etc.
1738 774 1825 804 Haec
1844 773 1930 804 enim
1946 773 2054 803 omnia
2077 773 2117 803 ad
2136 773 2333 805 nobilitatem
2347 783 2456 804 secun-

1398 816 1475 846 dum
1499 816 1576 857 quid
1600 824 1751 857 spectant.

1450 861 1532 891 VIII.
1550 861 1642 891 Unde
1659 861 1698 892 ad
1714 861 1856 901 primum
1871 861 1957 892 Scoti
1968 861 1986 880 *
2001 867 2087 902 patet
2102 861 2280 901 responsio:
2304 861 2458 902 quoniam
2484 868 2494 877 ·
2509 866 2544 888 Cf.
2559 873 2624 889 num.
2634 872 2667 888 vi.

1397 911 1505 944 peccat
1534 905 1711 936 secundum
1733 915 1799 947 non
1823 915 1951 935 causam
1979 912 2015 936 ut
2047 915 2184 936 causam.
2215 905 2350 945 Oportet
2373 905 2458 935 enim

1396 948 1609 979 immediatius
1637 949 1845 980 coniunctum
1870 959 1935 979 esse
1959 949 2083 990 optimo
2103 950 2255 986 absolute,
2281 955 2311 979 et
2330 959 2395 979 non
2423 956 2459 979 ut

1396 991 1460 1028 fini,
1472 992 1498 1022 si
1514 993 1675 1023 beatitudo
1691 993 1908 1024 concludenda
1923 1000 1978 1029 est,
1999 1004 2080 1034 quae
2097 993 2237 1024 consistit
2252 993 2285 1023 in
2300 993 2457 1033 perfectis-

1397 1036 1479 1067 simo
1503 1037 1693 1078 simpliciter.
1875 1074 1882 1080 .
1946 1068 1951 1069 ⁷

1450 1081 1502 1111 Ad
1534 1081 1711 1111 secundum
1743 1091 1893 1122 quoque,
1918 1081 1982 1111 iam
2005 1087 2090 1121 patet
2110 1081 2198 1122 quod
2225 1081 2395 1111 Anselmus
2419 1081 2458 1111 de

1398 1134 1505 1155 amore
1528 1124 1655 1156 viatoris
1678 1125 1929 1165 interpretandus
1952 1132 2007 1156 est.

1451 1169 1502 1198 Ad
1525 1169 1654 1199 tertium
1674 1176 1789 1205 autem,
1807 1169 1885 1199 nihil
1905 1169 2037 1199 omnino
2053 1169 2146 1199 valet.
2170 1170 2258 1199 Tum
2277 1169 2361 1210 quia,
2378 1169 2459 1200 sicut

1398 1212 1544 1243 voluntas
1568 1213 1701 1243 naturali
1720 1213 1859 1254 appetitu
1879 1214 1978 1253 magis
2002 1213 2069 1244 vult
2087 1213 2284 1249 volitionern,
2304 1213 2346 1243 ita
2369 1213 2458 1244 intel-

1398 1256 1496 1286 lectus
1528 1256 1790 1291 intellectionem:
1815 1257 1920 1287 omnis
1951 1257 2036 1287 enim
2063 1257 2204 1297 potentia
2233 1257 2286 1287 tali
2317 1257 2458 1297 appetitu

1399 1300 1499 1330 tendit
1521 1299 1554 1330 in
1578 1311 1635 1331 sua
1657 1301 1772 1340 primo.
1798 1318 1817 1322 —
1840 1301 1929 1331 Turn
1958 1301 2033 1341 quia
2062 1301 2177 1331 falsum
2201 1308 2247 1331 est
2270 1301 2376 1341 quod,
2400 1311 2458 1331 vo-

1399 1344 1519 1374 luntate
1544 1344 1658 1380 libera,
1683 1345 1829 1374 voluntas
1858 1345 1916 1374 sibi
1940 1345 2038 1384 magis
2062 1354 2160 1384 quam
2183 1344 2353 1375 intellectui
2375 1345 2458 1376 velit.

1400 1388 1563 1425 Quoniam
1587 1396 1673 1419 actus
1697 1388 1818 1418 elicitus
1835 1389 1874 1418 ad
1890 1389 1950 1419 hoc
1970 1389 2008 1419 ab
2024 1388 2201 1418 institutore
2217 1395 2345 1419 naturae
2368 1389 2459 1419 datus

1400 1438 1446 1462 est
1468 1432 1622 1472 appetitui
1645 1432 1783 1468 animali,
1809 1439 1844 1462 ut
1867 1433 1971 1472 primo
1991 1439 2117 1472 appetat
2132 1433 2308 1472 supposito.
2329 1433 2370 1463 Et
2383 1442 2458 1472 pro-

1399 1483 1523 1516 pterea,
1553 1476 1579 1507 si
1601 1476 1771 1507 intellectio
1804 1483 1850 1507 est
1879 1477 1980 1506 maior
2002 1476 2152 1516 perfectio
2177 1476 2347 1516 suppositi,
2362 1486 2460 1517 quam

1399 1520 1530 1557 volitio,
1564 1527 1646 1551 recta
1668 1521 1815 1551 voluntas
1843 1521 1964 1551 mavult
1985 1520 2231 1551 intellectionem
2261 1531 2359 1561 quam
2381 1520 2460 1551 voli-

1399 1571 1530 1596 tionem.

1083 1709 1401 1751 ARTICULUS
1429 1708 1658 1751 TERTIUS

826 1802 982 1832 UTRUM
1006 1802 1116 1832 DEUS
1140 1802 1207 1832 sn*
1230 1801 1485 1832 BEATlTUDO
1510 1801 1765 1832 cumsmBET
1788 1801 1916 1831 BEATI

934 1881 954 1905 1·
974 1881 1026 1912 11⁸3
1040 1889 1085 1913 qu.
1098 1888 1135 1912 m,
1150 1885 1198 1906 art.
1215 1888 1222 1905 1
1235 1887 1242 1911 ;
1262 1880 1296 1905 IV
1316 1880 1398 1909 Sent,
1414 1880 1473 1905 dist.
1487 1888 1552 1912 xux,
1567 1888 1611 1913 qu.
1626 1888 1643 1910 1,
1658 1885 1702 1905 art.
1722 1888 1744 1911 2,
1760 1882 1788 1913 q·
1802 1888 1819 1905 1.

404 2000 433 2016 ‚ss
496 1982 518 2007 D
537 1981 697 2007 TERTIUM
716 1981 769 2006 sm
788 1981 1028 2006 PROCEDrrUR.
1057 1969 1216 2006 Videtur
1243 1968 1349 2016 quod

397 2034 400 2038 ·
496 2024 602 2060 Deus
622 2022 666 2059 sit
685 2022 877 2059 beatitudo
899 2022 1096 2059 cuiuslibet
1110 2021 1221 2059 beati.
1242 2023 1348 2059 Deus

472 2074 598 2113 enim
628 2083 683 2112 est
711 2087 908 2112 summum
939 2076 1098 2122 bonurn,
1126 2082 1168 2111 ut
1196 2087 1310 2124 supra
1329 2074 1349 2096 '¹‘

400 2173 408 2177 .
420 2140 431 2154 ν’
455 2122 693 2166 Xostensum
711 2136 776 2165 est.
798 2127 1036 2176 Impossibile
1053 2135 1108 2164 est
1122 2135 1250 2164 autem
1266 2140 1348 2164 esse

283 2182 394 2231 plura
422 2194 576 2219 summa
603 2182 726 2228 bona,
755 2188 796 2218 ut
823 2181 934 2218 etiarn
969 2193 1015 2217 ex
1046 2180 1303 2229 superioribus
1330 2180 1351 2202 ²¹⁶

283 2242 399 2285 patet.
421 2235 522 2272 Cum
541 2234 652 2283 igitur
675 2235 722 2271 de
743 2234 887 2271 ratione
907 2233 1148 2281 beatitudinis
1167 2233 1223 2280 sit,
1245 2233 1351 2283 quod

286 2288 333 2326 sit
360 2299 557 2325 summum
582 2287 742 2334 bonum,
762 2287 914 2324 videtur
933 2287 1038 2335 quod
1057 2286 1251 2324 beatitudo
1272 2299 1350 2323 non

286 2341 332 2378 sit
360 2340 462 2378 aliud
490 2352 607 2389 quam
637 2341 753 2377 Deus.

342 2406 377 2431 2.
407 2395 640 2442 PRAETEREA‚
671 2393 864 2430 beatitudo
895 2400 950 2430 est
968 2393 1054 2430 finis
1074 2393 1266 2430 rationalis
1285 2405 1350 2430 na-

286 2454 395 2484 turae
412 2453 429 2469 ²
459 2447 623 2484 ultimus
664 2446 742 2484 Sed
771 2459 853 2484 esse
886 2446 1064 2483 ultimum
1092 2447 1211 2483 finem
1241 2447 1351 2483 ratio-

286 2500 382 2539 nalis
410 2507 578 2547 naturae,
599 2499 670 2537 soli
692 2501 777 2536 Deo
807 2499 998 2537 convenit.
1028 2500 1131 2547 Ergo
1156 2499 1350 2536 beatitudo

288 2553 486 2591 cuiuslibet
513 2552 614 2590 beati
643 2560 698 2590 est
725 2553 828 2589 solus
856 2554 974 2589 Deus.

342 2607 416 2643 SED
445 2618 603 2654 CONTRA,
624 2605 818 2643 beatitudo
842 2605 956 2642 unius
977 2613 1032 2642 est
1050 2606 1172 2643 maior
1194 2606 1352 2643 beatitu-

289 2659 377 2696 dine
406 2658 576 2706 alterius,
606 2659 819 2695 secundum
848 2658 939 2695 illud
967 2660 981 2695 Ι
1017 2660 1106 2704 Cor.
1123 2659 1221 2696 xv*:
1248 2659 1352 2696 stella

288 2711 416 2762 differt
428 2724 452 2749 a
466 2711 571 2748 stella
587 2712 623 2748 in
640 2711 820 2749 claritate.
843 2711 920 2748 Sed
935 2712 1019 2748 Deo
1035 2712 1126 2749 nihil
1147 2721 1202 2749 est
1216 2712 1350 2749 maius.

288 2766 392 2813 Ergo
421 2764 615 2802 beatitudo
645 2771 700 2801 est
728 2764 870 2813 aliquid
899 2764 1002 2802 aliud
1030 2777 1147 2813 quam
1175 2767 1292 2802 Deus.

289 2815 291 2818 ’
342 2819 568 2855 ΒΕεΡοΝῡΕο
583 2829 768 2855 DICENDUM
787 2817 894 2865 quod
913 2818 1105 2855 beatitudo
1125 2819 1354 2855 intellectua-

288 2871 333 2913 lis
362 2878 519 2909 naturae
548 2870 716 2908 consistit
746 2870 784 2907 in
812 2878 897 2907 actu
925 2870 1133 2908 intellectus
1153 2871 1183 2907 ⁵¹².
1206 2872 1248 2907 In
1276 2883 1354 2919 quo

290 2924 368 2962 duo
396 2931 557 2973 possunt
586 2923 833 2960 considerari:
863 2923 1003 2960 scilicet
1022 2924 1214 2961 obiectum
1235 2931 1352 2970 actus,

289 2978 396 3026 quod
425 2984 480 3014 est
507 2976 756 3025 intelligibile;
787 2985 823 3013 et
849 2976 929 3025 ipse
954 2984 1071 3023 actus,
1093 2977 1157 3026 qui
1178 2984 1232 3013 est
1250 2976 1354 3013 intel-

1402 1969 1524 2016 ligere.
1565 1968 1604 2006 Si
1632 1968 1742 2016 igitur
1769 1968 1962 2005 beatitudo
1998 1969 2254 2006 consideretur
2283 1981 2327 2006 ex
2354 1978 2460 2018 parte

1402 2022 1518 2070 ipsius
1547 2021 1697 2070 obiecti,
1727 2021 1780 2058 sic
1808 2022 1909 2058 solus
1928 2023 2033 2058 Deus
2054 2030 2109 2059 est
2127 2022 2343 2059 beatitudo:
2373 2022 2462 2071 quia

1404 2087 1447 2111 ex
1476 2076 1551 2111 hoc
1579 2076 1660 2111 solo
1691 2082 1745 2111 est
1773 2074 1906 2124 aliquis
1935 2075 2087 2122 beatus,
2118 2075 2223 2123 quod
2251 2076 2379 2112 Deum
2407 2076 2462 2112 in-

1402 2127 1545 2176 telligit3
1567 2127 1778 2164 secundum
1798 2127 1889 2164 illud
1907 2127 2118 2175 Augustini,
2139 2128 2178 2164 in
2196 2128 2232 2165 V
2245 2127 2340 2164 libro
2366 2130 2461 2166 Con-

1393 2182 1487 2229 fess.
1503 2181 1538 2217 ³¹²:
1568 2183 1707 2218 Beatus
1731 2186 1786 2216 est
1802 2181 1868 2229 qui
1893 2187 1927 2217 te
1946 2182 2058 2226 novit,
2079 2181 2189 2217 etiam
2208 2181 2242 2217 si
2258 2181 2334 2218 alia
2354 2182 2462 2231 igno·
2492 2191 2571 2219 'Cara
2586 2197 2619 2213 ιν-

1404 2240 1469 2270 ret.
1514 2234 1591 2270 Sed
1621 2246 1665 2270 ex
1692 2240 1797 2282 parte
1827 2241 1931 2270 actus
1959 2233 2194 2281 intelligentis
2211 2232 2240 2280 β,
2270 2234 2461 2272 beatitudo
2589 2240 2604 2274 β

1405 2294 1462 2323 est
1488 2286 1581 2335 quid
1610 2294 1778 2322 creatum
1807 2286 1845 2322 in
1874 2286 2051 2323 creaturis
2071 2286 2205 2323 beatis:
2230 2287 2268 2323 in
2293 2288 2377 2324 Deo
2398 2300 2464 2324 au-

1404 2347 1482 2376 tem
1512 2347 1566 2376 est
1595 2339 1708 2376 etiarn
1737 2339 1948 2376 secundum
1973 2340 2058 2386 hoc,
2080 2339 2220 2387 aliquid
2241 2340 2461 2378 increatum.

1458 2394 1516 2429 AD
1536 2405 1671 2429 PmMUM
1686 2404 1784 2429 ERGO
1803 2404 1986 2429 DICENDUM
2001 2392 2106 2441 quod
2125 2392 2330 2440 beatitudo,
2346 2406 2463 2442 quan-

1404 2453 1484 2482 tum
1513 2446 1562 2482 ad
1587 2446 1790 2492 obiectum,
1812 2453 1867 2481 est
1894 2457 2087 2481 summum
2117 2446 2260 2482 bonum
2289 2446 2463 2494 simplici-

1405 2506 1460 2535 ter
1479 2498 1518 2535 *ε
1549 2499 1616 2535 sed
1645 2506 1828 2547 quantum
1849 2497 1897 2534 ad
1916 2506 2055 2544 actum,
2075 2498 2113 2534 in
2138 2498 2313 2535 creaturis
2333 2499 2462 2546 beatis,
2492 2512 2501 2521 ·
2515 2511 2544 2532 n.
2560 2510 2684 2539 1176‚1182.

1407 2560 1462 2588 est
1490 2564 1686 2588 summurn
1715 2551 1873 2597 bonum,
1904 2563 1981 2587 non
2010 2550 2237 2599 simpliciter,
2258 2551 2324 2588 sed
2344 2551 2382 2588 in
2402 2564 2463 2600 ge-

1407 2618 1496 2642 nere
1526 2605 1718 2641 bonorum
1745 2603 2059 2652 participabilium
2088 2616 2110 2640 a
2138 2611 2316 2641 creatura.

1459 2660 1518 2694 Αι)
1547 2669 1735 2694 SECUNDUM
1764 2669 1946 2693 DICENDUM
1975 2656 2079 2705 quod
2106 2657 2192 2694 finis
2222 2665 2276 2694 est
2305 2658 2462 2706 duplex,

1407 2711 1544 2748 scilicet
1562 2716 1576 2737 ⁷
1597 2710 1701 2747 cuius
1729 2717 1766 2746 et
1784 2721 1869 2758 quo,
1889 2717 1930 2746 ut
1954 2709 2210 2758 Philosophus
2239 2710 2327 2747 dicit
2345 2710 2376 2758 ²¹⁸,
2397 2711 2464 2747 sci·
2494 2745 2502 2754 ,
2517 2743 2537 2764 Π
2558 2718 2688 2764 demum

1407 2764 1492 2800 licet
1519 2760 1601 2812 ipsa
1630 2775 1704 2810 res,
1741 2770 1777 2799 et
1807 2775 1898 2799 usus
1928 2762 2000 2799 rei:
2029 2762 2123 2799 sicut
2151 2775 2267 2800 avaro
2299 2771 2352 2800 est
2379 2764 2465 2801 finis
2493 2759 2704 2818 gap†k;v‚¹egt-5v-1¹³

1406 2817 1581 2866 pecunia,
1612 2823 1648 2853 et
1675 2815 1869 2864 acquisitio
1898 2815 2095 2864 pecuniae.
2126 2816 2329 2853 Creaturae
2358 2817 2466 2864 igitur
2512 2812 2517 2817 ⁸
2568 2812 2574 2818 ⁴
2637 2812 2643 2817 ⁵
2694 2810 2702 2816 ⁵

1408 2870 1597 2907 rationalis
1627 2877 1681 2906 est
1709 2869 1865 2916 quidem
1894 2869 1998 2906 Deus
2027 2869 2112 2906 finis
2139 2869 2292 2906 ultimus
2320 2877 2361 2906 ut
2388 2883 2465 2916 res;
2581 2907 2604 2928 x

1408 2923 1601 2960 beatitudo
1621 2929 1749 2959 autem
1779 2929 1902 2958 creata
1928 2930 1970 2958 ut
1996 2934 2098 2970 usus,
2118 2922 2180 2959 vel
2201 2923 2318 2970 magis
2338 2919 2352 2943 ὅ
2380 2923 2466 2959 frui·
2591 2928 2605 2945 0

1407 2984 1478 3023 no,
1508 2988 1572 3012 rel.

344 3090 372 3123 α)
391 3093 514 3116 naturae.
532 3105 551 3110 -
567 3095 708 3116 creaturae
727 3092 747 3115 Β
753 3099 760 3122 ;
781 3096 806 3116 et
824 3090 859 3115 ita
877 3099 946 3116 mox.

344 3124 370 3159 β)
388 3123 467 3151 actus
483 3126 663 3160 intelligentis.
681 3140 700 3146 ·-
718 3127 864 3151 intellectus
882 3127 911 3156 B,
927 3127 1098 3160 intelligentis
1117 3126 1202 3156 ceteri,
1220 3129 1296 3151 actus
1315 3126 1355 3151 in-

292 3161 430 3194 telligendi
447 3161 488 3186 ed.
507 3169 533 3186 a.
1194 3168 1198 3172 ⁴

1463 3092 1488 3124 γ)
1507 3090 1614 3130 scilicet.
1632 3104 1651 3108 -
1669 3090 1730 3114 Om.
1746 3089 1856 3114 codices.
1873 3103 1892 3108 -
1910 3090 1972 3114 Post
1991 3092 2020 3114 ut
2038 3089 2212 3120 Philosophus
2231 3089 2294 3114 dicit
2314 3090 2334 3114 B
2353 3090 2422 3114 addit
2443 3090 2473 3114 11

1410 3126 1442 3151 de
1459 3127 1602 3194 §nangis-
1620 3173 1640 3179 -
1657 3160 1719 3185 Om.
1738 3160 1792 3185 FG.

966 3250 1300 3282 Commentario.
1322 3249 1572 3282 Oardinalis
1594 3248 1795 3281 Caietam

324 3340 345 3360 n
361 3329 465 3365 titulo,
482 3329 515 3370 ly
531 3330 691 3360 beatitudo
710 3340 776 3360 non
801 3336 848 3360 est
872 3328 1059 3359 arctandum
1075 3329 1114 3358 ad
1130 3328 1356 3359 beatitudinem

298 3342 399 3404 IDei:
424 3374 478 3403 sed
494 3373 676 3414 simpliciter
695 3381 726 3405 et
748 3374 901 3409 absolute,
918 3379 1061 3413 respectu
1078 3372 1183 3402 omnis
1199 3372 1290 3409 beati,
1311 3372 1357 3402 in-

294 3417 532 3458 terpretandum
555 3424 610 3448 est.

356 3462 394 3492 11.
418 3462 454 3491 In
477 3471 608 3500 corpore
631 3461 713 3491 duae
735 3468 810 3492 sunt
832 3461 1048 3491 distinctiones
1067 3460 1266 3496 bimembres,
1284 3469 1358 3490 cum

296 3506 396 3536 nibus
419 3505 688 3536 conclusionibus.
716 3505 822 3535 Prima
850 3505 1007 3536 distinctio
1032 3511 1093 3535 est:
1122 3504 1289 3535 Beatitudo
1314 3510 1360 3534 est

296 3550 427 3590 duplex:
452 3549 569 3580 scilicet
592 3548 760 3585 obiectiva;
785 3555 817 3580 et
839 3549 991 3586 formalis,
1011 3558 1092 3590 quae
1109 3555 1155 3579 est
1170 3548 1237 3589 ipse
1259 3554 1357 3579 actus.

295 3594 441 3624 Secunda
465 3600 511 3624 est
533 3594 713 3623 beatorum:
738 3592 854 3624 scilicet
875 3593 944 3630 Dei,
972 3600 1002 3624 et
1021 3599 1233 3624 creaturarum
1257 3593 1359 3623 beata-

1412 3338 1492 3358 rum.
1510 3345 1529 3349 —
1546 3327 1650 3357 Prima
1679 3327 1840 3357 conclusio
1864 3334 1929 3357 est:
1954 3327 2040 3357 Deus
2065 3332 2110 3357 est
2132 3326 2293 3357 beatitudo
2317 3326 2470 3357 obiectiva

1413 3371 1560 3402 omnium
1578 3372 1755 3401 beatorum.
1778 3371 1818 3402 Et
1834 3371 1873 3401 ad
1889 3371 1950 3401 hoc
1965 3370 2090 3401 affertur
2105 3370 2273 3401 auctoritas
2289 3370 2468 3410 Augustini.

1412 3434 1432 3438 -
1448 3415 1591 3446 Secunda
1615 3421 1674 3445 est:
1699 3415 1785 3445 Deus
1809 3425 1874 3445 non
1898 3421 1944 3445 est
1966 3414 2126 3445 beatitudo
2151 3413 2291 3444 formalis
2315 3421 2469 3445 creatura-

1413 3470 1485 3490 rum
1508 3460 1680 3489 beatarum.
1704 3459 1811 3489 Tertia
1830 3465 1889 3489 est:
1914 3459 2000 3489 Deus
2017 3465 2062 3488 est
2079 3458 2240 3488 beatitudo
2257 3458 2398 3488 formalis
2422 3458 2471 3489 sui

1413 3504 1523 3544 ipsius.
1547 3504 1612 3533 Nec
1635 3503 1695 3532 alia
1719 3502 1838 3533 ratione
1862 3503 2047 3543 probantur,
2073 3502 2132 3532 nisi
2155 3502 2230 3543 quia
2253 3509 2340 3533 actus
2362 3502 2472 3533 intelli-

1413 3547 1506 3588 gendi
1523 3554 1679 3577 creaturae
1695 3553 1741 3577 est
1755 3546 1834 3587 quid
1852 3553 2000 3582 creatum,
2017 3546 2049 3576 in
2066 3546 2135 3576 Deo
2152 3553 2258 3577 autem
2274 3546 2438 3577 increatus.

1472 3592 1522 3622 111.
1547 3591 1638 3622 Circa
1661 3591 1832 3621 secundam
1855 3590 2103 3627 conclusionem,
2121 3590 2198 3621 scito
2218 3591 2307 3631 quod
2330 3590 2469 3631 quidam,
