2768 4178
311 264 387 311 390

366 344 424 378 AD
445 353 635 378 SECUNDUM
658 353 842 378 morannum
862 342 977 389 quod,
999 340 1154 388 quando
1178 340 1216 376 in
1235 339 1376 376 intelle-

315 401 376 430 ctu
396 393 551 430 alicuius
572 393 729 430 actionis
753 393 976 442 importatur
996 392 1267 430 determinatus
1287 392 1376 428 effe-

314 454 405 492 ctus,
426 453 550 494 potest
570 445 809 482 denominari
828 445 1055 494 principium
1071 444 1226 480 actionis
1247 451 1283 480 et
1301 445 1349 481 ab
1365 449 1377 465 ⁰

314 499 461 535 actione
481 505 517 535 et
536 499 583 535 ab
604 498 757 543 effectu3
788 498 883 535 sicut
900 509 1107 546 possumus
1128 496 1252 534 dicere
1271 497 1377 544 quod

314 551 428 588 arbor
443 558 499 587 est
512 551 654 587 florens
659 551 865 599 floritione,
884 558 919 586 et
927 550 1103 599 floribuS.
1125 549 1203 586 Sed
1223 550 1377 598 quando

313 604 352 640 in
381 603 529 640 actione
557 615 637 640 non
664 603 865 640 includitur
900 601 1169 639 determinatus
1198 602 1377 649 effectus,

313 664 403 693 tunc
431 668 509 692 non
536 663 663 705 potest
687 655 916 705 principium
953 654 1111 691 actionis
1140 654 1378 692 denominari

314 710 363 746 ab
392 708 541 756 effectu,
571 709 639 746 sed
663 709 789 746 solum
817 709 864 745 ab
894 707 1060 745 actione:
1089 719 1168 744 non
1194 707 1296 744 enim
1325 707 1379 744 di-

315 762 436 798 cimus
469 761 576 809 quod
608 762 723 798 arbor
748 761 926 809 producit
946 766 965 782 π
983 761 1125 809 florem
1152 761 1276 808 flore,
1311 760 1379 796 sed

309 815 556 863 productione
569 815 692 863 floris.
709 835 733 842 -
751 816 793 851 In
811 814 887 850 hoc
905 813 1014 861 igitur
1033 812 1138 861 quod
1157 812 1243 849 dico
1262 812 1382 860 spirat

314 868 376 903 vel
404 873 572 916 generat,
602 867 827 916 importatur
855 873 959 903 actus
988 865 1190 902 notionalis
1217 872 1378 902 tantum.

314 919 426 957 Unde
463 932 542 957 non
574 932 782 968 possumus
820 919 944 956 dicere
980 918 1085 967 quod
1120 918 1233 954 Pater
1267 918 1382 966 spiret

315 973 454 1021 Spiritu
474 974 621 1018 Sancto,
637 973 700 1009 vel
718 978 874 1022 generet
889 971 998 1008 Filio.
1019 972 1231 1008 Possumus
1250 978 1379 1007 autem

316 1025 441 1062 dicere
461 1026 566 1074 quod
594 1026 706 1061 Pater
731 1025 821 1061 dicit
851 1025 984 1070 Verbo,
1013 1031 1196 1072 tanquam
1215 1035 1381 1072 persona

314 1078 567 1127 procedente,
598 1085 634 1114 et
661 1077 749 1114 dicit
774 1077 952 1123 dictione,
982 1084 1166 1125 tanquam
1198 1083 1285 1113 actu
1312 1088 1380 1113 no-

315 1130 465 1167 tionali:
495 1130 584 1178 quia
611 1130 735 1166 dicere
761 1130 941 1179 importat
978 1128 1269 1167 determinatam
1295 1141 1381 1178 per-

315 1195 452 1220 sonam
486 1183 780 1232 procedentem,
815 1195 903 1219 cum
941 1183 1064 1219 dicere
1096 1182 1143 1219 sit
1168 1182 1380 1231 producere

314 1236 491 1273 verbum.
525 1237 574 1272 Et
602 1235 772 1272 similiter
799 1236 972 1285 diligere,
1001 1242 1114 1284 prout
1142 1234 1382 1272 notionaliter

316 1288 488 1336 sumitur,
519 1296 574 1326 est
600 1289 814 1338 producere
843 1301 1029 1325 amorem.
1060 1289 1109 1325 Et
1136 1288 1224 1325 ideo
1256 1295 1382 1337 potest

317 1341 390 1378 dici
410 1341 516 1391 quod
535 1343 648 1379 Pater
665 1342 787 1391 diligit
811 1341 950 1378 Filium
970 1341 1110 1389 Spiritu
1130 1342 1280 1387 Sancto,
1300 1348 1381 1378 tan-

370 1455 395 1487 ο)
415 1458 441 1480 et
458 1455 499 1480 ab.
517 1470 536 1475 —
554 1455 587 1480 ab
606 1455 651 1485 Pb,
671 1458 697 1480 et
716 1456 756 1481 ed.
774 1463 792 1481 a

369 1491 399 1523 π)
413 1491 551 1523 producit.
568 1504 588 1510 -
602 1491 738 1523 producat
756 1491 868 1517 codices.

949 262 1215 310 QUAESTIO
1245 262 1442 309 XXXVII,
1473 261 1768 298 ARTICULUS
1798 262 1830 297 ΙΙ

1433 352 1549 388 quam
1567 351 1733 388 persona
1760 339 2004 387 procedente,
2027 347 2063 376 et
2087 339 2166 388 ipsa
2195 339 2398 387 dilectione,
2418 348 2498 378 tan-

1433 405 1551 440 quam
1580 400 1666 429 actu
1694 392 1889 429 notionali.

1485 447 1544 481 AD
1572 456 1732 482 TERTIUM
1760 457 1944 482 DICENDUM
1978 444 2085 492 quod
2118 446 2231 481 Pater
2267 457 2347 482 non
2375 446 2499 482 solum

1433 497 1584 545 Filium,
1615 497 1682 535 sed
1702 497 1816 535 etiam
1835 510 1877 534 se
1897 505 1934 534 et
1951 509 2023 534 nos
2045 497 2159 544 diligit
2184 497 2326 545 Spiritu
2345 498 2498 534 Sancto.

1434 550 1545 598 Quia,
1566 557 1607 587 ut
1626 550 1770 587 dictum
1790 558 1846 587 est
1859 550 1891 597 ²¹⁴,
1911 550 2079 600 diligere,
2101 557 2214 599 prout
2228 556 2243 580 Ρ
2262 550 2501 588 notionaliter

1434 603 1614 650 sumitur,
1644 615 1724 640 non
1753 603 1877 640 solum
1914 603 2094 651 importat
2121 602 2418 651 productionem
2447 603 2501 640 di-

1432 655 1545 692 vinae
1573 668 1773 704 personae,
1803 655 1872 692 sed
1900 655 2015 692 etiam
2042 668 2249 705 personam
2273 655 2501 704 productam

1433 720 1502 756 per
1529 708 1694 745 modum
1723 708 1881 755 amoris,
1919 709 1984 758 qui
2011 709 2127 745 habet
2159 708 2424 746 habitudinem
2451 708 2502 746 ad

1434 772 1517 796 rem
1533 760 1720 798 dilectam.
1741 761 1864 807 Unde,
1881 761 1977 798 sicut
1990 762 2103 798 Pater
2123 761 2211 798 dicit
2230 773 2270 798 se
2291 769 2327 798 et
2341 773 2500 798 omnem

1435 820 1648 849 creaturam
1675 813 1806 850 Verbo
1840 814 1946 861 quod
1973 814 2122 862 genuit,
2152 814 2379 862 inquantum
2406 814 2501 851 Ver-

1435 865 1530 902 bum
1558 865 1727 913 genitum
1757 866 1988 903 sufficienter
2016 874 2273 916 repraesentat
2292 863 2446 904 Patrem
2467 874 2503 904 et

1435 929 1593 954 omnem
1623 924 1858 964 creaturam;
1887 918 1938 956 ita
1961 919 2077 968 diligit
2104 931 2146 956 se
2166 926 2202 956 et
2221 931 2379 957 omnem
2399 931 2502 957 crea-

1435 978 1559 1007 turam
1581 970 1722 1019 Spiritu
1741 971 1894 1018 Sancto,
1915 971 2141 1020 inquantum
2162 972 2322 1021 Spiritus
2342 973 2502 1010 Sanctus

1434 1023 1609 1072 procedit
1643 1030 1684 1060 ut
1721 1035 1832 1061 amor
1864 1024 2041 1062 bonitatis
2077 1024 2245 1074 primae,
2289 1025 2502 1063 secundum

1436 1088 1552 1125 quam
1583 1077 1697 1113 Pater
1730 1084 1834 1114 amat
1862 1089 1902 1113 se
1937 1084 1974 1114 et
2001 1089 2160 1114 omnem
2195 1085 2420 1115 creaturam.
2454 1079 2504 1115 Et

1435 1129 1489 1166 sic
1527 1128 1642 1166 etiarn
1678 1137 1783 1178 patet
1818 1130 1923 1178 quod
1960 1137 2154 1178 respectus
2191 1130 2419 1179 importatur
2453 1130 2504 1168 ad

1436 1189 1649 1219 creaturam
1682 1190 1719 1219 et
1746 1182 1785 1219 in
1803 1183 1933 1219 Verbo
1963 1190 2000 1220 et
2026 1183 2065 1220 in
2084 1184 2230 1220 Amore
2257 1184 2502 1232 procedente,

1436 1235 1543 1284 quasi
1558 1235 1802 1282 secundari03
1822 1235 2049 1284 inquantum
2069 1235 2208 1273 scilicet
2221 1235 2360 1273 veritas
2381 1243 2418 1273 et
2436 1236 2504 1274 bo-

1436 1288 1532 1325 nitas
1547 1294 1561 1308 '
1581 1287 1710 1325 divina
1729 1295 1785 1325 est
1802 1288 2029 1338 principium
2049 1288 2278 1337 intelligendi
2298 1296 2334 1326 et
2349 1288 2504 1326 amandi

1437 1352 1595 1377 omnem
1625 1348 1850 1379 creaturam.

1490 1456 1515 1489 ρ)
1531 1459 1624 1488 prout.
1641 1469 1660 1475 -
1677 1456 1821 1481 secundum
1840 1456 1913 1488 quod
1931 1456 2042 1481 codices.

1491 1490 1518 1523 σ)
1538 1491 1638 1516 veritas
1655 1494 1682 1516 et
1700 1491 1813 1516 bonitas.
1830 1505 1850 1510 -
1867 1491 1972 1516 bonitas
1990 1495 2017 1517 et
2034 1492 2134 1517 veritas
2152 1492 2215 1517 Pub.

992 1570 1324 1603 commentaria
1347 1569 1598 1604 Oardinah‘s
1620 1569 1823 1604 Caietam

347 1671 367 1691 N
391 1660 494 1696 titulo,
519 1660 643 1691 adverte
666 1659 764 1700 quod,
792 1659 865 1690 licet
888 1658 1031 1700 quaestio
1055 1666 1254 1699 proponatur
1276 1659 1315 1689 de
1338 1668 1380 1695 re,

320 1672 492 1741 Idicendo,
510 1704 624 1734 Utrum
640 1704 738 1734 Pater
752 1708 782 1734 et
795 1703 899 1734 Filius
914 1710 983 1739 etc.;
1001 1702 1166 1734 difficultas
1178 1710 1285 1733 tamen
1301 1702 1382 1733 circa

317 1748 479 1779 veritatem
498 1747 726 1788 propositionis
749 1754 907 1784 versatur;
933 1757 973 1777 an
992 1747 1108 1778 scilicet
1126 1747 1304 1787 propositio
1323 1747 1382 1778 ista

318 1792 358 1824 sit
379 1803 469 1829 vera,
493 1793 591 1822 Pater
613 1797 643 1822 et
666 1792 769 1822 Filius
791 1791 932 1832 diligunt
945 1801 980 1821 se
995 1791 1116 1831 Spiritu
1134 1791 1262 1822 Sancto.
1286 1791 1333 1821 De
1350 1801 1381 1821 re

318 1837 412 1873 enim,
438 1836 502 1866 sive
517 1836 655 1877 diligere
678 1842 822 1866 sumatur
844 1835 1055 1872 notionaliter,
1081 1834 1145 1865 sive
1168 1835 1380 1871 essentialiter,

318 1887 440 1911 constat
470 1880 638 1921 quomodo
671 1889 704 1910 se
727 1879 862 1911 habeant
890 1879 981 1910 Pater
1011 1886 1042 1910 et
1064 1878 1163 1909 Filius
1194 1886 1224 1910 et
1248 1878 1382 1919 Spiritus

317 1924 459 1956 Sanctus.

375 1969 412 1999 II.
438 1969 473 1998 In
497 1977 630 2008 corpore
653 1966 712 1998 tria
734 1966 823 1998 facit:
848 1967 964 2007 primo,
989 1967 1127 1998 ostendit
1149 1977 1278 1998 causam
1302 1966 1382 1997 diffi-

318 2012 457 2048 cultatis;
478 2012 629 2048 secundo,
655 2011 747 2042 refert
761 2011 903 2052 quinque
927 2010 1111 2051 opiniones;
1135 2011 1237 2048 tertio,
1253 2021 1383 2052 respon-

318 2057 370 2087 det
393 2055 545 2097 quaesito.

375 2101 427 2131 III.
452 2099 570 2137 Quoad
586 2100 748 2140 primum,
773 2099 852 2130 ratio
877 2098 1067 2130 difficultatis
1091 2105 1138 2130 est
1161 2099 1241 2130 circa
1263 2109 1383 2140 propo-

318 2144 485 2180 sitionem,
518 2144 592 2184 quia
615 2143 667 2174 ille
690 2143 844 2174 ablativus
873 2143 995 2184 Spiritu
1027 2143 1144 2174 Sancto
1175 2143 1299 2174 videtur
1322 2144 1382 2174 im-

318 2195 442 2229 portare
465 2187 684 2218 habitudinem
707 2187 853 2227 principii
877 2194 1020 2227 respectu
1044 2187 1219 2218 dilectionis
1242 2187 1275 2218 in
1294 2188 1383 2219 Patre

319 2239 350 2263 et
372 2231 471 2262 Filio:
496 2232 585 2272 quod
608 2238 714 2262 tamen
738 2238 784 2262 est
806 2231 1013 2271 impossibile.

377 2275 494 2312 Quoad
515 2275 702 2312 secundum,
727 2275 895 2315 opiniones
919 2274 992 2305 satis
1011 2275 1110 2305 clarae
1126 2275 1249 2306 suntin
1271 2275 1382 2307 littera.

375 2320 428 2350 IV.
440 2319 557 2357 Quoad
573 2320 712 2356 tertium,
731 2319 822 2359 ponit
838 2319 916 2349 duas
933 2318 1165 2356 conclusiones,
1183 2319 1268 2350 iuxta
1283 2329 1384 2350 mem-

319 2364 374 2394 bra
393 2363 601 2394 distinctionis
625 2362 824 2403 praemissae,
850 2362 981 2393 scilicet:
1006 2362 1143 2403 diligere
1166 2363 1303 2394 sumitur
1325 2364 1382 2394 du-

320 2407 455 2448 pliciter,
481 2407 692 2438 essentialiter
721 2413 753 2437 et
775 2407 989 2437 notionaliter.
1018 2406 1123 2437 Prima
1152 2407 1315 2438 conclusio
1339 2414 1386 2439 est

320 2452 418 2492 quod,
444 2451 600 2482 sumendo
624 2451 761 2492 diligere
784 2450 1001 2487 essentialiter,
1025 2451 1117 2481 Pater
1144 2458 1174 2481 et
1196 2451 1295 2482 Filius
1319 2461 1385 2482 non

320 2495 455 2535 diligunt
478 2505 510 2525 se
534 2494 652 2535 Spiritu
673 2495 798 2526 Sancto.
824 2513 844 2517 —
867 2494 1012 2525 Secunda
1035 2501 1082 2525 est
1105 2495 1203 2535 quod,
1228 2496 1385 2526 sumendo

319 2539 457 2580 diligere
479 2539 703 2575 notionaliter,
737 2538 828 2569 Pater
858 2545 888 2569 et
918 2538 1017 2569 Filius
1041 2538 1176 2578 diligunt
1206 2549 1238 2570 se
1267 2539 1385 2579 Spiritu

320 2583 446 2614 Sancto.

375 2627 582 2667 Declaratque
597 2637 648 2657 eas
664 2637 699 2657 ac
715 2627 839 2667 probat,
856 2626 1009 2657 trahendo
1034 2626 1179 2667 quintam
1198 2626 1386 2667 opinionem

321 2672 361 2702 ad
388 2672 512 2702 bonum
540 2681 685 2707 sensum,
710 2680 747 2701 ex
770 2671 897 2701 duobus
921 2670 1146 2702 fundamentis.
1171 2672 1316 2702 Alterum
1340 2679 1386 2703 est

321 2716 360 2746 de
375 2715 407 2756 ly
418 2715 595 2756 formalis:
617 2715 750 2745 alterum
771 2715 808 2745 de
828 2715 927 2745 modo
952 2714 1188 2746 denominandi.
1206 2733 1226 2738 —
1241 2715 1385 2747 Primum

321 2759 415 2799 igitur
439 2766 492 2790 est.
518 2759 624 2790 Omne
648 2759 866 2795 denominans,
891 2765 926 2789 ut
949 2759 1002 2795 sic,
1026 2758 1120 2790 habet
1143 2759 1299 2791 rationem
1322 2759 1384 2791 for-

322 2803 422 2834 malis.
454 2803 495 2834 Et
518 2803 690 2833 declaratur
717 2803 898 2843 dupliciter:
922 2802 1044 2843 prim0,
1069 2803 1145 2843 quia
1167 2813 1215 2834 res
1239 2814 1384 2835 commu-

322 2847 401 2878 niter
424 2857 442 2877 a
464 2846 575 2882 formis
599 2846 859 2883 denominantur;
884 2847 1035 2883 secundo,
1060 2847 1206 2888 exemplo
1230 2847 1268 2878 de
1290 2849 1384 2879 vesti-

322 2897 442 2922 mento.
459 2909 478 2914 —
495 2891 679 2922 Secundum
693 2901 768 2921 vero
788 2898 843 2922 est.
867 2891 1049 2922 Producens
1066 2891 1263 2922 denominari
1279 2899 1384 2932 potest

322 2935 359 2966 ab
375 2945 413 2966 eo
428 2935 517 2976 quod
540 2935 578 2965 ab
602 2934 673 2975 ipso
697 2935 839 2975 procedit
854 2945 919 2965 non
936 2935 1043 2965 solum
1059 2942 1094 2966 ut
1110 2935 1201 2972 actio,
1217 2937 1272 2966 sed
1289 2937 1383 2967 etiam

322 2987 357 3010 ut
371 2979 513 3010 effectus:
539 2979 594 3009 sed
617 2978 679 3009 hoc
695 2979 824 3019 quando
840 2979 906 3019 ipse
923 2978 1050 3010 effectus
1064 2979 1097 3010 in
1113 2979 1273 3011 intellectu
1289 2981 1384 3011 actio-

322 3023 370 3054 nis
395 3023 558 3054 clauditur.
582 3022 687 3053 Prima
708 3033 780 3063 pars
804 3023 899 3054 huius
919 3023 1092 3054 declaratur
1115 3023 1148 3054 in
1171 3023 1243 3063 igne
1258 3031 1287 3056 et
1304 3025 1382 3056 cale-

322 3067 475 3098 factione:
501 3066 638 3097 secunda
661 3073 768 3097 autem
791 3066 824 3097 in
847 3068 957 3097 arbore
980 3074 1011 3098 et
1033 3067 1174 3098 floribus.

379 3111 425 3141 Ex
449 3111 497 3141 his
521 3110 615 3146 enim,
641 3110 808 3141 subiuncto
831 3110 992 3142 intellectu
1015 3111 1114 3151 ipsius
1131 3111 1259 3152 diligere
1278 3111 1382 3144 notio·-

322 3155 446 3191 naliter,
471 3164 528 3195 pro
553 3154 690 3185 secunda
714 3154 918 3185 conclusione
940 3155 1010 3185 talis
1034 3162 1080 3186 est
1103 3155 1268 3195 formanda
1291 3156 1380 3188 ratio.

323 3199 599 3239 Quandocumque
627 3198 661 3228 in
691 3198 849 3229 intellectu
883 3198 1015 3229 actionis
1048 3199 1204 3230 clauditur
1235 3200 1380 3237 effectus,

323 3253 416 3282 agens
432 3249 537 3283 potest
553 3242 750 3272 denominari
774 3243 812 3272 ab
836 3243 958 3273 actione
975 3250 1004 3274 et
1021 3242 1149 3274 effectu:
1174 3244 1229 3274 sed
1246 3244 1382 3284 diligere,

322 3286 523 3316 notionaliter
547 3292 722 3326 sumptum,
741 3293 786 3316 est
809 3286 890 3317 actio
914 3286 1116 3317 huiusmodi:
1142 3297 1216 3327 ergo
1240 3288 1331 3318 Pater
1354 3294 1383 3319 et

323 3330 420 3360 Filius
440 3337 573 3370 possunt
592 3330 789 3360 denominari
806 3337 836 3361 et
851 3331 1018 3361 dilectione
1034 3338 1064 3362 et
1079 3331 1202 3371 Spiritu
1218 3331 1346 3363 Sancto.
1363 3350 1383 3354 -

323 3374 427 3404 Minor
451 3374 623 3405 declaratur
646 3374 827 3414 dupliciter:
848 3374 962 3414 primo,
984 3376 1172 3414 exponendo
1194 3375 1228 3416 ly
1246 3375 1384 3418 diligere

323 3418 549 3455 notionaliter;
579 3418 718 3448 secundo
742 3428 779 3448 ex
803 3418 896 3448 simili
920 3418 964 3448 illi
987 3419 1101 3450 dicere.

379 3461 483 3491 Prima
502 3468 607 3492 autern
623 3462 786 3492 conclusio
803 3462 973 3502 Augustini
989 3462 1172 3494 auctoritate
1188 3463 1320 3504 probata
1335 3472 1383 3493 re·

321 3504 483 3545 linquitur,
508 3512 619 3545 utpote
643 3505 778 3536 evidens.

380 3549 416 3578 V.
443 3548 532 3579 Circa
555 3549 631 3579 haec
656 3549 735 3580 dicta
764 3559 822 3599 pro
847 3550 985 3580 secunda
1010 3550 1223 3588 conclusione,
1249 3550 1383 3581 dubium

323 3598 369 3622 est
392 3592 565 3631 multiplex.
591 3593 703 3623 Scotus
727 3593 821 3629 enim,
847 3594 879 3624 in
904 3594 931 3630 I,
957 3594 1026 3625 dist.
1047 3605 1137 3631 xxxn,
1158 3605 1211 3635 qu.
1236 3605 1256 3630 1,
1281 3594 1383 3635 arguit

1435 1658 1691 1699 quadrupliciter.
1714 1659 1836 1699 Primo,
1853 1665 1962 1690 contra
1979 1659 2225 1690 fundamentum
2241 1659 2419 1700 positionis.
2443 1660 2504 1690 Ae-

1435 1702 1569 1743 dificare
1591 1702 1743 1743 importat
1766 1703 1959 1744 aedificium,
1985 1713 2059 1734 cum
2082 1703 2122 1734 sit
2141 1703 2252 1734 aedem
2275 1703 2389 1734 facere:
2414 1709 2446 1734 et
2459 1710 2504 1735 ta-

1436 1756 1511 1776 men
1527 1756 1593 1777 non
1609 1747 1723 1778 dicitur
1738 1747 1926 1788 aedificator
1940 1747 2089 1788 aedificat
2103 1747 2192 1778 aede.
2218 1748 2259 1778 Et
2277 1747 2311 1778 in
2327 1747 2504 1788 proposito,

1435 1791 1562 1830 spirare
1584 1791 1736 1831 importat
1758 1792 1919 1831 spiritum,
1940 1798 1987 1822 est
2010 1791 2096 1821 enim
2120 1791 2262 1822 emittere
2285 1790 2449 1831 spiritum:
2474 1797 2506 1825 et

1435 1841 1543 1865 tamen
1566 1844 1633 1864 non
1658 1834 1841 1865 conceditur
1863 1834 1953 1875 quod
1975 1836 2098 1876 spirent
2119 1834 2394 1876 Spiritu'sancto.
2419 1835 2505 1876 Ergo

1437 1878 1682 1909 fundamentum
1704 1878 1843 1909 nullum.

1493 1922 1652 1960 Secundo,
1677 1922 1753 1954 dato
1777 1923 1867 1964 quod
1895 1922 1966 1954 talis
1993 1923 2184 1963 praedicatio
2207 1923 2403 1964 quandoque
2430 1932 2506 1954 con·

1437 1966 1607 2003 cederetur,
1631 1976 1699 1997 non
1721 1973 1829 1998 tamen
1852 1974 1933 1998 esset
1956 1966 2139 1998 conversiva
2157 1977 2253 2007 super
2275 1977 2380 2007 agens.
2405 1966 2505 2004 Quod

1436 2018 1543 2042 tamen
1566 2010 1599 2041 in
1622 2011 1790 2051 proposito
1814 2011 1935 2048 accidit,
1960 2021 2035 2042 cum
2058 2011 2182 2048 dicitur,
2206 2011 2349 2053 diligunt
2370 2020 2415 2042 se.

1497 2055 1624 2092 Tertio,
1648 2054 1681 2085 in
1706 2055 1941 2086 constructione
1965 2055 2144 2091 transitiva,
2169 2065 2336 2097 nunquam
2360 2054 2508 2106 effectus,

1437 2103 1474 2130 ut
1489 2098 1625 2135 effectus,
1644 2098 1837 2130 construitur
1858 2099 1892 2130 in
1915 2099 2067 2131 ablativo:
2091 2079 2230 2142 diligere
2250 2105 2357 2130 autem
2376 2106 2423 2131 est
2437 2102 2508 2131 ver-

1437 2143 1516 2174 bum
1539 2142 1757 2174 transitivum:
1783 2153 1868 2183 ergo.

1497 2187 1634 2225 Quarto,
1659 2187 1761 2227 arguit
1783 2194 1893 2218 contra
1917 2187 2098 2227 exemplum
2121 2187 2160 2218 de
2169 2187 2309 2228 florere,
2327 2186 2506 2228 dupliciter.

1438 2231 1555 2267 Primo,
1580 2231 1655 2271 quia
1679 2230 1789 2261 florere
1813 2241 1879 2261 non
1903 2238 1948 2262 est
1962 2231 2084 2271 florem
2103 2231 2296 2271 producere.
2319 2231 2409 2263 Tum
2430 2230 2507 2272 quia

1439 2281 1486 2306 est
1500 2275 1634 2306 verbum
1647 2282 1807 2311 neutrum,
1824 2275 1913 2315 quod
1929 2274 2082 2325 significat
2100 2275 2186 2306 idem
2200 2276 2290 2316 quod
2308 2285 2406 2307 suum
2421 2274 2506 2306 adie-

1439 2318 1568 2355 ctivum,
1586 2318 1612 2349 si
1628 2325 1708 2349 esset
1731 2318 1938 2359 impositum
1963 2318 2043 2349 sicut
2065 2319 2171 2350 calere
2193 2326 2240 2350 est
2263 2329 2332 2350 esse
2354 2318 2505 2351 calidum.

1439 2363 1527 2393 Tum
1551 2362 1636 2403 quia,
1661 2362 1747 2393 addit
1770 2362 1928 2393 Aureolus
1944 2362 1970 2399 *,
1996 2362 2022 2393 si
2044 2363 2132 2400 Deus
2155 2363 2259 2394 arbori
2282 2363 2376 2394 flores
2398 2362 2506 2404 impri-

1439 2413 1554 2443 meret,
1585 2406 1664 2437 nihil
1687 2406 1793 2437 minus
1824 2407 1917 2438 arbor
1945 2406 2098 2437 diceretur
2126 2406 2247 2438 florere.
2271 2425 2291 2429 —
2315 2407 2403 2438 Tum
2431 2406 2507 2449 quia

1439 2450 1622 2490 exemplum
1645 2460 1711 2481 non
1729 2457 1776 2481 est
1792 2450 1903 2481 simile.
1928 2450 2012 2488 Quia
2032 2450 2186 2482 ablativus
2208 2451 2242 2482 in
2263 2451 2361 2482 verbo
2380 2457 2504 2488 neutro,

1439 2495 1533 2535 quale
1550 2501 1596 2525 est
1609 2495 1754 2534 florere,
1779 2504 1845 2524 non
1869 2494 2062 2526 construitur
2075 2501 2111 2526 ut
2127 2495 2280 2526 terminus
2297 2494 2447 2526 actionis:
2471 2494 2505 2526 in

1439 2539 1607 2579 proposito
1627 2546 1735 2570 autem
1750 2546 1796 2569 est
1811 2548 1916 2569 sermo
1941 2539 1979 2568 de
2002 2538 2138 2569 termino
2157 2539 2289 2570 actionis
2311 2539 2346 2570 in
2369 2539 2506 2571 ablativo

1440 2589 1583 2623 respectu
1606 2582 1692 2613 verbi
1716 2582 1817 2618 activi,
1843 2582 1937 2623 quale
1960 2589 2007 2613 est
2028 2582 2208 2624 diligere.

1499 2627 1552 2658 Vl.
1578 2627 1628 2657 Ad
1644 2626 1834 2658 evidentiam
1848 2626 1943 2657 huius
1963 2626 2185 2667 ambiguitatis,
2202 2633 2279 2658 nota
2296 2615 2372 2659 duo.
2396 2626 2504 2658 Primo

1439 2671 1542 2712 quod,
1568 2680 1642 2701 cum
1672 2669 1704 2700 in
1734 2669 1942 2702 fundamento
1966 2670 2134 2711 positionis
2157 2670 2288 2708 dicitur,
2319 2671 2448 2712 quando
2470 2671 2505 2702 in

1439 2715 1620 2746 intellectu
1623 2715 1758 2745 actionis
1781 2721 1854 2751 etc„
1884 2714 2050 2754 dupliciter
2072 2714 2203 2755 intelligi
2226 2721 2348 2755 potest:
2378 2715 2503 2756 primo,

1439 2759 1478 2789 de
1496 2758 1655 2790 intellectu
1675 2758 1807 2789 actionis
1826 2759 1984 2795 absolute3
2004 2759 2156 2796 secundo,
2172 2759 2211 2790 de
2230 2758 2390 2790 intellectu
2409 2759 2505 2791 actio-

1439 2803 1487 2833 nis
1515 2803 1562 2834 sic
1583 2802 1794 2843 significatae.
1829 2803 1865 2832 ln
1888 2802 2055 2844 proposito
2087 2813 2154 2834 non
2184 2802 2368 2843 intelligitur
2397 2802 2503 2844 primo

1438 2847 1558 2883 modo,
1587 2846 1642 2877 sed
1665 2846 1814 2877 secund0.
1840 2849 1938 2877 Actus
1963 2846 2048 2878 enim
2070 2846 2241 2879 notionalis
2269 2850 2336 2888 quo
2359 2847 2451 2878 Pater
2473 2853 2504 2879 et

1438 2890 1537 2921 Filius
1560 2890 1743 2931 producunt
1764 2890 1916 2931 Spiritum
1932 2891 2094 2928 Sanctum,
2114 2890 2209 2922 unius
2232 2897 2357 2922 tantum
2374 2890 2503 2922 rationis

1437 2941 1484 2966 est
1499 2935 1658 2966 absolute:
1684 2934 1809 2965 alterius
1826 2941 1931 2966 tamen
1949 2943 1995 2966 est
2010 2934 2202 2975 significatus
2218 2933 2347 2965 nomine
2362 2935 2501 2975 spirare,

1438 2986 1468 3010 et
1491 2979 1622 3010 nomine
1645 2978 1782 3020 diligere
1789 2989 1803 3017 ,·
1827 2989 1885 3018 pro
1910 2987 2030 3020 quanto
2046 2978 2167 3020 aliquid
2187 2978 2304 3009 claudit
2325 2978 2359 3008 in
2381 2978 2503 3010 ratione

1437 3033 1494 3054 sua
1518 3030 1553 3054 ut
1575 3022 1767 3063 significatur
1797 3022 1973 3054 dilectionis
2001 3023 2148 3059 nomine,
2172 3023 2262 3063 quod
2290 3032 2357 3053 non
2385 3022 2503 3055 claudit

1437 3074 1472 3098 ut
1496 3066 1688 3107 significatur
1713 3067 1897 3107 spirationis
1919 3067 2095 3103 vocabulo;
2120 3073 2156 3098 ut
2177 3066 2211 3097 in
2233 3066 2335 3098 littera
2357 3066 2500 3104 habetur,

1436 3111 1469 3141 in
1493 3111 1699 3151 responsione
1723 3111 1762 3141 ad
1786 3111 1972 3142 secundum.

1493 3155 1640 3186 Secundo
1663 3155 1788 3186 adverte
1811 3155 1899 3196 quod
1922 3155 1955 3186 in
1978 3154 2138 3187 intellectu
2162 3160 2250 3185 actus
2269 3154 2313 3185 sic
2337 3153 2501 3194 significati

1437 3198 1540 3229 claudi
1564 3198 1719 3235 effectum,
1740 3199 1894 3239 contingit
1917 3198 2092 3240 dupliciter.
2116 3198 2190 3229 Uno
2210 3198 2320 3235 modo,
2345 3203 2380 3229 ut
2401 3199 2500 3239 speci-

1426 3243 1595 3284 ficantem,
1621 3253 1676 3273 seu
1701 3243 1962 3274 determinantem
1985 3242 2169 3284 qualitatem
2193 3242 2339 3278 actionis,
2363 3241 2445 3273 sicut
2466 3241 2500 3272 in

1436 3287 1586 3318 dealbare
1610 3287 1766 3318 clauditur
1789 3287 1912 3323 albedo,
1934 3293 1964 3317 et
1978 3286 2011 3317 in
2031 3286 2210 3328 calefacere
2233 3286 2388 3317 clauditur
2404 3286 2500 3322 calor,

1437 3337 1467 3361 et
1486 3331 1529 3360 sic
1553 3331 1591 3361 de
1615 3331 1700 3361 aliis:
1726 3338 1762 3361 ut
1777 3331 1863 3361 enim
1878 3331 2060 3362 ostendatur
2074 3331 2163 3371 quod
2182 3340 2248 3361 non
2271 3330 2500 3371 quodcumque

1437 3374 1546 3410 facere,
1572 3375 1626 3405 sed
1649 3375 1709 3405 tale
1729 3374 1929 3414 significetur,
1946 3373 2127 3415 calefacere
2150 3381 2182 3405 et
2203 3374 2354 3405 dealbare
2369 3381 2400 3405 et
2414 3373 2500 3404 aedi—

1426 3418 1536 3459 ficare
1551 3419 1695 3449 dicimus.
1721 3419 1867 3449 Secundo
1884 3418 1983 3448 modo
2001 3418 2156 3449 clauditur
2171 3417 2298 3449 effectus
2319 3423 2354 3448 ut
2369 3418 2499 3448 coniun-

1437 3467 1506 3492 ctus
1530 3463 1578 3492 illi
1600 3464 1718 3493 actioni
1741 3467 1777 3493 ut
1793 3462 1986 3502 productum
2010 3471 2089 3492 suae
2106 3462 2332 3502 productioni:
2354 3467 2390 3492 ut
2411 3461 2445 3491 in
2467 3460 2500 3501 ly

1437 3506 1518 3543 dico,
1538 3506 1687 3537 vocaliter
1711 3513 1850 3546 sumpto,
1869 3505 2025 3536 clauditur
2047 3506 2180 3537 verbum
2195 3505 2320 3542 vocale;
2345 3511 2391 3536 est
2414 3503 2499 3535 enim

1436 3549 1543 3580 dicere
1565 3550 1698 3580 verbum
1721 3549 1869 3590 proferre.
1895 3549 1935 3580 Et
1957 3549 2018 3580 hoc
2042 3550 2141 3580 modo
2166 3549 2302 3580 sumitur
2324 3549 2357 3579 in
2380 3557 2500 3588 propo-

1437 3593 1509 3624 sito.
1540 3593 1584 3623 Ita
1607 3594 1695 3634 quod
1719 3603 1828 3624 sensus
1856 3593 1939 3624 illius
1964 3593 2161 3624 fundamenti
2184 3600 2247 3624 est:
2273 3592 2500 3630 Quandocum—

2525 552 2537 563 ⁸
2551 552 2603 573 Art.
2618 552 2725 580 praeced.

2626 589 2639 614 Ρ

2532 2364 2574 2386 ·Ι
2587 2359 2666 2392 Sena,
2687 2365 2744 2388 dist.

2532 2397 2606 2419 xxxii,
2620 2394 2663 2414 art.
2673 2397 2691 2414 Ι.
