2768 4178
0 543 17 567 ,¹
43 549 53 559 ·
65 548 174 576 Qui-xm,
184 551 255 576 art-5.

10 751 19 765 ⁸
41 771 52 783 ⁸
71 770 103 793 e·
122 771 253 793 ,ι-υιᾱ.

112 803 254 826 a‚cap.1,

38 990 52 1002 ⁴
64 989 91 1013 ln
105 989 238 1014 Commeat.

42 2657 118 2715 ιφὲἓῑ
129 2695 141 2717 ÷
126 2663 243 2715 '‘sh-
218 2657 252 2686 ⁶

39 2737 42 2750 y
77 2715 140 2734 .xu.

968 253 1235 300 QUAESTlo
1264 253 1400 300 XLIV,
1430 253 1728 292 ARTICULUS
1758 255 1790 290 11

343 328 501 366 Secundo,
519 330 608 371 quod
625 332 758 367 Auctor,
782 337 916 362 tractans
940 332 979 362 de
1003 331 1159 362 creatione
1175 331 1236 367 hic,
1256 331 1353 362 subti-

284 372 403 403 lissima
427 380 491 404 arte
515 384 592 404 usus
617 381 672 405 est.
701 375 857 406 Processit
884 385 1023 416 namque
1047 386 1084 406 ex
1106 385 1178 406 vere
1205 376 1353 416 propriis.

285 416 399 448 Creare
416 418 502 448 enim
519 428 594 448 cum
609 418 687 455 nihil
710 419 797 449 aliud
816 419 856 450 sit
874 429 973 459 quam
988 419 1089 450 facere
1112 420 1201 460 quod
1217 430 1266 450 res
1282 420 1352 456 sint,

285 468 315 492 et
331 471 398 491 non
413 461 554 492 includat
568 463 658 503 quod
682 462 744 493 sint
766 463 843 494 tales
866 463 917 493 vel
937 463 1024 499 tales,
1041 463 1127 493 idem
1142 470 1188 494 est
1204 474 1353 504 quaerere

285 511 459 536 creatorem
482 506 606 536 entium
629 506 786 543 omnium,
809 513 840 537 et
863 517 991 537 causam
1015 506 1190 537 effectivam
1206 508 1354 538 omnium

283 549 476 590 inquantum
499 550 601 586 entia,
626 557 662 581 ut
685 550 780 581 etiam
802 550 932 581 inferius
947 550 967 569 θ
989 551 1103 581 clarius
1126 552 1254 591 patebit.
1279 553 1353 582 Non

283 599 389 633 potest
404 600 512 624 autem
528 594 629 644 magis
651 594 780 635 propria
799 604 892 631 causa
911 595 1043 631 entium,
1058 595 1251 646 inquantum
1271 596 1354 627 entia

283 643 368 674 sunt,
392 637 551 677 assignari,
576 648 676 678 quam
699 647 766 669 esse
789 648 845 678 per
868 639 1046 675 essentiam,
1071 646 1107 670 ut
1125 639 1185 675 sic;
1210 639 1291 671 sicut
1308 641 1354 670 vi-

282 681 437 718 ventium,
461 682 655 722 inquantum
672 681 819 718 viventia,
843 682 907 714 vita
930 693 986 723 per
1010 683 1188 720 essentiam,
1214 691 1244 714 et
1262 694 1352 715 vero-

282 734 365 761 rum,
389 725 583 766 inquantum
601 735 683 761 vera,
703 726 816 757 veritas
831 737 887 766 per
902 727 1086 763 essentiam;
1111 727 1198 758 iuxta
1216 729 1353 759 auctori-

282 774 380 799 tatem
394 769 421 799 11
435 769 620 810 Metaphys.
629 768 657 806 *,
674 776 706 800 et
718 770 975 810 propositionem
989 782 1063 802 xvm
1078 771 1148 802 libri
1164 773 1203 803 de
1221 773 1354 811 Causis;

282 813 499 844 subintellecta
522 813 713 853 proprietate
737 824 848 845 causae
873 815 1046 853 effectivae,
1078 825 1159 856 quae
1183 823 1230 847 est
1252 816 1352 848 facere

282 856 342 887 sibi
365 856 479 887 simile.

339 900 393 932 IX.
417 901 454 931 In
477 901 684 941 responsione
703 903 744 932 ad
762 902 913 943 primum,
930 911 1010 935 esset
1026 903 1170 940 dubium,
1187 914 1227 935 an
1242 905 1351 936 relatio

282 943 448 975 creationis
471 945 614 985 passivae
638 946 848 986 distinguatur
871 948 992 978 realiter
1008 958 1026 978 a
1040 958 1073 979 re
1097 955 1213 979 creata:
1239 949 1294 979 sed
1313 950 1351 980 de

280 987 343 1019 hoc
367 988 424 1020 erit
447 999 553 1020 sermo
577 990 709 1021 articulo
733 991 824 1021 tertio
848 991 1043 1032 quaestionis
1065 992 1166 1023 va*.

338 1033 376 1064 X.
398 1033 433 1063 In
448 1034 655 1085 responsione
675 1035 715 1065 ad
733 1035 920 1072 secundum,
937 1036 1061 1067 adverte
1081 1037 1170 1087 quod
1186 1037 1350 1077 responsio

281 1075 422 1107 formalis
447 1077 590 1109 consistit
618 1078 651 1108 in
682 1079 850 1119 negatione
880 1080 964 1111 illius
987 1080 1135 1117 maioris,
1170 1081 1265 1118 Quod
1287 1091 1349 1112 non

273 1126 380 1161 potest
403 1131 466 1152 non
490 1131 569 1160 esse,
595 1133 657 1154 non
683 1123 807 1164 indiget
829 1133 928 1155 causa
952 1124 1126 1166 efficiente,‘
1147 1134 1203 1155 seu
1221 1134 1284 1155 non
1301 1127 1348 1156 in-

279 1165 369 1206 diget
384 1176 484 1197 causa
500 1166 598 1197 dante
609 1167 669 1198 sibi
683 1168 768 1208 quod
782 1169 834 1198 sit.
850 1168 892 1198 Et
904 1168 985 1199 ratio
1002 1169 1177 1208 assignatur
1189 1169 1221 1199 in
1233 1169 1349 1200 littera:

279 1209 355 1251 quia
367 1217 414 1241 est
426 1209 547 1241 fallacia
563 1210 808 1252 Consequentis‚
819 1222 838 1242 a
854 1212 998 1252 pluribus
1015 1213 1116 1243 causis
1132 1212 1280 1249 veritatis,
1291 1220 1349 1244 etc.

279 1253 421 1294 Indigere
445 1254 532 1285 enim
554 1265 648 1287 causa
671 1255 834 1292 efficiente,
855 1256 1010 1296 contingit
1025 1267 1063 1287 ex
1079 1257 1220 1287 duobus:
1244 1257 1295 1287 vel
1314 1267 1351 1288 ex

280 1296 561 1339 eoquod-‘potest
576 1309 643 1330 esse
659 1306 691 1330 et
705 1310 773 1330 non
789 1309 871 1336 esse;
895 1300 946 1331 vel
961 1310 998 1331 ex
1015 1310 1053 1331 eo
1070 1301 1160 1341 quod
1176 1309 1242 1330 non
1259 1308 1349 1337 esset,

278 1341 305 1372 si
328 1351 432 1379 causa,
455 1342 649 1384 inquantum
673 1354 776 1380 causa,
793 1354 859 1374 non
875 1350 964 1380 esset,
984 1344 1066 1375 idest
1088 1344 1115 1375 si
1138 1345 1178 1375 ab
1201 1344 1264 1375 alio
1283 1355 1350 1375 non

277 1385 407 1418 haberet
428 1386 508 1418 illud
532 1396 618 1424 esse;
647 1387 734 1419 hunc
761 1388 848 1419 enim
870 1398 1000 1419 sensum
1023 1398 1135 1419 causae
1159 1398 1278 1419 nomen
1301 1389 1349 1419 in-

279 1429 393 1462 sinuat.

335 1474 378 1505 Et
407 1473 490 1506 hanc
517 1475 810 1515 interpretationem
841 1475 1005 1517 diligenter
1036 1483 1158 1508 notato.
1189 1477 1249 1508 Per
1279 1487 1350 1508 earn

277 1517 365 1549 enim
383 1518 518 1550 solvitur
540 1519 695 1550 dubitatio
718 1520 825 1550 minus
849 1520 1083 1561 penetrantium
1102 1521 1183 1552 hanc
1202 1521 1348 1558 litteram,

278 1568 309 1593 et
330 1562 518 1593 instantium
540 1564 630 1603 quod
653 1574 720 1594 non
743 1564 836 1601 valet,
859 1565 919 1595 hoc
938 1575 1001 1595 non
1023 1571 1105 1596 esset
1126 1566 1156 1596 si
1178 1565 1261 1596 illud
1284 1576 1348 1596 non

277 1611 370 1644 esset,
394 1616 474 1648 ergo
498 1607 580 1638 illud
602 1613 649 1638 est
667 1618 766 1639 causa
789 1609 896 1646 huius,
922 1615 957 1640 ut
980 1616 1066 1649 patet
1087 1609 1121 1639 in
1146 1610 1347 1647 correlativis,

277 1656 308 1682 et
330 1650 426 1682 etiam
448 1650 482 1681 in
503 1651 636 1682 homine
660 1658 691 1683 et
713 1653 847 1684 risibili:
869 1653 970 1683 homo
1001 1653 1088 1684 enim
1110 1664 1178 1684 non
1201 1661 1297 1690 esset,
1323 1655 1348 1685 si

275 1693 392 1725 risibile
415 1705 483 1726 non
506 1702 596 1733 esset,
621 1703 652 1727 et
674 1703 781 1727 tamen
799 1697 916 1728 risibile
932 1707 998 1728 non
1015 1705 1062 1729 est
1085 1708 1179 1729 causa
1197 1698 1346 1730 hominis.

276 1737 410 1770 Cessant
433 1739 519 1770 enim
534 1740 612 1771 haec
635 1741 754 1777 omnia,
772 1741 798 1772 si
813 1749 1015 1782 perspectum
1032 1742 1127 1773 fuerit
1142 1743 1232 1783 quod
1247 1742 1348 1774 littera

275 1783 316 1814 de
339 1793 434 1814 causa
456 1783 650 1824 inquantum
679 1795 786 1822 causa,
810 1792 841 1817 et
862 1795 929 1816 non
953 1787 992 1816 de
1016 1796 1049 1816 re
1073 1797 1155 1827 quae
1179 1793 1226 1817 est
1254 1797 1348 1818 causa

276 1827 430 1864 absolute,
453 1828 606 1869 loquitur.
632 1829 723 1860 Valet
747 1830 842 1866 enim,
867 1831 894 1860 A
915 1840 978 1861 non
998 1836 1079 1861 esset
1097 1832 1126 1861 si
1144 1841 1243 1862 causa
1260 1832 1348 1862 illius

276 1881 340 1902 non
364 1877 456 1910 esset,
472 1872 553 1903 idest
570 1874 599 1904 si
617 1883 680 1904 non
705 1879 908 1912 causaretur,
929 1885 1009 1916 ergo
1023 1876 1052 1905 A
1070 1880 1142 1916 eget
1165 1885 1274 1906 causa.
1300 1876 1346 1906 Illi

275 1922 383 1947 autem
411 1916 696 1957 interpretabantur
720 1918 758 1948 de
782 1928 814 1948 re
838 1929 919 1960 quae
943 1926 990 1950 est
1013 1929 1107 1950 causa
1135 1919 1344 1950 materialiter.

330 1959 384 1992 XI.
401 1960 493 1992 Circa
508 1962 643 1992 eandem
665 1962 918 2013 responsionem,
936 1963 1100 2003 diligenter
1116 1964 1241 1995 adverte
1257 1964 1347 2014 quod

275 2006 398 2036 Auctor
412 2005 556 2046 explicite
573 2006 718 2037 concedit
732 2007 824 2047 plura
840 2007 924 2038 entia
939 2008 1127 2038 necessaria:
1145 2008 1234 2049 quod
1251 2008 1346 2039 etiam

2391 254 2470 301 457

1409 333 1522 373 probat
1537 333 1570 363 in
1586 334 1612 363 ΙΙ
1633 333 1755 364 Contra
1773 333 1876 371 Gent„
1898 344 1965 374 cap.
1981 344 2051 364 xxx.
2076 334 2117 365 Et
2139 333 2217 365 scito
2241 334 2340 375 quod,
2363 344 2473 365 secun-

1409 378 1488 407 dum
1511 387 1587 414 rem,
1612 378 1700 408 nulla
1723 377 1803 408 forte
1828 384 1873 408 est
1897 378 2050 409 dissensio
2073 378 2159 409 Scoti
2182 379 2220 409 ab
2239 381 2394 415 Auctore;
2419 379 2474 409 sed

1408 422 1633 452 tantummodo
1650 421 1683 451 in
1698 422 1869 453 vocabulis.
1891 422 2054 460 Quoniam
2073 423 2195 459 Scotus,
2213 429 2243 453 et
2257 422 2309 453 alii
2325 433 2474 463 sequaces

1409 465 1485 501 eius,
1503 465 1633 496 nomine
1650 467 1824 497 necessarii
1840 467 2027 507 simpliciter
2041 466 2221 506 intelligunt
2235 467 2268 496 id
2282 467 2370 508 quod
2386 467 2474 497 nulla

1408 509 1550 549 potentia
1563 516 1668 549 potest
1691 520 1758 540 non
1782 520 1848 540 esse
1863 510 1896 540 *ς
1922 517 1953 541 et
1976 510 2018 541 sic
2044 511 2150 541 solum
2166 511 2272 541 Deum
2287 511 2396 542 dicunt
2418 521 2472 541 ne-

1409 553 1578 583 cessarium
1602 554 1794 593 simpliciter.
1820 554 1952 585 Sanctus
1969 555 2112 585 Thomas
2131 562 2248 591 autem,
2264 555 2473 596 peripateticis

1409 597 1608 628 sermonibus
1632 605 1784 634 assuetus,
1808 598 1893 629 iuxta
1916 598 2106 629 intentiones
2122 599 2151 630 V
2165 600 2348 640 Metaphys.
2365 599 2393 636 ὓ,
2419 610 2472 630 ne-

1408 642 1578 671 cessarium
1606 642 1788 682 simpliciter
1811 649 1903 673 vocat
1925 643 1958 673 id
1980 643 2070 683 quod
2093 653 2159 673 non
2181 650 2287 683 potest
2314 653 2381 674 non
2407 653 2473 674 esse

1401 695 1465 726 per
1477 687 1654 726 potentiam
1679 687 1711 716 in
1735 696 1779 717 se.
1804 686 1845 717 Et
1859 693 2026 727 propterea
2040 687 2184 718 concedit
2199 694 2230 718 et
2245 688 2358 727 probat
2373 688 2473 718 multa

1408 729 1491 760 entia
1514 730 1687 760 necessaria
1715 730 1906 771 simpliciter.
1936 731 1977 761 Et
2000 741 2123 767 revera,
2154 731 2229 772 quia
2257 731 2411 762 iudicium
2434 732 2472 762 de

1407 774 1500 804 rebus
1517 774 1610 804 debet
1625 774 1691 804 dari
1715 781 1746 805 et
1768 774 1828 805 dici
1851 775 2027 805 secundum
2046 775 2174 815 propria
2196 775 2337 815 ipsarum
2355 786 2471 812 rerum,

1407 824 1438 848 et
1459 828 1527 848 non
1550 818 1727 848 secundum
1751 825 1904 855 extranea,
1919 819 2135 850 rationabilior
2150 826 2196 850 est
2211 819 2388 850 nominatio
2406 822 2472 851 Au-

1387 895 1389 897 ,
1407 861 1517 892 ctoris:
1542 862 1698 902 quoniam
1712 862 1814 893 multa
1829 863 1912 893 entia
1927 870 2011 900 sunt,
2027 873 2109 904 quae
2127 863 2160 893 in
2175 874 2208 894 se
2222 864 2343 894 nullam
2357 864 2474 895 habent

1406 906 1582 946 potentiam
1605 906 1644 936 ad
1668 916 1734 936 non
1758 916 1834 937 esse.
1859 907 1900 938 Et
1920 907 1963 937 sic
1981 917 2092 938 verum
2116 914 2162 938 est
2184 907 2366 948 simpliciter
2383 909 2472 949 quod

1406 960 1473 980 non
1496 957 1632 990 possunt
1654 960 1722 981 non
1745 960 1828 987 esse,
1861 958 1891 982 et
1919 958 2148 992 consequenter
2175 952 2264 993 quod
2293 959 2367 983 sunt
2389 952 2473 983 entia

1406 994 1594 1026 necessaria:
1619 994 1764 1035 quamvis
1789 995 1964 1026 secundum
1988 995 2163 1036 potentiam
2185 996 2337 1036 logicam,
2361 1003 2392 1027 et
2414 1006 2473 1036 po-

1406 1038 1537 1068 tentiam
1559 1038 1592 1068 in
1616 1038 1694 1075 alio,
1720 1038 1836 1069 scilicet
1865 1039 1954 1075 Deo,
1987 1039 2095 1070 omnia
2125 1039 2185 1070 alia
2208 1050 2226 1070 a
2248 1040 2318 1071 Deo
2348 1040 2473 1080 possint

1406 1091 1473 1112 non
1497 1092 1574 1113 esse.

1463 1126 1504 1156 Et
1526 1126 1600 1157 hinc
1629 1126 1725 1157 habes
1749 1137 1847 1167 quam
1874 1127 2050 1167 pueriliter,
2075 1138 2114 1158 ne
2142 1128 2244 1159 dicam
2274 1128 2470 1169 ignoranter,

1406 1177 1686 1210 praesumpserunt
1713 1171 1845 1211 quidam
1874 1171 1975 1202 dicere
1999 1173 2087 1212 quod
2110 1173 2204 1202 verba
2227 1183 2250 1203 s.
2269 1173 2415 1203 Thomae
2437 1172 2471 1202 in

1405 1213 1463 1244 hac
1479 1214 1608 1244 materia
1623 1215 1705 1244 male
1725 1222 1849 1246 sonant.
1874 1215 2054 1246 Attendant
2065 1217 2183 1247 naturis
2198 1227 2314 1253 rerum,
2332 1216 2470 1247 sermoni

1405 1257 1531 1287 formali
1555 1268 1590 1288 ac
1613 1258 1762 1298 proprio,
1793 1265 1823 1289 et
1845 1259 2074 1290 intentionibus
2097 1260 2335 1302 metaphysicis,
2365 1267 2395 1291 et
2418 1261 2470 1291 de-

1405 1301 1600 1341 prehendent
1619 1302 1800 1332 caecitatem
1818 1303 1989 1343 propriam.

1462 1346 1530 1376 XII.
1555 1345 1647 1376 Circa
1674 1347 1808 1376 eandem
1838 1347 2095 1387 responsionem,
2120 1354 2196 1379 nota
2219 1349 2307 1389 quod
2338 1349 2470 1389 quidam

1404 1389 1604 1420 auctoritates
1620 1390 1751 1421 allatas'
1743 1400 1775 1420 ιιι
1790 1390 1891 1422 littera
1908 1401 1944 1421 ex
1958 1392 1987 1422 V
2003 1392 2199 1433 Metaplzys„
2217 1399 2289 1431 text.
2304 1394 2334 1429 6,
2351 1400 2382 1423 et
2396 1393 2468 1424 VIII

1403 1434 1544 1474 Physic„
1560 1440 1632 1465 text.
1655 1436 1703 1470 15,
1719 1434 1828 1465 dicunt
1844 1445 1909 1465 non
1929 1446 1995 1466 esse
2011 1437 2051 1466 ad
2067 1437 2282 1477 propositum:
2307 1437 2381 1478 quia
2399 1438 2468 1468 Ari-

1404 1478 1531 1508 stoteles
1554 1478 1697 1519 loquitur
1720 1478 1758 1509 de
1782 1479 1963 1520 complexis,
1989 1487 2019 1510 et
2042 1491 2108 1511 non
2132 1481 2170 1511 de
2193 1481 2409 1521 incomplexis.

1462 1522 1524 1553 Sed
1546 1522 1633 1553 rudis
1655 1522 1746 1553 valde
1769 1523 1983 1564 interpretatio
2001 1524 2079 1555 haec
2097 1531 2152 1555 est.
2177 1525 2265 1555 Tum
2287 1525 2371 1566 quia,
2395 1526 2467 1557 VIII

1403 1566 1550 1607 Physic.‚
1575 1566 1638 1597 hoc
1661 1566 1737 1597 dicit
1764 1568 1925 1598 tractando
1955 1568 1993 1598 de
2023 1569 2179 1609 principio
2203 1576 2310 1600 motus
2334 1570 2466 1607 aeterni,

1404 1618 1512 1641 contra
1539 1611 1779 1647 Democritum,
1803 1612 1913 1642 volens
1942 1613 2031 1653 quod
2054 1613 2097 1643 rei
2120 1619 2261 1643 aeternae
2290 1614 2468 1654 quaerenda

1403 1655 1443 1685 sit
1466 1664 1575 1686 causa:
1601 1662 1631 1685 et
1654 1655 1693 1685 ad
1716 1655 1778 1686 hoc
1802 1656 2082 1694 manifestandum,
2106 1657 2227 1688 inducit
2249 1658 2287 1688 de
2311 1658 2466 1697 triangulo

1403 1699 1537 1730 habente
1561 1706 1622 1729 tres
1646 1700 1790 1739 angulos.
1815 1700 1903 1730 Tum
1926 1700 2010 1741 quia,
2035 1701 2063 1732 V
2082 1702 2278 1742 Metaphys„
2296 1708 2467 1742 postquam

1403 1743 1442 1774 de
1465 1743 1638 1784 complexis
1657 1744 1807 1780 tractavit,
1828 1745 1934 1775 subdit
1956 1746 2073 1785 duplex
2087 1755 2153 1776 esse
2172 1746 2391 1782 necessarium,
2408 1746 2466 1777 sci-

1401 1787 1474 1818 licet
1497 1798 1534 1818 ex
1557 1798 1590 1818 se
1613 1795 1644 1819 et
1667 1788 1705 1818 ab
1734 1788 1816 1825 alio;
1846 1796 1876 1819 et
1903 1790 1971 1820 vult
2000 1790 2088 1830 quod
2115 1790 2327 1820 necessarium
2355 1800 2392 1820 ex
2415 1800 2465 1826 se,

1402 1832 1441 1862 sit
1464 1832 1598 1862 omnino
1623 1832 1774 1872 simplex;
1800 1839 1830 1863 et
1851 1833 1995 1874 loquitur
2014 1834 2051 1864 de
2071 1834 2151 1864 Deo.
2175 1834 2263 1864 Tum
2282 1834 2356 1875 quia
2373 1844 2466 1865 causa

1402 1876 1645 1916 complexorum
1667 1876 1702 1907 in
1725 1877 1858 1907 essendo
1883 1884 1929 1908 est
1953 1888 2046 1908 causa
2068 1878 2101 1908 in
2124 1888 2230 1908 rerum
2253 1885 2364 1909 natura
2381 1878 2465 1909 illius

1402 1930 1467 1950 esse
1491 1921 1580 1961 quod
1609 1921 1668 1950 sub
1695 1920 1903 1952 affirmatione
1926 1922 1975 1952 vel
2006 1922 2171 1962 negatione
2199 1922 2352 1953 subiacet:
2377 1923 2466 1963 quod

1402 1971 1525 1995 constat
1548 1974 1614 1995 esse
1641 1965 1899 2005 incomplexum,
1931 1966 2036 1997 omnis
2063 1976 2202 2007 namque
2230 1966 2408 2007 complexio
2431 1967 2465 1997 in

1401 2009 1469 2039 sola
1492 2016 1539 2039 est
1561 2009 1677 2040 anima.

1047 2170 1366 2213 ARTICULUS
1396 2170 1696 2213 SECUNDUS

870 2263 1027 2294 UTRUM
1050 2263 1249 2295 MATEmA
1271 2264 1406 2295 PRIMA
1429 2264 1496 2295 slT
1522 2264 1699 2295 CREATA
1721 2267 1751 2295 A
1774 2264 1863 2296 DEo

597 2341 617 2365 11
639 2341 715 2366 Cont.
733 2342 819 2371 Geni„
840 2349 895 2375 cap.
914 2348 968 2373 xv13
989 2342 1031 2367 De
1050 2342 1117 2372 Por„
1137 2351 1182 2376 qu.
1201 2350 1238 2373 ιιι,
1258 2349 1305 2368 art.
1326 2342 1356 2375 5;
1378 2343 1522 2376 Compend.
1540 2343 1638 2374 Theol„
1658 2351 1714 2376 cap.
1733 2351 1803 2376 Lx1x3
1822 2343 1878 2369 VIII
1897 2344 2011 2378 Phssic„
2032 2345 2090 2370 lect.
2107 2353 2136 2370 11.

290 2534 328 2594 ,f
381 2542 392 2545 “
428 2538 588 2582 enim
617 2547 724 2594 quod
751 2546 805 2593 fit,
836 2546 1080 2595 componitur
1108 2558 1153 2582 ex
1173 2547 1344 2583 subiecto

305 2591 415 2638 ''f-“175
440 2590 522 2636 ket
550 2611 595 2636 ex
622 2598 758 2659 aliquo
780 2598 865 2646 alio,
896 2607 936 2636 ut
960 2599 1127 2636 dicitur«
1148 2599 1186 2636 in
1207 2601 1221 2636 Ι
1242 2600 1343 2648 Phy-

269 2649 334 2687 εἰς.
345 2648 376 2687 *.
404 2651 482 2688 Sed
501 2651 682 2690 materiae
701 2652 849 2712 primae
871 2664 949 2690 non
971 2660 1026 2689 est
1045 2652 1201 2701 aliquod
1221 2653 1344 2690 subie-

271 2711 387 2741 ctum.
417 2705 520 2753 Ergo
550 2706 708 2743 materia
729 2706 855 2755 prima
878 2718 957 2743 non
980 2713 1105 2755 potest
1134 2718 1216 2743 esse
1245 2706 1343 2743 facta

271 2769 294 2795 a
311 2758 419 2808 Deo.

326 2822 361 2849 2.
391 2811 625 2860 PRAETEREA,
652 2812 749 2849 actio
771 2819 806 2849 et
823 2812 951 2861 passio
973 2811 1192 2849 dividuntur
1212 2819 1342 2849 contra

271 2861 344 2901 sep
370 2863 549 2903 invicem.
581 2864 666 2903 Sed'
687 2864 783 2902 sicut
805 2864 973 2913 primum
996 2865 1225 2914 principium
1254 2865 1342 2902 acti-

270 2929 366 2954 vum
387 2925 443 2955 est
464 2919 583 2966 Deus,
611 2919 663 2956 ita
690 2918 861 2967 primum
888 2917 1116 2967 principium
1144 2917 1341 2967 passivum

272 2977 328 3007 est
346 2971 516 3008 materia.
538 2973 640 3020 Ergo
657 2973 763 3009 Deus
784 2979 820 3008 et
838 2971 996 3008 materia
1014 2971 1139 3020 prima
1158 2978 1245 3008 sunt
1264 2971 1341 3008 duo

270 3022 456 3072 principia
484 3032 615 3062 contra
637 3037 677 3062 se
697 3024 863 3062 invicem
892 3024 1024 3071 divisa,
1054 3036 1220 3072 quorum
1249 3036 1341 3061 neu-

271 3083 374 3113 trum
390 3084 460 3113 'est
487 3078 536 3114 ab
564 3078 650 3115 alio.

328 3129 362 3166 3.
392 3129 626 3178 PRAETEREA,
655 3142 772 3168 omne
801 3141 916 3178 agens
945 3129 1019 3178 agit
1046 3129 1116 3166 sibi
1144 3129 1282 3167 simile:
1305 3137 1341 3167 et

272 3180 337 3228 sic,
368 3194 457 3220 cum
486 3195 602 3221 omne
630 3196 747 3232 agens
780 3190 865 3231 agat
897 3182 1122 3231 inquantum
1152 3190 1207 3220 est
1235 3190 1342 3230 actu,

272 3234 442 3282 sequitur
468 3237 574 3284 quod
589 3249 719 3280 ⁴omne
751 3237 892 3273 factum
923 3236 1049 3284 aliquo
1082 3236 1203 3273 modo
1230 3236 1277 3272 sit
1303 3236 1342 3273 in

273 3295 370 3324 actu.
402 3288 480 3325 Sed
507 3289 665 3326 materia
691 3289 814 3338 prima
842 3296 898 3325 est
923 3296 1071 3325 tantum
1099 3288 1138 3325 in
1156 3289 1338 3337 potentia,

272 3341 500 3389 inquantum
523 3341 755 3379 huiusmodi.
781 3343 884 3389 Ergo
905 3349 1036 3379 contra
1055 3341 1241 3378 rationem
1261 3354 1341 3379 ma-

272 3394 386 3431 teriae
415 3394 563 3443 primae
592 3402 659 3443 est,
689 3395 795 3444 quod
824 3395 870 3432 sit
897 3395 1005 3432 facta.

326 3525 353 3558 α)
373 3525 481 3550 dicitur.
498 3538 518 3544 -
536 3525 687 3550 ostenditur
703 3525 815 3551 codices.

327 3559 352 3593 β)
371 3567 408 3585 se.
426 3575 444 3579 -
462 3560 523 3585 Οιιι.
542 3561 680 3585 ACDEFG
699 3560 739 3586 hic
758 3565 784 3585 et
801 3569 871 3587 mox.

325 3597 352 3630 γ)
366 3596 496 3628 primam.
513 3610 533 3615 —
551 3596 614 3621 Om.
633 3596 734 3621 codices
753 3601 778 3621 et
795 3597 847 3622 ab.

415 3650 525 3675 Summa
544 3650 645 3674 Τιιιιοι..
664 3650 695 3674 D.
708 3650 822 3674 ΤιιοιιΑιι
841 3650 874 3676 Τ.
894 3650 912 3675 Ι.

1453 2441 1527 2477 SED
1547 2452 1694 2478 CONTRA
1708 2453 1774 2478 EST
1793 2441 1899 2489 quod
1915 2441 2003 2478 dicit
2016 2441 2258 2489 Augustinus,
2275 2443 2344 2479 XII
2366 2444 2462 2479 Con-

1386 2494 1482 2541 fess,
1503 2493 1542 2530 *z
1570 2495 1658 2530 Duo
1673 2495 1816 2542 fecisti,
1836 2494 2010 2540 Domine,
2041 2506 2157 2531 unum
2180 2507 2301 2544 prope
2319 2501 2364 2541 te,
2394 2495 2462 2532 sci-

1396 2546 1482 2583 lieet
1501 2547 1690 2595 angelum,
1711 2547 1816 2584 aliud
1834 2558 1957 2596 prope
1981 2547 2082 2594 mhil,
2109 2547 2247 2585 scilicet
2265 2549 2462 2586 materiam

1398 2600 1563 2648 primam
1582 2604 1607 2636 ⁷.

1450 2654 1676 2690 RESPONDEO
1708 2665 1892 2690 DlCENDUM
1926 2652 2031 2701 quod
2068 2653 2210 2702 antiqui
2247 2653 2462 2703 philosophi

1395 2705 1591 2754 paulatim,
1621 2713 1657 2742 et
1676 2705 1784 2753 quasi
1806 2705 2057 2754 pedetentim,
2085 2706 2319 2744 intraverunt
2341 2707 2380 2744 in
2400 2720 2463 2744 co-

1396 2759 1605 2806 gnitionem
1633 2758 1809 2796 veritatis.
1839 2761 1873 2796 A
1892 2758 2077 2807 principio
2097 2759 2210 2806 enim,
2232 2760 2339 2808 quasi
2359 2772 2461 2808 gros-

1397 2811 1516 2848 siores
1545 2811 1754 2859 existentes,
1784 2824 1863 2849 non
1887 2811 2152 2849 existimabant
2171 2825 2252 2849 esse
2273 2813 2373 2850 entia
2391 2813 2462 2850 nisi

1397 2877 1559 2914 corpora
1586 2865 1785 2902 sensibilia.
1817 2865 1993 2912 Quorum
2022 2864 2086 2914 qui
2118 2866 2314 2914 ponebant
2340 2866 2379 2902 in
2408 2866 2460 2903 eis

1396 2925 1558 2965 motum,
1583 2930 1663 2955 non
1682 2917 1973 2955 considerabant
1991 2926 2141 2955 motum
2160 2918 2230 2955 nisi
2250 2920 2460 2956 secundum

1396 2970 1522 3019 aliqua
1549 2970 1767 3018 accidentia,
1795 2978 1839 3017 ⁴ut
1864 2978 1956 3020 puta
1984 2972 2196 3008 secundum
2215 2971 2405 3008 raritatem
2425 2979 2462 3008 et

1396 3023 1633 3071 densitatem,
1651 3023 1983 3072 congregationem
1999 3022 2013 3045 ὃ
2032 3032 2068 3060 et
2083 3024 2391 3072 segregationem.
2412 3026 2461 3061 Et

1396 3084 1655 3125 supponentes
1673 3076 1796 3125 ipsam
1821 3076 2067 3114 substantiam
2089 3089 2294 3126 corporum
2317 3077 2459 3114 increa-

1395 3137 1486 3177 tam,
1516 3129 1758 3177 assignabant
1786 3129 1930 3179 aliquas
1953 3135 1965 3150 ²
1993 3142 2124 3167 causas
2152 3130 2371 3167 huiusmodi
2399 3143 2459 3167 ac-

1397 3182 1638 3219 cidentalium
1665 3183 2034 3230 transmutationum,
2064 3191 2106 3220 ut
2131 3190 2223 3231 puta
2242 3183 2458 3231 amicitiam,

1396 3236 1514 3283 litem,
1544 3235 1791 3283 intellectum,
1820 3244 1885 3273 aut
1911 3236 2053 3284 aliquid
2079 3236 2311 3273 huiusmodi.

1450 3288 1612 3326 Ulterius
1638 3301 1733 3325 vero
1761 3289 2024 3338 procedentes,
2053 3289 2299 3326 distinxerunt
2316 3300 2386 3337 per
2403 3288 2458 3325 in-

1396 3342 1588 3378 tellectum
1603 3341 1699 3378 inter
1717 3341 1881 3379 formam
1896 3342 2179 3379 substantialem
2196 3349 2231 3378 et
2246 3342 2456 3389 materiam,

1397 3407 1527 3444 quam·
1540 3395 1737 3443 ponebant
1764 3394 1989 3442 increatam;
2019 3402 2054 3432 et
2072 3402 2323 3443 perceperunt
2340 3402 2458 3432 trans-

1442 3525 1466 3558 δ)
1475 3525 1718 3558 congregationem.
1724 3533 1800 3558 -per
1808 3525 2043 3559 congregationem
2055 3525 2099 3555 Pb,
2107 3528 2133 3550 et
2141 3525 2374 3558 congregationem
2386 3526 2426 3551 ed.
2432 3533 2458 3551 a.

1443 3562 1465 3594 ε)
1480 3561 1592 3593 aliquas.
1611 3574 1630 3580 ·—
1647 3561 1752 3593 aliquas
1770 3561 1839 3586 alias
1851 3561 1883 3592 D,
1902 3561 1982 3586 etiam
1996 3560 2100 3593 aliquas
2119 3560 2151 3586 G.
2169 3573 2188 3580 -
2206 3561 2256 3585 Pro
2276 3564 2306 3585 ut
2319 3564 2396 3593 puta,
2418 3564 2458 3586 ut-

1390 3600 1455 3629 pote
1473 3597 1574 3621 codices
1594 3601 1620 3621 et
1637 3596 1687 3621 ab.

2283 3648 2315 3673 58

2499 515 2511 527 ¹*
2524 515 2585 537 Vide
2604 515 2670 538 scot.
2680 516 2714 538 lv

2499 542 2572 569 sent„
2588 542 2643 565 dist.
2653 549 2696 565 xm
2705 559 2712 570 ,

2500 575 2539 596 qu.
2554 574 2569 590 ι.

2499 599 2559 647 sib?

2499 659 2523 674 n.
2538 652 2560 675 6.

2577 615 2584 621 .
2594 606 2625 622 vr.
2637 611 2647 616 -
2658 600 2713 622 Did.

2594 643 2600 654 ,
2622 632 2674 655 cap.
2689 633 2712 654 v,

2490 2502 2499 2511 ·
2515 2503 2573 2531 Cap·
2587 2510 2626 2527 vu.

2491 3479 2513 3495 4-

2585 3022 2599 3047 01
