2768 4178
9 3099 12 3102 ἢ
0 2973 6 3064 -ῃ-μ
0 2890 5 2961 ή--
0 2829 3 2874 ...r
0 2777 7 2822 ,.-.«
0 2762 1 2765 Α
0 2733 3 2742 ἡ
0 2705 2 2723 μ

0 3321 10 3414 *γ’-..π
0 3239 9 3308 ..μ-ψ.

0 3654 2 3657 .
0 3566 6 3610 Αν,
0 3421 13 3556 ...u-N...-

947 256 1213 302 QUAEsTio
1242 256 1405 302 XXXII,
1434 254 1731 294 ARTICULUS
1761 256 1810 292 111
2393 257 2464 292 355

1096 382 1412 424 ARTICULUS
1441 383 1672 424 TERTIUS

1011 467 1167 498 UTRUM
1191 467 1287 498 smr
1312 467 1508 504 QUINQUE
1531 467 1752 498 NOTIONES

487 545 497 569 1
517 544 599 574 Sent„
620 545 678 569 dist.
697 551 763 573 xxvx,
782 551 827 576 qu.
844 551 872 574 n,
892 549 940 569 art.
960 543 988 574 33
1008 544 1067 569 dist.
1085 552 1170 574 xxvm,
1190 552 1234 577 qu.
1253 552 1270 574 1,
1290 549 1336 569 art.
1354 552 1379 575 ¹3
1399 545 1441 569 De
1460 545 1527 575 Pot„
1547 553 1591 577 qu.
1610 553 1642 574 nr¹
1663 550 1709 570 art.
1729 553 1753 578 9,
1774 545 1805 569 ad
1825 552 1866 576 21,
1888 552 1934 577 273
1955 553 1999 577 qu.
2018 553 2040 574 x,
2061 551 2108 570 art.
2128 545 2150 574 5,
2171 546 2202 570 ad
2226 553 2268 576 ¹23

1139 579 1282 611 Compend.
1305 579 1402 608 Theol„
1421 587 1477 612 cap.
1496 588 1547 604 Lvu
1565 588 1626 612 sqq.

378 676 387 700 ι
412 686 451 708 ,24
502 671 524 696 D
549 670 708 695 TERTIUM
727 670 780 695 Sic
800 669 1037 695 PROCEDITUR.
1062 658 1222 695 Videtur
1249 659 1354 707 quod

432 709 478 770 {⁴33
502 724 582 748 non
622 710 695 748 sint
735 710 903 759 quinque
944 711 1130 748 notiones.
1174 711 1354 760 Propriae

311 797 331 817 „¹
354 802 383 817 ,v
405 808 417 817 .
444 753 472 805 ἢ
486 760 607 800 enim
635 763 811 800 notiones
830 776 1080 812 personarum
1101 772 1187 808 sum
1211 764 1356 801 relatio-

350 832 358 839 *
382 816 409 839 “³
425 831 433 839 ¹
460 806 570 853 nes
585 816 723 865 quibus
743 816 1030 864 distinguuntur.
1059 817 1136 854 Sed
1156 817 1355 854 relationes

52 871 123 925 29¹¹·
131 875 264 899 amm.
291 867 331 904 in
350 867 486 911 divinis
501 881 578 906 non
599 877 686 906 sunt
706 869 775 906 nisi
795 877 967 918 quatuor,
984 877 1025 906 ut
1045 883 1160 919 supra
1172 870 1193 898 >²¹⁶
1214 870 1355 907 dictum

294 927 359 957 est.
389 921 490 968 Ergo
521 930 556 958 et
584 922 760 959 notiones
788 930 874 959 sunt
901 931 1047 960 tanturn
1074 931 1248 972 quatuor.

347 985 382 1010 2.
404 974 636 1022 PRAETEREA,
665 983 821 1023 propter
848 976 923 1012 hoc
950 976 1056 1025 quod
1087 976 1127 1012 in
1146 976 1282 1013 divinis
1302 983 1358 1013 est

292 1038 370 1063 una
404 1028 585 1075 essentia,
626 1027 759 1064 dicitur
794 1029 900 1065 Deus
936 1041 1055 1065 unus:
1094 1036 1264 1077 propter·
1282 1030 1356 1065 hoc

293 1086 422 1117 autem
461 1081 566 1129 quod
598 1088 685 1117 sunt
721 1088 795 1117 tres
832 1094 1040 1130 personae,
1085 1082 1219 1118 dicitur
1251 1083 1356 1118 Deus

293 1131 421 1169 trinus.
449 1134 489 1170 Si
509 1146 599 1182 ergo
618 1133 658 1171 in
678 1133 814 1170 divinis
828 1140 846 1155 ‘²‘
865 1142 953 1171 sunt
980 1134 1147 1183 quinque
1168 1135 1355 1181 notiones,

295 1185 440 1222 dicetur
468 1187 624 1235 quinus.-
653 1186 760 1235 quod
789 1194 844 1223 est
870 1187 1155 1224 inconveniens.

350 1239 384 1276 3.
405 1239 638 1286 PRAETEREA,
660 1239 702 1286 si,
723 1239 841 1276 tribus
859 1239 1034 1288 personis
1057 1238 1300 1276 existentibus
1319 1239 1357 1275 in

295 1291 447 1339 divinis,
477 1297 565 1329 sunt
596 1292 764 1340 quinque
792 1292 979 1339 notiones,
1009 1299 1159 1340 oportet
1187 1292 1292 1340 quod
1320 1291 1358 1328 in

294 1343 420 1393 aliqua
447 1357 700 1394 personarum
724 1344 797 1381 sint
815 1345 963 1392 aliquae
983 1344 1159 1381 notiones
1179 1345 1278 1381 duae
1296 1344 1359 1381 vel

293 1397 441 1447 plures;
479 1397 574 1434 sicut
601 1397 640 1434 in
667 1409 832 1446 persona
865 1397 985 1434 Patris
1011 1397 1166 1446 ponitur
1197 1397 1357 1434 innasci-

294 1449 416 1487 bilitas
451 1458 488 1487 et
518 1450 722 1499 paternitas
756 1457 792 1486 et
824 1450 1040 1487 communis
1078 1450 1245 1499 spirati0.
1282 1452 1359 1486 Aut

293 1502 406 1551 igitur
432 1503 524 1540 istae
553 1510 628 1540 tres
656 1503 832 1540 notiones
860 1503 1038 1540 differunt
1066 1515 1118 1550 re,
1139 1511 1204 1540 aut
1231 1515 1308 1540 non
1327 1501 1355 1539 β.

295 1555 337 1593 Si
366 1555 545 1593 differunt
571 1569 624 1603 re,
653 1555 823 1605 sequitur
849 1556 956 1604 quod
979 1568 1146 1604 persona
1173 1556 1294 1592 Patris
1314 1556 1359 1593 sit

295 1608 509 1657 composita
537 1620 582 1645 ex
608 1609 780 1658 pluribus
810 1609 936 1646 rebus.
967 1609 1007 1646 Si
1031 1616 1159 1646 autem
1181 1609 1359 1646 differunt

294 1661 439 1698 ratione
467 1669 627 1709 tanturn,
657 1661 828 1710 sequitur
855 1663 960 1710 quod
983 1674 1060 1698 una
1080 1674 1212 1699 earum
1240 1662 1359 1710 possit

295 1714 343 1752 de
362 1714 434 1751 alia
461 1714 683 1763 praedicari,
703 1723 745 1751 ut
765 1715 936 1752 dicamus
955 1715 1072 1763 quod,
1095 1715 1190 1762 sicut
1209 1715 1358 1751 bonitas

295 1766 425 1810 divina
457 1775 514 1804 est
541 1767 621 1804 eius
658 1768 842 1817 sapientia
877 1775 1034 1816 propter
1066 1767 1357 1804 indifferentiam

294 1820 364 1867 rei,
403 1820 454 1856 ita
482 1820 700 1857 communis
733 1820 885 1869 spiratio
919 1820 965 1857 sit
995 1821 1220 1869 paternitas:
1254 1821 1359 1869 quod

295 1885 375 1910 non
395 1873 624 1910 conceditur.
647 1874 760 1921 Igitur
778 1877 857 1910 non
877 1881 963 1910 sunt
981 1873 1151 1921 quinque
1170 1873 1358 1910 notiones.

351 1926 426 1963 SED
454 1937 600 1963 CONTRA
618 1931 650 1972 ⁷,
678 1926 830 1963 videtur
857 1927 962 1974 quod
991 1925 1064 1963 sint
1090 1927 1228 1975 plures.
1259 1926 1360 1973 Quia

296 1978 392 2016 sicut
418 1979 531 2015 Pater
558 1991 580 2015 a
607 1979 711 2016 nullo
747 1987 820 2027 est,
850 1987 886 2015 et
914 1979 1128 2016 secundum
1160 1980 1235 2015 hoc
1263 1979 1360 2016 acci—

295 2031 397 2081 pitur
415 2032 519 2069 notio
540 2044 639 2079 quae
660 2032 795 2069 dicitur
812 2031 1089 2079 innascibilitas,
1110 2032 1161 2069 ita
1180 2045 1203 2069 a
1223 2032 1360 2081 Spiritu

298 2086 437 2122 Sancto
466 2097 546 2121 non
574 2092 630 2122 est
657 2085 728 2122 alia
747 2097 913 2133 persona
932 2082 956 2121 ὅ.
987 2085 1037 2121 Et
1055 2085 1267 2122 secundum
1287 2086 1362 2122 hoc

297 2138 488 2187 oportebit
515 2137 687 2186 accipere
715 2145 861 2175 sextam
889 2137 1087 2174 notionem
1106 2143 1127 2174 ¹.

352 2191 588 2238 Pium-Eam,
618 2190 712 2227 sicut
743 2190 846 2227 Patri
876 2198 912 2227 et
940 2190 1035 2227 Filio
1070 2202 1277 2227 commune
1308 2198 1363 2227 est

297 2243 403 2293 quod
435 2244 483 2280 ab
514 2243 566 2280 eis
594 2243 778 2292 procedat
807 2242 967 2292 Spiritus
995 2241 1167 2290 Sanetus,
1187 2243 1238 2280 ita
1258 2256 1362 2280 com-

297 2308 414 2333 mune
444 2304 499 2333 est
522 2296 617 2333 Filio
639 2304 675 2333 et
694 2295 848 2344 Spiritui
868 2296 1008 2332 Sancto
1029 2295 1134 2344 quod
1153 2297 1364 2344 procedant

298 2361 322 2386 a
340 2350 464 2386 Patre.
494 2350 609 2397 Ergo,
630 2349 725 2386 sicut
751 2361 829 2386 una
848 2348 954 2386 notio
973 2348 1128 2397 ponitur
1147 2349 1362 2386 communis

296 2402 398 2439 Patri
417 2409 453 2439 et
472 2402 579 2449 Filio,
607 2402 658 2439 ita
684 2402 798 2439 debet
815 2401 908 2451 poni
927 2414 1003 2438 una
1022 2402 1127 2439 notio
1148 2402 1362 2439 communis

298 2455 392 2492 Filio
422 2462 459 2492 et
487 2455 639 2503 Spiritui
669 2455 822 2492 Sancto.

352 2509 578 2545 RESPONDEO
593 2519 778 2544 DICENDUM
797 2506 902 2556 quod
921 2506 1026 2544 notio
1046 2507 1180 2544 dicitur
1198 2507 1237 2543 id
1258 2507 1361 2556 quod

300 2568 356 2598 est
382 2561 536 2609 propria
564 2560 658 2597 ratio
679 2559 934 2607 cognoscendi
954 2559 1123 2597 divinam
1143 2572 1360 2608 personam.

299 2613 461 2650 Divinae
481 2621 610 2650 autem
629 2624 815 2661 personae
836 2612 1130 2660 multiplicantur
1149 2613 1360 2649 secundum

300 2666 498 2714 originem.
542 2666 603 2703 Ad
642 2665 826 2713 originem
864 2673 991 2702 autern
1028 2665 1190 2714 pertinet
1226 2678 1250 2702 a
1287 2677 1360 2714 quo

300 2719 408 2765 alius,
430 2726 466 2755 et
485 2719 551 2767 qui
575 2719 624 2755 ab
651 2718 748 2755 alio:
777 2725 813 2754 et
841 2718 1051 2755 secundum
1071 2719 1259 2755 hos.duos
1278 2731 1361 2755 mo-

300 2773 371 2810 dos
397 2779 524 2821 potest
551 2771 787 2808 innotescere
815 2783 991 2820 persona.
1028 2771 1141 2819 Igitur
1168 2771 1362 2820 personag

301 2825 421 2862 Patris
449 2837 528 2862 non
555 2831 685 2873 ‘potest
722 2823 958 2861 innotescere
985 2836 1054 2872 per
1081 2825 1156 2861 hoc
1183 2824 1288 2872 quod
1316 2824 1363 2860 sit

300 2878 348 2915 ab
386 2878 482 2926 alio,
512 2877 578 2914 sed
607 2889 677 2925 per
709 2877 784 2913 hoc
817 2876 920 2925 quod
950 2889 972 2913 a
999 2877 1103 2914 nullo
1140 2884 1214 2913 est:
1245 2884 1281 2913 et
1309 2876 1362 2913 sic

301 2931 446 2968 ex.hac
474 2938 580 2980 parte
619 2930 698 2966 eius
732 2929 837 2966 notio
877 2936 931 2966 est
967 2930 1242 2966 innascibilitas.
1284 2930 1361 2966 Sed

299 2983 524 3032 inquantum
554 2983 684 3031 aliquis
705 2990 759 3019 est
778 2983 826 3019 ab
847 2994 906 3031 e0,
927 2982 1125 3019 innotescit
1151 2981 1358 3030 dupliciter.

301 3036 403 3083 Quia
430 3037 657 3085 inquantum
685 3036 714 3072 F
718 3035 802 3072 ilius
831 3042 887 3072 est
914 3035 961 3072 ab
991 3047 1050 3081 eo,
1074 3034 1273 3071 innotescit
1292 3047 1359 3071 no·

299 3089 401 3126 tione
415 3090 668 3137 paternitatis:
692 3088 918 3137 inquantum
938 3096 1066 3125 autem
1087 3087 1246 3136 Spiritus
1267 3088 1361 3124 San-

301 3149 381 3178 ctus
410 3149 465 3179 est
492 3140 540 3179 ab
570 3154 628 3188 eo,
658 3141 856 3178 innotescit
878 3140 1034 3177 notione
1053 3141 1262 3177 communis
1288 3141 1360 3188 spi-

300 3195 466 3231 rationis.
496 3194 611 3231 Filius
639 3202 767 3231 autern
796 3201 921 3243 potest
945 3193 1180 3230 innotescere
1199 3205 1269 3242 per
1287 3194 1361 3230 hoc

300 3247 407 3295 quod
426 3255 482 3284 est
507 3248 555 3284 ab
584 3247 657 3284 alio
687 3246 902 3284 nascendo:
933 3254 968 3283 et
995 3245 1048 3283 sic
1075 3245 1275 3283 innotescit
1292 3258 1362 3294 per

289 3300 528 3348 filiationem.
564 3301 614 3337 Et
644 3312 713 3349 per
749 3301 825 3337 hoc
858 3299 963 3348 quod
1000 3306 1054 3335 est
1091 3299 1185 3335 alius
1213 3299 1261 3335 ab
1291 3311 1361 3345 eo,

354 3415 381 3446 α)
401 3414 427 3438 in
448 3413 553 3438 divinis.
570 3426 590 3433 —
608 3413 669 3438 Om.
688 3413 798 3438 codices.
816 3427 835 3431 —
854 3413 905 3437 Pro
923 3413 1035 3442 dicetur,
1055 3412 1155 3437 dicitur
1172 3412 1293 3437 ABCDE.

354 3449 380 3482 β)
400 3456 462 3474 non.
480 3462 498 3467 -
516 3448 620 3473 ratione
638 3449 667 3473 F.

352 3485 379 3518 γ)
399 3488 502 3509 contra.
519 3497 538 3502 -
556 3491 570 3508 e
587 3486 682 3508 contra
699 3484 838 3508 DEFGsA.

353 3518 378 3552 ὃ)
392 3526 519 3552 persona.
536 3532 556 3537 -
575 3518 666 3543 divina
680 3526 797 3550 persona
816 3519 934 3543 BDFGa.

354 3555 376 3587 ε)
394 3558 500 3580 sextam
520 3554 661 3578 notionem.
679 3567 698 3573 —-
714 3560 765 3578 sex
783 3555 902 3579 notiones
920 3555 948 3579 P.

353 3590 378 3623 ζ)
399 3590 488 3623 Igitur
501 3596 627 3622 persona.
645 3602 665 3608 —
682 3589 800 3613 Persona
818 3592 906 3614 autem
925 3590 957 3620 A,
975 3589 1094 3614 Persona
1112 3588 1197 3621 igitur
1216 3588 1303 3613 ceteri.

1410 659 1549 696 scilicet
1586 660 1744 709 Spiritus
1782 660 1962 697 Sanetus:
1997 667 2032 697 et
2065 672 2134 708 per
2161 662 2235 698 hoc
2273 661 2470 699 innotescit

1411 712 1548 749 eodem
1569 713 1688 750 modo
1709 713 1803 749 sicut
1822 721 1858 750 et
1876 714 1999 759 Pater,
2029 713 2168 749 scilicet
2191 715 2382 751 communi
2397 715 2469 763 spi-

1411 766 1566 802 ratione.
1588 766 1747 814 Spiritus
1767 766 1927 802 Sanctus
1947 774 2073 802 autem
2094 766 2328 803 innotescere
2346 775 2471 816 potest

1410 830 1478 866 per
1506 818 1580 854 hoc
1608 819 1712 867 quod
1741 825 1797 855 est
1824 819 1872 855 ab
1901 818 1973 855 alio
2001 819 2062 855 vel
2092 819 2140 855 ab
2160 819 2259 855 aliis:
2291 827 2326 856 et
2345 820 2398 856 sic
2415 821 2470 857 in-

1410 871 1570 916 notescit
1590 871 1839 919 processione.
1878 871 1970 908 Non
2003 879 2131 908 autem
2167 884 2236 920 per
2263 873 2337 908 hoc
2366 873 2470 921 quod

1411 923 1503 960 alius
1523 924 1569 960 sit
1587 925 1635 960 ab
1656 936 1719 960 eo:
1741 924 1830 971 quia
1849 924 1950 961 nulla
1971 924 2098 961 divina
2117 936 2281 973 persona
2299 926 2472 973 procedit

1411 977 1459 1012 ab
1481 989 1539 1013 eo.
1561 998 1584 1004 -
1607 977 1703 1013 Sunt
1729 976 1839 1024 igitur
1862 976 2030 1025 quinque
2059 977 2234 1014 notiones
2253 977 2291 1014 in
2312 977 2467 1015 divinis:

1411 1029 1551 1065 scilicet
1574 1030 1848 1075 innascibilitas,
1863 1030 2082 1078 paternitas,
2091 1030 2243 1078 filiatio,
2264 1031 2471 1068 communis

1410 1082 1564 1130 spiratio
1594 1089 1630 1118 et
1650 1083 1853 1130 processio.

1465 1135 1613 1170 Harum
1633 1142 1762 1171 autem
1785 1142 1931 1172 tanturn
1952 1143 2115 1182 quatuor
2142 1143 2228 1172 sunt
2256 1135 2469 1173 relationes:

1412 1199 1501 1223 nam
1530 1187 1795 1224 innascibilitas
1824 1200 1903 1224 non
1933 1195 1988 1224 est
2015 1187 2143 1224 relatio
2173 1188 2243 1225 nisi
2270 1201 2338 1237 per
2361 1189 2471 1226 redu-

1413 1239 1590 1286 ctionem,
1621 1247 1661 1276 ut
1687 1240 1782 1276 infra
1800 1240 1820 1261 '¹‘
1849 1240 2002 1277 dicetur.
2033 1241 2207 1287 Quatuor
2235 1248 2362 1278 autem
2390 1249 2470 1278 tan-

1411 1299 1493 1328 tum
1526 1293 1773 1340 proprietates
1802 1300 1907 1329 sunt:
1937 1305 2027 1329 nam
2065 1293 2278 1330 communis
2316 1294 2467 1342 spiratio

1412 1357 1491 1381 non
1520 1352 1576 1381 est
1602 1345 1831 1393 proprietas,
1860 1345 1948 1394 quia
1977 1346 2155 1382 convenit
2172 1351 2186 1368 ’¹
2214 1346 2362 1383 duabus
2390 1359 2472 1395 per—

1413 1396 1528 1434 sonis.
1558 1398 1655 1433 T'res
1675 1405 1802 1434 autem
1823 1405 1910 1434 sunt
1929 1397 2104 1434 notiones
2119 1399 2347 1446 personales,
2378 1399 2473 1436 idest

1413 1450 1682 1491 constituentes
1709 1462 1905 1499 personas,
1934 1450 2073 1487 scilicet
2099 1451 2313 1499 paternitas,
2342 1452 2471 1489 filiatio

1413 1510 1450 1540 et
1476 1503 1688 1551 processio:
1718 1515 1809 1540 nam
1838 1503 2053 1540 communis
2082 1503 2234 1552 spiratio
2260 1512 2296 1540 et
2313 1504 2471 1541 innasci-

1413 1555 1533 1592 bilitas
1553 1555 1729 1593 dicuntur
1747 1556 1922 1592 notiones
1944 1568 2208 1604 personarum,
2237 1569 2314 1594 non
2343 1565 2470 1594 autem

1412 1609 1643 1657 personales,
1671 1616 1714 1645 ut
1740 1609 1835 1645 infra
1853 1608 1873 1630 '¹‘
1901 1609 2021 1656 magis
2049 1609 2199 1657 patebit.

1465 1663 1523 1698 AD
1552 1673 1689 1698 PmMUM
1717 1673 1814 1698 ERGO
1843 1673 2025 1699 morannum
2063 1662 2167 1710 quod
2198 1669 2347 1710 praeter
2380 1675 2471 1710 qua-

1413 1721 1499 1751 tuor
1526 1714 1726 1751 relationes
1755 1721 1905 1763 oportet
1930 1726 2075 1763 ponere
2104 1715 2215 1751 aliam
2231 1712 2243 1735 ⁰
2262 1714 2471 1762 notionem,

1413 1774 1455 1804 ut
1483 1767 1624 1804 dictum
1654 1775 1709 1803 est
1727 1766 1758 1803 *.

1466 1821 1525 1856 AD
1553 1832 1742 1857 SECUNDUM
1760 1832 1943 1857 DICENDUM
1963 1820 2067 1868 quod
2088 1820 2248 1857 essentia
2276 1820 2314 1857 in
2340 1821 2474 1857 divinis

1414 1872 1642 1920 significatur
1659 1880 1701 1909 ut
1729 1885 1787 1909 res
1808 1873 2017 1920 quaedam;
2048 1880 2084 1909 et
2103 1873 2271 1909 similiter
2287 1885 2474 1922 personae

1415 1925 1672 1972 significantur
1698 1932 1740 1962 ut
1767 1937 1827 1962 res
1854 1926 2058 1974 quaedam;
2089 1926 2155 1963 sed
2177 1926 2349 1963 notiones
2368 1926 2475 1974 signi-

1415 1979 1576 2015 ficantur
1594 1986 1636 2014 ut
1655 1978 1819 2015 rationes
1839 1979 2077 2015 notificantes
2096 1990 2289 2027 personas.
2311 1980 2360 2015 Et
2375 1979 2475 2026 ideo,

1415 2031 1501 2067 licet
1530 2031 1675 2068 dicatur
1702 2032 1807 2067 Deus
1834 2043 1933 2068 unus
1962 2039 2116 2080 propter
2139 2031 2322 2068 unitatem
2352 2044 2477 2068 essen-

1415 2084 1500 2131 tiae,
1522 2092 1558 2120 et
1576 2084 1694 2120 trinus
1714 2091 1870 2132 propter
1887 2084 2088 2121 trinitatem
2107 2096 2376 2132 personarum;
2397 2097 2476 2121 non

1415 2144 1544 2173 tamen
1572 2136 1704 2174 dicitur
1731 2137 1869 2184 quinus
1895 2144 2051 2186 propter
2074 2137 2240 2185 quinque
2264 2137 2448 2173 notiones.

1471 2192 1529 2226 An
1549 2201 1709 2226 TERTHJM
1728 2201 1911 2226 DICENDUM
1933 2190 2048 2238 quod,
2074 2202 2161 2226 cum
2191 2190 2272 2226 sola
2290 2190 2477 2238 oppositio

1418 2242 1573 2279 relativa
1601 2242 1711 2278 faciat
1739 2242 1990 2290 pluralitatem
2010 2243 2150 2279 realem
2170 2242 2208 2278 in
2228 2242 2376 2289 divinis,
2395 2243 2477 2291 plu-

1418 2307 1477 2331 res
1504 2294 1754 2343 proprietates
1781 2294 1893 2331 unius
1921 2307 2120 2343 personae,
2152 2307 2239 2331 curn
2259 2307 2337 2331 non
2358 2308 2477 2343 oppo-

1417 2355 1554 2384 nantur
1573 2348 1622 2384 ad
1643 2347 1807 2384 invicem
1828 2348 1993 2395 relative,
2023 2360 2103 2384 non
2124 2347 2301 2384 differunt
2319 2348 2476 2384 realiter.

1417 2401 1502 2437 Nec
1520 2408 1649 2437 tamen
1669 2401 1716 2437 de
1735 2400 1900 2437 invicem
1919 2400 2184 2449 praedicantur
2201 2407 2226 2436 ¹:
2257 2401 2345 2448 quia
2369 2400 2477 2448 signi-

1416 2454 1578 2490 ficantur
1604 2461 1646 2490 ut
1674 2453 1846 2490 diversae
1880 2453 2043 2490 rationes
2074 2465 2337 2501 personarum.
2373 2453 2476 2489 Sicut

1417 2506 1531 2542 etiam
1559 2518 1637 2542 non
1666 2505 1826 2542 dicimus
1850 2506 1955 2554 quod
1975 2505 2193 2542 attributum
2221 2505 2412 2554 potentiae
2432 2506 2477 2542 sit

1416 2559 1635 2595 attributum
1656 2558 1850 2605 scientiae,
1880 2558 1964 2595 licet
1991 2558 2162 2596 dicamus
2190 2558 2294 2606 quod
2322 2558 2486 2594 scientia.

1416 2611 1462 2648 sit
1488 2611 1667 2659 potentia.

1469 2666 1527 2700 AD
1556 2675 1728 2706 QUARTUM
1755 2675 1938 2700 DlCENDuM
1967 2664 2083 2711 quod,
2106 2675 2194 2700 cum
2221 2675 2387 2712 persona
2405 2663 2475 2699 im-

1415 2724 1539 2765 portet
1576 2716 1814 2764 dignitatem,
1853 2723 1895 2752 ut
1929 2728 2042 2765 supra
2069 2715 2090 2737 ’¹‘
2118 2716 2260 2753 dictum
2294 2723 2368 2762 est,
2398 2728 2475 2753 non

1415 2777 1540 2818 potest
1567 2768 1687 2817 accipi
1714 2769 1818 2805 notio
1848 2768 1972 2817 aliqua
2001 2768 2160 2817 Spiritus
2181 2769 2308 2806 Sancti
2337 2781 2382 2804 ex
2401 2770 2475 2806 hoc

1416 2823 1521 2871 quod
1549 2823 1650 2859 nulla
1677 2834 1841 2870 persona
1871 2829 1926 2858 est
1953 2823 2001 2858 ab
2029 2822 2124 2870 ipso.
2155 2823 2241 2858 Hoc
2270 2821 2371 2858 enirn
2396 2834 2474 2859 non

1414 2875 1576 2924 pertinet
1603 2875 1652 2911 ad
1690 2874 1907 2922 dignitatem
1942 2874 2079 2923 ipsius;
2118 2874 2211 2911 sicut
2238 2874 2399 2923 pertinet
2426 2875 2475 2912 ad

1416 2927 1675 2965 auctoritatem
1704 2926 1824 2963 Patris
1854 2927 1959 2975 quod
1987 2927 2032 2964 sit
2060 2940 2082 2964 a
2109 2928 2223 2964 nullo.

1467 2983 1526 3016 AD
1560 2991 1721 3022 QUINTUM
1749 2991 1932 3016 DICENDUM
1967 2980 2071 3028 quod
2106 2980 2221 3016 Filius
2251 2987 2287 3016 et
2315 2979 2474 3028 Spiritus

1417 3034 1578 3070 Sanctus
1615 3045 1694 3069 non
1727 3032 1958 3069 conveniunt
1985 3032 2024 3069 in
2051 3045 2129 3069 uno
2167 3032 2318 3081 speciali
2355 3032 2474 3069 modo

1417 3085 1596 3123 existendi
1626 3098 1647 3122 a
1675 3086 1806 3131 Patre;
1836 3085 1932 3122 sicut
1967 3086 2078 3122 Pater
2116 3094 2151 3122 et
2183 3085 2297 3122 Filius
2336 3097 2475 3122 conve-

1415 3139 1522 3176 niunt
1549 3138 1587 3174 in
1605 3150 1683 3174 uno
1704 3137 1856 3186 speciali
1884 3138 2003 3175 modo
2030 3138 2265 3186 producendi
2295 3137 2473 3186 Spiritum

1417 3193 1599 3229 Sanctum
1618 3190 1648 3227 ²⁸.
1679 3192 1720 3227 Id
1749 3198 1875 3227 autem
1896 3191 2000 3240 quod
2030 3198 2085 3227 est
2112 3190 2338 3240 principium
2365 3190 2474 3227 inno-

1414 3244 1600 3291 tescendi,
1630 3250 1779 3292 oportet
1797 3249 1811 3264 ¹
1831 3255 1913 3280 esse
1942 3243 2082 3292 aliquid
2110 3243 2281 3292 speciale.
2311 3244 2359 3279 Et
2387 3243 2472 3280 ideo

1415 3310 1494 3334 non
1524 3303 1578 3333 est
1606 3296 1738 3333 simile.

1468 3411 1495 3443 η)
1515 3410 1577 3443 quia
1595 3409 1726 3435 convenit.
1737 3423 1756 3429 -
1769 3416 1828 3434 cum
1843 3408 1981 3434 conveniat
1995 3408 2130 3438 CEFGsA.
2143 3415 2173 3433 eo
2186 3408 2257 3440 quod
2268 3408 2408 3434 conveniat
2421 3409 2474 3438 BD,

1415 3447 1486 3479 quod
1504 3445 1644 3471 conveniat
1661 3446 1710 3477 pA.

1468 3479 1492 3513 θ)
1511 3481 1602 3505 aliam.
1618 3493 1638 3500 -
1655 3480 1772 3512 aliquam
1791 3479 1844 3504 BD.

1468 3517 1486 3549 ι)
1507 3516 1539 3540 de
1557 3515 1677 3540 invicem.
1695 3527 1714 3534 ·-
1732 3515 1765 3539 de
1782 3521 1810 3539 se
1829 3514 1938 3539 invicem
1957 3514 2047 3539 BGsF.

1467 3551 1493 3585 κ)
1514 3554 1626 3583 oportet.
1645 3565 1664 3570 -
1683 3550 1758 3575 debet
1776 3549 1897 3579 ACEFG,
1917 3549 2016 3574 dicitur
2034 3549 2086 3574 BD.

2499 1252 2507 1261 ·
2517 1252 2565 1278 Qu.
2573 1257 2658 1279 xxxin,
2668 1254 2710 1273 art.

2497 1285 2520 1304 4,
2535 1278 2564 1299 ad
2578 1284 2599 1306 3.
2684 1283 2686 1286 ·

2597 1360 2612 1383 ⁷l

2499 1620 2571 1668 ;dQ¹u.
2587 1626 2625 1648 ιι,
2640 1624 2682 1642 m.
2694 1626 2711 1647 ι,

2598 1718 2611 1743 θ

2502 1776 2510 1784 ”
2524 1774 2550 1796 ln
2565 1780 2676 1802 corpore.

2503 2723 2512 2731 '
2531 2721 2579 2749 Qu.
2589 2727 2655 2749 xxix,
2671 2725 2715 2743 art.

2502 2754 2522 2776 3,
2538 2747 2566 2769 ad
2581 2754 2601 2769 2.

2501 3202 2511 3210 ·
2525 3201 2553 3222 D.
2570 3206 2616 3229 93¹·
