2768 4178
32 1093 43 1104 ⁸
70 1092 76 1098 “
110 1107 116 1113 .
127 1098 143 1119 ¹,
157 1098 181 1113 n.
189 1103 200 1107 -
210 1092 246 1114 Cf.

32 1119 72 1141 lib.
98 1119 135 1147 111,
142 1125 245 1146 cap.x1v.

32 3361 44 3371 ¹⁸
59 3359 137 3382 S.Th.
150 3360 202 3382 lect.
213 3365 246 3381 ni.

34 3399 45 3403 -
52 3386 105 3408 Did.
115 3386 187 3414 lib.V,
196 3393 246 3414 cap.

280 308 355 344 268

331 388 380 424 Et
408 387 620 424 secundum
649 387 724 423 hoc
753 387 963 425 excluditur
995 388 1126 437 opinio
1160 389 1350 437 Platonis,

36 451 251 499 hortffigsifixgvffi
277 453 394 489 quam
414 447 541 477 narrat
561 440 768 488 Gregorius
788 441 989 489 Nyssenus
1003 441 1034 488 ²¹⁶,
1056 441 1243 489 triplicem
1262 454 1351 491 pro-

37 504 248 532 (deProvidentia),
276 494 487 532 videntiam
525 493 712 542 ponentis.
753 494 929 541 Quarum
959 494 1083 543 prima
1117 501 1173 530 est
1208 495 1350 532 summi

37 537 88 559 cap.
99 537 132 552 ιιι.

276 548 369 593 Dei,
408 547 472 595 qui
506 546 633 596 primo
668 554 704 583 et
730 547 985 596 principaliter
1021 547 1198 596 providet
1235 548 1350 585 rebus

277 601 553 650 spiritualibus;
584 607 620 636 et
644 608 924 650 consequenter
951 600 1018 637 toti
1047 600 1207 647 mundo,
1230 613 1349 649 quan-

276 662 358 691 tum
388 653 437 690 ad
465 665 625 701 genera,
655 653 801 702 species
830 661 838 674 ¹
866 661 902 690 et
931 666 1064 690 causas
1099 654 1345 691 universales.

277 707 456 745 Secunda
474 719 568 744 vero
590 706 832 756 providentia
853 714 918 754 est,
936 719 1012 756 qua
1030 706 1254 755 providetur
1273 707 1348 744 sin-

275 760 466 810 gularibus
485 760 760 808 generabilium
781 768 818 797 et
841 759 1162 809 corruptibilium:
1194 768 1230 797 et
1248 761 1348 798 hanc

275 814 441 851 attribuit
470 813 538 851 diis
567 813 631 864 qui
669 813 906 850 circumeunt
942 814 1088 860 caelos,
1127 813 1225 850 idest
1259 814 1347 850 sub-

275 867 418 904 stantiis
446 867 639 916 separatis,
666 879 764 916 quae
793 875 953 904 movent
982 878 1144 915 corpora
1173 867 1346 904 caelestia

276 921 512 958 circulariter.
542 920 673 957 Tertia
700 932 793 957 vero
822 919 1062 969 providentia
1092 927 1147 956 est
1174 926 1187 940 '‘
1217 932 1345 957 rerum

274 975 550 1011 humanarum:
577 985 693 1022 quarn
714 973 942 1010 attribuebat
961 973 1226 1020 daemonibus,
1247 985 1345 1022 quos

274 1027 459 1065 Platonici
486 1028 683 1076 ponebant
711 1026 861 1063 medios
889 1026 986 1063 inter
1014 1039 1085 1063 nos
1114 1034 1150 1063 et
1179 1026 1285 1075 deos,
1305 1034 1347 1064 ut

274 1088 400 1118 narrat
427 1080 661 1128 Augustinus
691 1080 744 1116 IX
772 1081 817 1117 de
850 1080 930 1117 Civ.
950 1081 1027 1116 Dei
1043 1079 1074 1117 ²¹³.

326 1136 386 1170 An
414 1146 552 1171 Palmum
580 1145 679 1170 ERGO
707 1145 892 1170 DICENDUM
930 1134 1036 1181 quod
1065 1133 1206 1170 habere
1236 1133 1346 1170 mini-

274 1195 370 1224 stros
401 1194 620 1224 executores
658 1198 750 1223 suae
778 1186 1063 1235 providentiae,
1098 1186 1260 1235 pertinet
1297 1186 1346 1224 ad

274 1241 494 1289 dignitatem
515 1240 627 1289 regis:
657 1240 727 1277 sed
755 1240 862 1288 quod
881 1252 961 1277 non
989 1240 1128 1277 habeat
1156 1240 1344 1277 rationem

327 1354 345 1387 ι)
364 1348 471 1386 species.
489 1367 508 1373 -
525 1357 551 1379 et
569 1354 667 1386 species
687 1355 800 1380 codices.

326 1390 351 1422 κ)
372 1397 434 1415 vero
449 1390 624 1422 providentia
643 1392 691 1415 est.
704 1404 723 1409 —
735 1393 775 1415 est
786 1389 962 1423 providentia
981 1391 1093 1416 codices.
1111 1405 1130 1409 —
1149 1391 1229 1416 Iidem
1242 1399 1291 1425 pro
1303 1395 1344 1416 at-

272 1426 413 1456 tribuebat,
432 1425 623 1451 attribuebant.

965 309 1232 356 QUAESTIO
1262 311 1385 357 xxn,
1416 311 1714 348 ARTICULUS
1745 312 1795 349 iv

1408 402 1543 426 eorum
1572 402 1671 438 quae
1691 403 1761 439 per
1781 403 1847 427 eos
1867 391 2015 439 agenda
2044 399 2143 438 sunt,
2170 399 2227 429 est
2255 404 2299 429 ex
2329 393 2479 431 defectu

1405 442 1522 491 ipsius
1541 442 1564 479 λ.
1597 444 1734 481 Omnis
1755 443 1857 481 enim
1878 444 2032 481 scientia
2053 445 2250 494 operativa
2269 453 2374 483 tanto
2394 459 2479 496 per-

1406 496 1538 533 fectior
1566 504 1632 544 est,
1661 505 1803 546 quanto
1834 497 1954 546 magis
1981 498 2220 547 particularia
2249 499 2476 548 considerat,

1404 548 1443 586 in
1473 549 1610 598 quibus
1641 558 1696 587 est
1724 558 1842 588 actus,

1458 604 1516 640 Ao
1555 615 1746 641 SECUNDUM
1783 616 1968 642 DICENDUM
2005 604 2112 652 quod
2148 617 2217 653 per
2252 605 2328 642 hoc
2370 605 2477 654 quod

1403 656 1510 692 Deus
1547 657 1664 693 habet
1698 657 1918 694 immediate
1951 658 2235 707 providentiam
2273 658 2322 695 de
2362 659 2476 696 rebus

1404 709 1596 756 omnibus,
1617 722 1697 747 non
1717 711 1970 748 excluduntur
1991 723 2129 748 causae
2150 712 2355 759 secundae,
2377 724 2476 760 quae

1402 770 1490 798 sunt
1518 763 1749 800 executrices
1777 764 1890 801 huius
1919 764 2074 812 ordinis,
2104 772 2146 801 ut
2174 777 2218 801 ex
2247 777 2363 814 supra
2380 764 2402 786 ²⁸
2421 765 2475 803 di-

1403 814 1470 851 ctis
1498 822 1612 863 patet.

1455 868 1515 904 AD
1543 879 1704 906 TER-rium
1737 881 1922 907 monimum
1960 871 2067 919 quod
2099 870 2212 908 nobis
2246 870 2400 909 melius,
2421 879 2476 908 est

1402 932 1481 957 non
1510 932 1742 968 cognoscere
1771 923 1873 959 mala
1899 930 1936 959 et
1962 923 2065 971 vilia,
2086 924 2314 973 inquantum
2340 936 2410 974 per
2429 936 2475 961 ea

1401 972 1634 1022 impedimur
1648 986 1670 1011 a
1691 974 1995 1013 consideratione
2014 977 2218 1014 meliorum
2233 984 2263 1023 μ,
2286 978 2375 1026 quia
2395 990 2474 1015 non

1400 1039 1610 1075 possumus
1639 1027 1752 1064 simul
1781 1029 1902 1065 multa
1930 1028 2153 1078 intelligere:
2183 1037 2219 1066 et
2247 1031 2473 1080 inquantum

1402 1079 1577 1128 cogitatio
1598 1081 1789 1118 malorum
1814 1082 1996 1129 pervertit
2023 1082 2213 1121 interdum
2234 1085 2474 1121 voluntatem

1400 1133 1439 1170 in
1467 1134 1615 1171 malum
1634 1134 1664 1171 ³¹⁸.
1697 1134 1773 1172 Sed
1802 1135 1877 1171 hoc
1906 1147 1986 1172 non
2004 1136 2120 1173 habet
2147 1136 2277 1174 locum
2306 1137 2346 1174 in
2373 1138 2472 1185 Deo,

1401 1187 1466 1236 qui
1495 1187 1609 1224 simul
1638 1187 1770 1224 omnia
1796 1200 1877 1225 uno
1906 1188 2042 1226 intuitu
2069 1189 2185 1236 videt,
2214 1197 2251 1227 et
2278 1190 2385 1227 cuius
2403 1203 2473 1227 vo-

1399 1241 1522 1278 luntas
1551 1241 1600 1278 ad
1629 1242 1774 1278 malum
1803 1241 1905 1278 flecti
1934 1254 2012 1279 non
2040 1249 2176 1292 potest.

1453 1355 1482 1389 λ)
1502 1357 1594 1388 ipsius.
1610 1370 1631 1377 -—
1648 1357 1751 1382 ordinis
1770 1358 1840 1382 addit
1858 1358 1887 1382 B.
1916 1348 1920 1354 ’

1455 1392 1483 1426 μ)
1503 1392 1717 1418 consideratione
1737 1393 1884 1418 meliorum.
1903 1407 1922 1412 —
1940 1393 2092 1426 cognitione
2111 1393 2251 1419 meliorum
2270 1394 2300 1426 B,
2318 1393 2473 1419 considera-

1401 1427 1472 1452 tione
1490 1428 1642 1460 aliquorum
1662 1428 1800 1453 meliorum
1821 1428 1867 1454 Pb.

957 1514 1289 1547 Commentario.
1313 1514 1564 1548 Cardinalis
1587 1515 1788 1549 Caietani

303 1615 323 1635 N
347 1604 450 1641 titulo,
467 1603 500 1645 ly
516 1603 698 1634 immediate
721 1602 874 1642 significat
897 1602 1099 1643 negationem
1121 1602 1217 1633 medii
1236 1602 1343 1644 provi-

276 1617 393 1686 lsoris,
411 1649 451 1679 ad
474 1647 690 1689 providentiae
714 1647 838 1678 divinae
862 1647 1146 1688 complementum.
1172 1647 1213 1678 Et
1232 1657 1342 1678 sensus

273 1701 334 1725 est:
360 1700 469 1724 utrum
492 1693 531 1723 ad
555 1699 662 1723 actum
685 1691 873 1732 providendi
898 1691 1064 1728 omnibus,
1094 1691 1150 1732 qui
1174 1691 1243 1722 Deo
1268 1701 1342 1722 con-

271 1738 366 1775 venit,
392 1737 577 1779 requiratur,
602 1743 657 1767 aut
677 1736 772 1767 etiam
797 1743 963 1767 concurrat
986 1736 1100 1778 aliquis
1123 1736 1248 1766 medius
1271 1746 1343 1777 pro-

271 1783 367 1819 visor,
388 1789 423 1813 ut
447 1782 500 1813 sic.

328 1827 364 1858 ΙΙ.
390 1827 425 1857 In
450 1835 582 1866 corpore
606 1824 664 1855 tria
688 1824 770 1856 facit.
795 1825 916 1863 Primo,
942 1825 1107 1865 distinguit
1130 1831 1217 1855 actus
1237 1825 1341 1865 provi-

272 1872 394 1902 dentiae
417 1871 450 1901 in
475 1871 555 1901 duo:
581 1869 697 1900 scilicet
719 1869 752 1900 in
777 1870 931 1906 ordinare,
950 1877 980 1900 et
996 1869 1215 1900 executionem
1235 1869 1342 1900 statuti

271 1916 400 1946 ordinis.
425 1916 466 1946 Et
480 1915 602 1956 primus
618 1914 746 1954 proprie
762 1914 876 1945 dicitur
885 1915 1077 1955 providere:
1092 1914 1250 1944 secundus
1266 1924 1341 1945 vero

271 1961 466 2001 gubernare.

327 2005 378 2035 111.
396 2004 554 2041 Secundo,
571 2003 742 2044 respondet
765 2002 909 2043 quaesito
930 2003 1054 2033 duabus
1070 2001 1340 2039 conclusionibus,

271 2049 356 2080 iuxta
379 2049 439 2079 hos
456 2049 538 2079 duos
555 2055 652 2079 actus.
677 2048 787 2078 Prima
808 2054 866 2078 est:
892 2047 979 2077 Deus
995 2047 1177 2078 immediate
1196 2047 1342 2087 providet

271 2093 430 2130 omnibus,
448 2093 554 2134 quoad
571 2093 727 2123 rationem
747 2091 875 2122 ordinis.
889 2109 907 2114 -
923 2091 1071 2122 Secunda
1086 2102 1161 2122 vero
1177 2098 1237 2122 est:
1254 2091 1342 2122 Deus

271 2149 327 2179 per
350 2138 456 2179 aliqua
480 2137 585 2168 media
607 2137 762 2177 providet,
787 2138 946 2177 quantum
970 2136 1009 2166 ad
1032 2136 1261 2167 executionem.

325 2183 480 2213 Probatur
495 2181 607 2222 prima.
632 2182 719 2212 Deus
743 2180 837 2211 habet
860 2180 892 2211 in
916 2180 1077 2212 intellectu
1102 2191 1161 2211 suo
1186 2180 1342 2211 rationem

272 2227 429 2263 omnium,
455 2226 550 2257 etiam
566 2225 792 2262 minimorum;
818 2232 848 2255 et
865 2225 950 2256 dedit
965 2225 1066 2255 causis
1082 2235 1162 2266 quas
1182 2224 1341 2256 effectibus

271 2271 435 2312 praefecit,
459 2271 609 2301 virtutem
633 2270 673 2300 ad
695 2270 768 2300 illos
793 2269 919 2300 effectus
943 2269 1183 2310 producendos:
1209 2279 1284 2309 ergo
1308 2268 1340 2299 in

272 2326 329 2346 sua
347 2316 469 2346 ratione
488 2315 658 2356 praehabet
681 2313 826 2345 ordinem
842 2313 972 2344 illorum
989 2313 1159 2344 effectuum
1174 2313 1207 2343 in
1226 2312 1339 2344 finem:

271 2370 345 2400 ergo
370 2361 457 2391 Deus
480 2369 536 2400 per
552 2359 693 2400 seipsum
715 2358 862 2399 providet
877 2357 1036 2394 omnibus,
1062 2357 1169 2399 quoad
1186 2357 1342 2388 rationem

272 2404 400 2435 ordinis.

327 2449 472 2480 Secunda
497 2458 573 2479 vero
598 2448 766 2488 probatur:
796 2447 872 2488 quia
901 2446 989 2477 Deus
1017 2447 1171 2487 gubernat
1193 2446 1342 2477 inferiora

272 2504 327 2534 per
350 2493 521 2533 superiora.
539 2510 559 2514 -
574 2492 616 2523 Et
631 2491 806 2523 excluditur
830 2491 936 2522 statim
960 2491 1053 2522 tacita
1076 2491 1212 2522 obiectio
1234 2498 1343 2532 contra

271 2548 351 2574 eam,
372 2538 450 2568 dum
474 2537 587 2568 dicitur
603 2536 691 2578 quod
707 2537 881 2577 gubernare
897 2546 953 2576 per
969 2535 1073 2566 media
1093 2535 1242 2567 convenit
1261 2534 1340 2572 Deo,

272 2593 338 2613 non
362 2589 490 2623 propter
514 2581 673 2612 defectum
696 2580 830 2617 virtutis,
856 2587 928 2616 etc.;
954 2586 990 2611 ut
1012 2587 1098 2620 patet
1117 2580 1152 2610 in
1176 2580 1287 2611 littera.

1455 1603 1506 1634 lV.
1527 1604 1673 1641 Attende,
1698 1604 1827 1641 novitie,
1853 1605 1942 1646 quod
1964 1605 2045 1636 inter
2067 1606 2234 1647 providere
2251 1613 2282 1637 et
2296 1607 2471 1647 gubernare

1398 1648 1459 1678 hoc
1482 1647 1625 1685 interest,
1650 1649 1737 1690 quod
1762 1649 1927 1689 providere
1952 1656 1998 1680 est
2028 1650 2171 1690 operatio
2195 1650 2389 1688 immanens,
2413 1661 2471 1692 gu-

1397 1692 1527 1723 bernare
1550 1703 1625 1723 vero
1649 1693 1812 1724 transiens.
1838 1693 1878 1724 Et
1896 1701 2063 1735 propterea
2082 1694 2248 1735 providere
2267 1705 2332 1726 non
2350 1705 2407 1736 per
2422 1705 2469 1726 se-

1397 1736 1514 1777 ipsum,
1531 1737 1624 1778 ponit
1645 1737 1920 1778 imperfectionem
1943 1738 1976 1768 in
1991 1738 2063 1779 ipso
2087 1738 2290 1779 providente:
2315 1739 2470 1781 quoniam

1397 1781 1549 1822 importat
1570 1782 1679 1822 ipsum
1702 1792 1769 1812 non
1785 1789 1920 1813 statuere
1944 1782 1977 1813 in
2001 1790 2106 1814 mente
2123 1793 2182 1814 sua
2197 1790 2303 1815 totum
2322 1783 2471 1815 omnium

1398 1825 1543 1867 ordinem
1565 1826 1598 1856 in
1622 1836 1755 1856 ornnem
1778 1825 1885 1863 finem,
1903 1827 1959 1857 sed
1982 1834 2105 1867 partem
2128 1834 2263 1859 tantum.
2286 1827 2469 1860 Gubernare

1396 1880 1472 1900 vero
1495 1879 1552 1911 per
1574 1870 1689 1907 media,
1709 1880 1776 1901 non
1796 1871 1888 1911 ponit
1910 1871 2185 1911 imperfectionem
2207 1871 2241 1903 in
2265 1872 2469 1912 gubernante,

1397 1913 1457 1944 nisi
1486 1924 1523 1945 ex
1547 1914 1614 1945 eius
1645 1914 1769 1946 defectu
1802 1915 1970 1956 procedat:
2003 1916 2058 1946 sed
2091 1916 2183 1956 ponit
2213 1916 2372 1947 acdonem
2403 1916 2470 1948 eius

1397 1965 1613 1989 transeuntem
1637 1959 1746 1990 multis
1770 1959 1861 2000 quasi
1891 1960 2109 1991 instrumentis
2133 1960 2266 2001 expleri3
2291 1961 2380 2002 quod
2404 1971 2470 1992 non

1397 2003 1600 2034 inconvenire
1623 2003 1693 2034 Deo
1716 2011 1811 2044 patet.

1451 2047 1490 2079 V.
1515 2048 1621 2079 Tertio
1638 2048 1815 2079 excluditur
1831 2058 1868 2079 ex
1884 2048 1974 2079 dictis
1990 2049 2101 2089 opinio
2118 2049 2269 2086 Platonis,
2286 2049 2359 2080 satis
2377 2049 2469 2082 clare.

1397 2092 1445 2123 De
1468 2102 1533 2133 qua
1555 2099 1672 2129 tamen,
1690 2092 1716 2123 si
1733 2092 1845 2124 diffuse
1868 2092 1974 2124 videre
1997 2093 2087 2135 cupis
2111 2094 2280 2135 quomodo
2303 2093 2470 2135 impugne-

1397 2143 1457 2173 tur,
1474 2137 1543 2177 lege
1559 2137 1599 2167 111
1619 2137 1712 2168 Cont.
1730 2136 1821 2168 Gent.
1838 2147 1907 2178 cap.
1924 2148 2025 2169 Lxxvr.
2050 2137 2096 2169 Ibi
2116 2138 2202 2169 enim
2218 2139 2359 2170 advertes
2375 2138 2470 2170 etiam

1397 2181 1485 2222 quod
1509 2191 1575 2212 non
1595 2188 1641 2212 est
1663 2181 1848 2212 intentionis
1873 2182 2043 2222 praesentis
2067 2183 2232 2213 excludere
2251 2182 2375 2214 medios
2398 2193 2471 2224 pro-

1397 2225 1525 2262 visores,
1544 2232 1579 2256 ut
1603 2232 1784 2256 executores
1809 2225 1906 2256 divini
1930 2226 2049 2257 ordinis
2075 2227 2280 2268 pertingentis
2304 2237 2407 2269 usque
2429 2227 2470 2258 ad

1397 2266 1638 2312 minima'(h0c
1662 2269 1748 2300 enim
1773 2277 1852 2301 esset
1876 2270 1971 2300 etiarn
1994 2271 2107 2301 tollere
2131 2271 2334 2312 prudentiam
2356 2272 2470 2303 huma-

1397 2312 1502 2357 nam):
1529 2314 1583 2344 sed
1607 2314 1770 2344 excludere
1795 2314 1917 2344 medios
1941 2314 2120 2355 provisores
2145 2321 2180 2346 ut
2191 2317 2380 2356 provisores
2399 2321 2470 2348 tan-

1397 2364 1464 2389 tum
1473 2367 1488 2396 ,·
1519 2357 1600 2388 idest
1622 2358 1665 2389 ita
1689 2358 1886 2398 provisores,
1919 2359 2008 2400 quod
2032 2369 2098 2390 non
2127 2366 2309 2390 executores
2338 2359 2469 2400 praefati

1398 2402 1526 2439 ordinis,
1544 2402 1599 2433 sed
1622 2402 1750 2433 alterius
1773 2402 1806 2433 in
1829 2402 1938 2433 divino
1958 2410 2029 2434 actu
2046 2403 2135 2434 aliter
2149 2413 2216 2434 non
2236 2403 2467 2445 comprehensi.

1397 2447 1438 2477 Et
1461 2447 1486 2477 si
1509 2447 1556 2477 vis
1579 2447 1754 2487 perspicere
1778 2447 1999 2478 conclusiones
2023 2448 2148 2488 plenius
2171 2448 2223 2479 hic
2246 2448 2374 2488 positas,
2399 2448 2468 2489 lege

1398 2491 1438 2522 111
1466 2491 1556 2522 Cont.
1577 2491 1668 2523 Gent.
1692 2501 1759 2532 cap.
1784 2502 1871 2528 xcxv,
1897 2491 1952 2522 ubi
1975 2502 2061 2523 nunc
2085 2492 2166 2524 facta
2189 2492 2367 2529 distinctio,
2393 2502 2469 2524 cum

1397 2535 1516 2567 eisdem
1539 2535 1810 2572 conclusionibus,
1829 2535 1972 2567 diffusius
1991 2536 2122 2577 ponitur
2141 2544 2171 2568 et
2190 2536 2416 2574 manifestatur,
2435 2536 2468 2568 in

1397 2580 1553 2621 principio
1578 2579 1756 2611 solutionis.

1058 2733 1376 2777 ARTICULUS
1407 2733 1680 2786 QUARTUS

651 2827 807 2859 UTRUM
830 2828 1128 2859 PROVIDENTIA
1152 2827 1289 2859 REssus
1312 2827 1503 2859 PRovis1s
1526 2827 1858 2859 NECESSITATEM
1883 2828 2081 2860 IMPONAT

316 2907 326 2932 1
346 2907 428 2938 Sent.‚
445 2907 504 2932 dist.
519 2914 600 2936 xxxix,
614 2915 658 2939 qu.
674 2914 700 2936 ιι,
714 2912 759 2931 art.
777 2914 804 2938 2;
819 2906 851 2931 111
868 2907 945 2932 Cont.
963 2908 1050 2937 Gent.,
1067 2914 1122 2940 cap.
1136 2914 1211 2938 inu,
1225 2914 1299 2938 xcrv;
1319 2906 1361 2931 De
1374 2906 1457 2936 Malo,
1473 2914 1518 2940 qu.
1532 2914 1582 2936 xvt.
1597 2912 1644 2932 art.
1658 2915 1682 2940 7,
1697 2907 1728 2931 ad
1747 2906 1789 2938 15;
1805 2907 1905 2940 Opusc.
1919 2908 1957 2937 11:
1969 2909 2070 2933 Contra
2087 2909 2211 2937 Graecos,
2224 2909 2355 2934 Armenos
2368 2913 2425 2938 etc..

438 2950 493 2975 cap.
507 2950 535 2974 x;
557 2942 701 2974 Compend.
720 2942 746 2967 T
741 2943 816 2972 heol„
831 2950 887 2974 cap.
902 2950 999 2974 cxxxix,
1015 2950 1076 2973 cxi-5
1097 2942 1196 2974 opusc.
1210 2942 1266 2973 XV,
1287 2942 1328 2967 De
1346 2942 1464 2976 Angelis,
1479 2950 1535 2976 cap.
1549 2950 1594 2974 xv;
1615 2942 1623 2967 I
1643 2942 1799 2972 Periherm„
1816 2943 1874 2968 lect.
1887 2951 1943 2974 x1v;
1963 2944 1995 2968 Vl
2014 2943 2178 2977 Metaphys„
2192 2944 2252 2968 lect.
2266 2951 2304 2968 111.

314 3067 323 3078 s
343 3060 353 3065 »
397 3066 411 3079 ,
427 3054 476 3100 ἐξ(
489 3044 512 3069 D
532 3043 705 3074 QUARTUM
725 3028 1037 3069 smssmocamrun.
1059 3031 1220 3069 Videtur
1238 3031 1344 3081 quod

415 3084 459 3128 ’54
490 3085 620 3123 divina
651 3085 892 3134 providentia
930 3085 1195 3122 necessitatem
1230 3085 1343 3122 rebus

380 3117 654 3188 r'*provisis
681 3138 864 3187 imponat.
887 3138 1026 3175 Omnis
1055 3139 1157 3176 enim
1186 3138 1343 3175 effectus

335 3207 346 3220 κ
367 3193 394 3217 ΐ”
407 3188 431 3226 ἐ)
446 3184 478 3227 K
490 3192 554 3240 qui
574 3193 690 3230 habet
708 3191 874 3241 aliquam
900 3204 1054 3229 causam
1074 3205 1143 3241 per
1171 3204 1223 3240 se,
1244 3203 1342 3241 quae

274 3245 351 3282 iam
371 3253 426 3282 est
444 3247 506 3282 vel
526 3245 605 3292 fuit,
625 3245 674 3283 ad
694 3258 812 3294 quam
843 3245 890 3282 de
913 3246 1133 3283 necessitate
1163 3245 1341 3295 sequitur,

274 3298 451 3347 provenit
478 3311 524 3336 ex
549 3298 782 3345 necessitate,
803 3306 845 3335 ut
865 3299 1121 3348 Philosophus
1148 3299 1287 3348 probat
1304 3298 1342 3335 in

274 3352 325 3388 Vl
354 3353 570 3402 Metaphys
591 3352 611 3375 ’¹‘
632 3352 709 3390 Sed
722 3352 970 3401 ‘providentia
995 3352 1077 3399 Dei,
1099 3365 1188 3390 cum
1216 3351 1263 3390 sit
1281 3364 1342 3389 ae-

274 3412 391 3452 terna,
411 3406 640 3454 praeexistit;
672 3413 707 3442 et
736 3405 783 3443 ad
808 3417 893 3442 eam
923 3406 1093 3454 sequitur
1119 3405 1275 3443 effectus
1295 3405 1342 3443 de

274 3458 516 3505 necessitate;
547 3472 626 3496 non
655 3459 756 3496 enirn
785 3466 910 3508 potest
946 3458 1074 3496 divina
1101 3458 1343 3508 providentia

274 3511 449 3549 frustrari.
480 3513 581 3560 Ergo
629 3512 870 3562 providentia
906 3512 1035 3550 divina
1077 3512 1340 3550 necessitatem

275 3565 388 3601 rebus
416 3565 578 3613 provisis
607 3566 778 3614 imponit.

327 3678 354 3711 α)
366 3679 514 3704 immobilis.
523 3680 726 3705 -immobilibus
736 3680 929 3706 PDGab.—Pro
938 3682 1108 3714 constringit,
1120 3680 1268 3714 adstringit
1279 3680 1340 3704 Pab.
1366 3674 1370 3714 Ι

1453 3043 1488 3068 2.
1528 3033 1775 3079 PRAETEREA,
1813 3032 2076 3082 unusquisque
2113 3031 2290 3081 provisor
2330 3031 2468 3070 stabilit

1399 3097 1496 3134 opus
1516 3097 1630 3122 suum
1650 3093 1836 3133 quantum
1858 3093 1994 3134 potest,
2014 3097 2062 3122 ne
2083 3085 2245 3122 deficiat.
2268 3086 2344 3123 Sed
2360 3086 2466 3123 Deus

1398 3145 1454 3175 est
1481 3150 1634 3175 summe
1671 3146 1820 3187 potens.
1850 3140 1953 3187 Ergo
1982 3138 2214 3176 necessitatis
2246 3139 2466 3177 firmitatem

1398 3192 1511 3228 rebus
1539 3203 1562 3228 a
1590 3204 1630 3229 se
1658 3192 1822 3241 provisis
1850 3192 1989 3230 tribuit.

1453 3245 1487 3282 3.
1501 3245 1734 3292 PRAETEREA,
1751 3246 1907 3283 Boetius
1922 3245 2021 3291 dicit,
2033 3245 2085 3282 lV
2098 3245 2144 3282 de
2159 3245 2346 3292 Consol.*,
2359 3245 2465 3294 quod

1398 3298 1538 3344 fatum,
1577 3299 1626 3335 ab
1663 3299 1863 3336 immobilis
1891 3305 1908 3321 ⁸
1931 3298 2192 3348 providentiae
2221 3299 2466 3347 proficiscens

1397 3352 1574 3398 exordiis,
1594 3357 1699 3389 actus
1715 3353 1974 3401 fortunasque
1999 3352 2194 3388 hominum
2222 3351 2467 3390 indissolubili

1397 3417 1601 3442 causarum
1638 3406 1873 3443 connexione
1909 3405 2141 3455 constringit.
2179 3405 2338 3443 Videtur
2374 3416 2464 3453 ergo

1397 3458 1501 3507 quod
1521 3458 1761 3507 providentia
1775 3458 2038 3496 necessitatem
2058 3459 2171 3495 rebus
2185 3458 2349 3508 provisis
2363 3456 2381 3487 Ρ
2394 3458 2463 3495 im-

1396 3519 1525 3560 ponat

1452 3565 1526 3601 SED
1555 3575 1701 3602 CONTRA
1730 3575 1795 3601 nsT
1823 3565 1926 3613 quod
1956 3564 2043 3602 dicit
2071 3564 2290 3613 Dionysius,
2319 3575 2355 3601 ιν
2379 3575 2461 3612 cap.

1450 3678 1475 3712 β)
1491 3679 1616 3711 provisis.
1634 3692 1654 3699 -
1668 3679 1813 3711 provisivis
1832 3680 1872 3704 ed.
1888 3680 1910 3709 b,
1930 3687 1984 3705 om.
2004 3680 2105 3705 codices
2124 3685 2150 3705 et
2168 3680 2209 3705 ed.
2223 3686 2248 3704 a.

2507 773 2517 783 ·
2529 773 2555 795 ln
2570 780 2678 803 corpore.

2501 1149 2512 1161 ⁸
2526 1149 2556 1172 D.
2570 1155 2624 1178 9²9·

2493 3251 2589 3274 'Prona
2603 3257 2635 3274 vt.
