2768 4178
59 945 68 953 ¹
84 945 135 965 Art.

55 1432 140 1480 gfff·

52 2278 63 2288 ⁸
77 2277 144 2299 Vei-s.
152 2282 184 2316 r¹5'

51 2549 60 2556 '
76 2547 125 2569 Art.

151 943 173 965 8.

151 1438 183 1459 vl,
194 1438 217 1454 n.
229 1432 250 1454 8.
258 1443 268 1448 -

152 1459 203 1481 lect.
218 1465 267 1480 xm.

157 1597 173 1612 ’Χ

142 2554 165 2575 9.

312 280 383 315 186

982 280 1253 327 QUAESTIO
1283 281 1383 329 XIV,
1413 281 1713 319 ARTICULUS
1744 282 1831 319 XIII

990 433 1309 476 ARTICULUS
1339 434 1822 478 DECIMUSTERTIUS

773 526 929 558 UTRUM
953 526 1154 558 scu-:NT1A
1177 526 1248 557 DEI
1274 526 1340 557 sn*
1364 527 1642 559 FUTURORUM
1666 528 2035 561 CONTINGENTIUM

406 604 482 636 Infra,
499 612 543 637 qu.
556 613 654 635 Lxxxvi,
669 610 715 633 art,
731 613 762 637 4;
783 606 792 630 1
813 605 895 634 Sent„
911 605 970 630 dist.
983 612 1084 635 xxxvm,
1100 610 1146 629 art.
1161 603 1174 629 5
1183 613 1190 636 ;
1210 605 1219 629 1
1242 605 1318 630 Cont.
1341 606 1428 635 Gent„
1443 613 1499 639 cap.
1512 614 1593 637 αντη
1614 607 1656 632 De
1681 607 1770 636 Ver-it„
1789 616 1833 640 qu.
1846 615 1873 639 ιι,
1889 613 1935 632 art.
1951 604 1998 638 ‘12;
2019 608 2061 633 De
2079 608 2163 640 Malo,
2178 616 2224 641 qu.
2238 616 2288 639 xvx,
2308 614 2356 635 art.
2369 618 2399 643 7;

483 640 580 671 Quodl.
593 641 635 671 XI,
651 649 696 674 qu.
706 648 749 672 1115
770 641 870 674 Opusc.
887 641 915 672 II,
933 641 1036 666 Contra
1052 641 1179 670 Graecos,
1193 642 1327 666 Armenes
1340 646 1397 671 etc„
1411 649 1468 674 cap.
1482 649 1510 673 x;
1533 642 1678 674 Compend.
1692 642 1790 673 771eol.,
1807 651 1862 676 cap.
1876 650 1981 675 cxxxm;
2003 644 2012 668 1
2028 644 2183 674 Periherm„
2198 645 2257 670 lect.
2271 652 2322 670 xlv.

516 741 538 781 p
567 741 891 774 DECIMUMTERTIUM
911 741 964 766 sm
988 741 1228 766 PROCEDITUR.
1258 728 1373 780 Vide-

515 791 575 819 tur
595 783 700 832 quod
720 783 875 820 scientia
899 783 972 819 Dei
992 795 1071 819 non
1091 782 1137 818 sit
1155 782 1373 818 futurorum

316 816 373 844 ,ass
438 811 501 843 “w-
608 836 614 843 .
738 836 744 842 .
1087 835 1094 841 .
1339 834 1345 840 .

317 825 503 924 ‘Qvi
515 839 1139 938 ξῖἓὲΐᾱῆῗἳῗεὲῗώέηέἶῖἰίᾶῗῗὲῗ
1155 847 1373 925 151ξὲῗὲῗέὲὸ

300 941 350 978 tia
387 941 460 978 Dei
499 951 554 980 est
591 955 706 980 causa
744 943 947 990 scitorum,
977 950 1018 979 ut
1046 954 1161 991 supra
1179 941 1200 963 '¹‘
1229 940 1371 978 dictum

301 1002 366 1032 est.
398 995 499 1032 Cum
530 1008 618 1044 ergo
649 997 730 1045 ipsa
759 996 805 1033 sit
833 996 1058 1042 necessaria,
1080 994 1251 1044 sequitur
1279 994 1372 1031 scita

300 1048 382 1085 eius
411 1061 494 1085 esse
523 1049 748 1086 necessaria.
788 1050 880 1086 Non
910 1061 999 1097 ergo
1030 1048 1186 1086 scientia
1214 1047 1287 1085 Dei
1317 1055 1373 1085 est

300 1101 611 1149 contingentium.

353 1166 388 1192 2.
410 1156 652 1202 PRAETEREA,
683 1155 808 1192 omnis
838 1154 1102 1192 conditionalis
1132 1154 1238 1192 cuius
1267 1162 1371 1191 ante-

299 1208 438 1245 cedens
468 1217 523 1246 est
551 1208 811 1248 necessarium
840 1209 1026 1256 absolute,
1049 1220 1292 1257 consequens
1316 1215 1373 1245 est

297 1262 556 1299 necessarium
585 1263 770 1299 absolute.
803 1261 865 1299 Sic
895 1262 998 1299 enim
1018 1274 1058 1299 se
1077 1263 1194 1300 habet
1221 1269 1371 1298 antece-

298 1315 392 1352 dens
422 1315 472 1353 ad
501 1327 762 1364 consequens,
793 1315 888 1352 sicut
924 1315 1111 1365 principia
1139 1315 1190 1353 ad
1218 1315 1371 1352 conclu—

297 1368 468 1406 sionem:
499 1381 544 1406 ex
571 1369 766 1418 principiis
795 1376 925 1406 autem
955 1368 1176 1407 necessariis
1210 1381 1289 1406 non
1313 1380 1370 1405 se-

298 1423 424 1472 quitur
452 1423 647 1460 conclusio
678 1423 749 1460 nisi
778 1422 1007 1470 necessaria,
1029 1430 1071 1460 ut
1098 1422 1138 1460 in
1159 1423 1172 1458 I
1192 1423 1334 1459 Poster.
1350 1421 1371 1443 '³‘

296 1477 490 1525 probatur.
532 1477 610 1514 Sed
647 1477 743 1513 haec
782 1484 837 1513 est
870 1476 1064 1524 quaedam
1102 1475 1370 1513 conditionalis

295 1542 408 1577 vera,
438 1530 472 1567 si
497 1530 602 1566 Deus
628 1530 737 1567 scivit
761 1531 833 1567 hoc
849 1531 1032 1579 futurum
1061 1541 1150 1575 esse,
1179 1531 1251 1566 hoc
1278 1529 1370 1565 erit.-

297 1583 385 1632 quia
414 1583 570 1620 scientia
590 1583 663 1620 Dei
682 1589 699 1604 ⁰²
727 1595 807 1620 non
835 1591 891 1620 est
918 1583 990 1621 nisi
1017 1595 1213 1620 verorum.
1245 1582 1369 1619 Huius

296 1645 424 1673 autem
463 1636 728 1674 conditionalis
766 1637 996 1674 antecedens
1026 1645 1081 1673 est
1109 1635 1368 1673 necessarium

296 1691 490 1727 absolute:
520 1698 602 1727 turn
632 1690 720 1739 quia
749 1690 805 1727 e‘st
837 1698 1061 1736 aeternum;
1091 1698 1173 1727 tum
1202 1689 1294 1738 quia
1322 1689 1369 1727 si-

295 1744 494 1792 gnificatur
513 1751 554 1780 ut
580 1743 839 1792 praeteritum.
870 1745 973 1792 Ergo
994 1751 1032 1781 et
1051 1755 1293 1792 consequens
1314 1750 1369 1779 est

296 1797 555 1834 necessarium
594 1797 778 1834 absolute.
819 1796 933 1845 Igitur
970 1797 1157 1846 quidquid
1194 1796 1309 1834 scitur
1345 1808 1368 1832 a

295 1852 392 1897 Deo,
424 1858 479 1888 est
502 1850 773 1887 necessarium.
803 1851 853 1887 Et
873 1850 926 1887 sic
945 1850 1101 1887 scientia
1120 1849 1193 1887 Dei
1213 1862 1291 1887 non
1312 1857 1369 1886 est

295 1903 607 1951 contingentium.

349 1958 384 1994 3.
406 1958 640 2003 PRAETEREA,
662 1969 780 1993 omne
810 1956 946 1994 scitum
975 1969 998 1993 a
1026 1957 1112 1993 Deo
1133 1968 1290 1993 necesse
1310 1963 1368 1993 est

294 2023 397 2048 esse:
427 2010 517 2059 quia
547 2010 661 2047 etiam
690 2021 807 2047 omne
846 2009 981 2047 scitum
1011 2022 1033 2046 a
1061 2009 1173 2046 nobis
1207 2021 1366 2046 necesse

294 2072 349 2101 est
369 2077 463 2111 esse,
494 2076 582 2100 cum
603 2071 733 2100 tamen
757 2063 913 2100 scientia
932 2062 1005 2100 Dei
1026 2063 1163 2100 certior
1182 2062 1228 2100 sit
1247 2075 1365 2112 quarn

294 2117 448 2155 scientia
477 2125 616 2154 nostra.
655 2117 731 2154 Sed
760 2117 907 2154 nullum
939 2116 1164 2166 contingens
1198 2116 1366 2164 futurum

294 2183 449 2208 necesse
479 2178 533 2207 est
563 2182 658 2207 esse.
698 2171 800 2218 Ergo
831 2171 978 2207 nullum
1015 2169 1238 2218 contingens
1266 2170 1364 2207 futu-

294 2237 379 2261 rum
410 2232 464 2261 est
493 2223 629 2260 scitum
658 2236 680 2260 a
708 2223 806 2260 Deo.

348 2278 422 2314 SED
443 2288 589 2314 CONTRA
605 2288 671 2313 EST
685 2276 791 2324 quod
812 2275 946 2313 dicitur
965 2276 1003 2312 in
1023 2276 1179 2312 Psalmo
1194 2274 1364 2312 xxxu*¹³:

299 2331 373 2374 Qui
388 2331 512 2379 finxit
537 2329 756 2379 singillatim
786 2329 903 2366 corda
931 2341 1076 2374 eorum,
1102 2329 1169 2378 qui
1195 2329 1369 2379 intelligit

294 2385 422 2421 omnia
442 2395 557 2432 opera
577 2395 721 2428 eorum,
742 2382 883 2419 scilicet
901 2382 1118 2419 hominum.
1150 2382 1228 2419 Sed
1248 2394 1366 2431 opera

293 2438 497 2475 hominurn
517 2445 604 2473 sunt
630 2435 897 2484 contingentia,
918 2443 1050 2485 utpote
1069 2435 1190 2472 libero
1211 2435 1365 2472 arbitrio

294 2491 475 2529 subiecta.
507 2491 608 2538 Ergo
638 2491 745 2526 Deus
774 2489 842 2526 scit
871 2490 996 2526 futura
1025 2489 1291 2537 contingentia.

348 2546 574 2581 Rssspomsso
603 2555 788 2580 DlCENDUM
817 2543 935 2591 quod,
958 2555 1045 2579 curn
1070 2542 1220 2591 supra*
1240 2550 1366 2579 osten-

294 2611 380 2635 sum
410 2597 456 2634 sit
488 2597 594 2645 quod
614 2597 721 2633 Deus
742 2595 835 2633 sciat
855 2595 987 2633 omnia
1019 2608 1099 2633 non
1119 2597 1245 2632 solum
1266 2608 1365 2645 quae

293 2660 378 2689 actu
408 2658 511 2697 sunt,
543 2650 610 2687 sed
640 2649 755 2686 etiam
789 2661 888 2697 quae
917 2657 1004 2686 sunt
1031 2649 1070 2686 in
1098 2649 1268 2698 potentia
1296 2662 1365 2686 sua

292 2706 354 2742 vel
385 2711 595 2748 creaturae;
625 2704 765 2739 horum
796 2711 925 2740 autern
955 2704 1147 2751 quaedam
1168 2710 1256 2740 sunt
1275 2715 1365 2740 con-

292 2757 472 2806 tingentia
500 2757 611 2794 nobis
641 2757 781 2801 futura3
811 2756 982 2805 sequitur
1009 2756 1115 2804 quod
1139 2756 1245 2793 Deus
1275 2769 1364 2794 con-

292 2810 472 2859 tingentia
500 2811 623 2847 futura
654 2817 869 2857 cognoscat.

345 2864 407 2901 Ad
437 2864 544 2901 cuius
574 2863 818 2910 evidentiam,
840 2862 1163 2900 considerandum
1184 2871 1240 2900 est
1260 2863 1365 2912 quod

293 2918 517 2966 contingens
546 2916 701 2966 aliquod
731 2916 928 2965 dupliciter
956 2924 1082 2965 potest
1119 2916 1362 2954 considerari.

293 2971 380 3009 Uno
410 2968 542 3018 modo,
564 2970 602 3007 in
622 2970 762 3019 seipso,
783 2969 997 3006 secundum
1020 2970 1126 3019 quod
1146 2969 1223 3007 iam
1243 2978 1330 3007 actu
1350 2974 1364 2997 ⁷

294 3032 360 3062 est.
397 3025 446 3061 Et
474 3024 527 3067 sic
555 3035 633 3060 non
664 3022 926 3060 consideratur
954 3030 995 3060 ut
1023 3023 1206 3070 futurum,
1236 3023 1304 3060 sed
1323 3031 1365 3060 ut

292 3090 495 3126 praesens:
527 3089 653 3126 neque
684 3083 726 3113 ut
755 3077 803 3113 ad
835 3076 1056 3113 utrumlibet
1076 3073 1090 3098 ὅ
1118 3076 1362 3124 contingens,

294 3131 361 3168 sed
380 3139 421 3168 ut
441 3130 735 3168 determinatum
766 3130 814 3166 ad
833 3141 966 3166 unum.
998 3130 1047 3166 Et
1065 3137 1224 3179 propter
1250 3130 1326 3166 hoc
1340 3135 1362 3176 ¹,

294 3184 344 3221 sic
383 3183 620 3221 infallibiliter
657 3182 767 3220 subdi
811 3190 936 3232 potest
974 3190 1096 3220 certae
1136 3182 1362 3232 cognitioni,

347 3300 373 3330 α)
395 3299 455 3324 Dei.
473 3313 490 3318 -
509 3299 571 3323 Om.
591 3298 692 3323 codices
712 3302 737 3322 et
756 3297 796 3321 ed.
811 3304 836 3322 a.

347 3333 371 3366 β)
392 3335 446 3359 Sed
464 3337 592 3359 contra...
606 3333 704 3358 Psalm.
719 3340 795 3358 xxxn.
806 3346 825 3351 —
840 3332 895 3357 Sed
912 3336 1007 3358 contra
1022 3334 1121 3363 ACDE,
1137 3333 1192 3359 Sed
1210 3336 1306 3359 contra
1324 3335 1363 3358 est

293 3369 364 3402 quod
382 3370 407 3394 in
429 3370 472 3395 Ps.
492 3370 591 3394 dicitur
610 3369 663 3398 BG,
679 3368 733 3399 Sed
750 3371 845 3393 contra
865 3371 904 3393 est
923 3368 950 3399 F,
965 3369 1019 3393 Sed
1037 3373 1132 3394 contra
1149 3372 1189 3395 est
1207 3368 1279 3402 quod
1298 3367 1363 3394 dicit

293 3404 411 3435 (dicitur
430 3406 471 3430 ed.
491 3405 521 3436 b)
541 3405 584 3429 Ps.
604 3405 662 3429 edd.
681 3404 732 3429 ab.

346 3445 372 3472 γ)
392 3444 464 3465 actu.
481 3454 499 3460 -
517 3444 605 3465 actum
624 3440 677 3468 ΑΕ,
693 3439 719 3464 in
739 3442 800 3464 actu
821 3438 865 3463 Pb.

347 3474 370 3507 δ)
391 3479 421 3500 ut
438 3476 475 3500 ad
494 3476 656 3500 utrumlibet.
670 3488 688 3494 -
701 3475 739 3500 ad
759 3474 912 3500 utrumh'bet
932 3475 997 3499 PBD
1017 3480 1041 3499 et
1061 3475 1119 3500 edd.
1132 3476 1183 3505 ab,
1203 3475 1240 3500 ad
1259 3478 1361 3500 utrum·

293 3517 343 3543 que
363 3510 416 3535 FG.

347 3546 368 3576 ε)
384 3549 499 3577 propter
517 3546 573 3570 hoc.
591 3559 610 3565 ·-
629 3546 691 3571 Om.
711 3545 765 3570 AD.
785 3559 802 3563 —
820 3545 858 3570 sic
876 3553 929 3570 om.
950 3545 999 3571 BF.

346 3580 372 3612 ζ)
390 3581 555 3614 contingens.
573 3595 591 3600 -
609 3581 788 3614 contingentis
807 3581 968 3606 ABCEFGa.

347 3617 373 3648 η)
393 3616 483 3641 etiam.
501 3629 519 3635 —-
537 3619 563 3640 et
582 3617 692 3645 codices.
711 3624 764 3641 om.
784 3617 834 3641 ab.

347 3649 371 3683 Θ)
392 3659 453 3684 qua.
470 3665 490 3670 -
508 3652 569 3684 quia
589 3652 722 3676 ADEFab.

1427 738 1567 778 utpote,
1595 731 1723 768 sensui
1751 731 1878 780 visus,
1908 732 2004 769 sicut
2032 745 2121 770 cum
2148 733 2266 771 video
2301 734 2501 771 Socratem

1428 783 1574 820 sedere.
1604 784 1690 821 Alio
1711 785 1831 822 modo
1850 793 1977 834 potest
2006 786 2236 824 considerari
2265 787 2500 836 contingens,

1427 843 1469 872 ut
1497 843 1553 873 est
1581 836 1620 873 in
1647 849 1717 874 sua
1754 850 1882 876 causa.
1921 839 1971 876 Et
2004 839 2057 876 sic
2086 840 2349 878 consideratur
2375 849 2417 878 ut
2444 841 2501 878 fu-

1426 896 1574 936 turum,
1605 897 1642 926 et
1669 897 1711 926 ut
1740 891 1963 939 contingens
2001 893 2176 930 nondum
2205 893 2501 932 determinatum

1427 942 1476 979 ad
1504 954 1649 979 unum:
1678 943 1769 991 quia
1801 942 1916 981 causa
1953 945 2176 994 contingens
2196 946 2210 973 t
2238 959 2280 984 se
2306 948 2424 985 habet
2451 948 2500 985 ad

1427 995 1616 1044 opposita.
1660 996 1710 1032 Et
1745 995 1800 1032 sic
1838 997 2060 1045 contingens
2101 1011 2181 1036 non
2217 1000 2391 1038 subditur
2431 1011 2502 1050 per

1427 1048 1693 1086 certitudinem
1731 1049 1844 1086 alicui
1871 1050 2088 1098 cognitioni.
2127 1052 2240 1090 Unde
2264 1053 2500 1103 quicumque

1427 1102 1623 1150 cognoscit
1659 1102 1840 1140 effectum
1882 1103 2165 1152 contingentem
2197 1105 2238 1143 in
2274 1119 2390 1145 causa
2431 1119 2500 1145 sua

1426 1163 1587 1203 tantum,
1617 1168 1696 1193 non
1723 1156 1841 1193 habet
1869 1156 1916 1193 de
1945 1169 1992 1194 eo
2021 1157 2093 1194 nisi
2121 1158 2416 1198 coniecturalem
2436 1173 2500 1198 co-

1426 1209 1647 1258 gnitionem.
1678 1210 1785 1247 Deus
1813 1217 1945 1247 autem
1975 1210 2170 1258 cognoscit
2199 1211 2331 1250 omnia
2349 1214 2500 1258 ⁴contin-

1425 1263 1562 1312 gentia,
1593 1275 1672 1300 non
1700 1263 1827 1300 solum
1854 1271 1969 1313 prout
1997 1271 2085 1301 sunt
2111 1263 2151 1302 in
2177 1264 2255 1302 suis
2275 1266 2411 1314 causis,
2431 1267 2501 1305 sed

1427 1316 1542 1354 etiarn
1579 1324 1695 1366 prout
1729 1318 2039 1366 unumquodque
2079 1329 2215 1355 eorum
2254 1326 2310 1355 est
2345 1326 2432 1356 actu
2459 1319 2500 1357 in

1426 1370 1566 1419 seipso.

1480 1424 1529 1460 Et
1555 1422 1642 1460 licet
1670 1422 1927 1471 contingentia
1963 1423 2059 1460 fiant
2086 1423 2126 1461 in
2154 1431 2240 1461 actu
2269 1425 2500 1474 successive,

1425 1489 1505 1514 non
1533 1484 1663 1514 tamen
1691 1477 1798 1514 Deus
1826 1476 2042 1514 successive
2063 1477 2259 1526 cognoscit
2278 1479 2500 1528 contingen-

1425 1530 1486 1578 tia,
1516 1537 1748 1579 proutxsunt
1774 1529 1813 1567 in
1841 1542 1912 1567 suo
1941 1542 2037 1578 esse,
2053 1530 2150 1568 sicut
2169 1543 2253 1579 nOS,
2274 1532 2342 1570 sed
2371 1532 2498 1570 simul.

1426 1583 1528 1631 Quia
1555 1595 1625 1621 sua
1658 1582 1824 1631 cognitio
1853 1591 2096 1621 mensuratur
2127 1585 2372 1634 aeternitate,
2402 1586 2500 1624 sicut

1425 1637 1539 1674 etiarn
1555 1645 1570 1668 η
1591 1649 1706 1674 suum
1735 1648 1839 1673 esse:
1869 1637 2070 1674 aeternitas
2098 1645 2246 1686 autem,
2275 1645 2355 1676 tota
2382 1639 2497 1687 simul

1425 1691 1600 1738 existens,
1622 1689 1743 1727 ambit
1769 1697 1893 1727 totum
1921 1698 2086 1740 tempus,
2114 1698 2158 1728 ut
2181 1691 2332 1741 supra*
2352 1692 2497 1730 dictum

1425 1752 1491 1781 est.
1530 1743 1642 1782 Unde
1677 1743 1809 1780 omnia
1845 1755 1945 1792 quae
1979 1750 2067 1781 sunt
2099 1743 2139 1782 in
2171 1752 2370 1795 tempore,
2409 1753 2499 1784 sunt

1423 1799 1509 1835 Deo
1529 1797 1577 1834 ab
1607 1804 1763 1834 aeterno
1791 1797 2019 1845 praesentia,
2039 1809 2119 1834 non
2138 1798 2265 1836 solum
2285 1810 2331 1836 ea
2349 1799 2496 1837 ratione

1423 1863 1500 1900 qua
1518 1847 1531 1871 ⁰
1558 1850 1676 1887 habet
1703 1849 1869 1887 rationes
1897 1862 2026 1887 rerum
2055 1851 2159 1899 apud
2187 1863 2229 1888 se
2256 1860 2495 1901 praesentes,

2622 1652 2639 1676 'l

2523 1703 2536 1715 ⁸
2551 1702 2600 1732 Qu.
2614 1709 2644 1732 x,
2659 1706 2702 1726 ιη.
2716 1709 2738 1731 ²,

2523 1729 2592 1757 1⁶4.

1421 1912 1464 1941 ut
1491 1903 1649 1952 quidam
1687 1902 1836 1940 dicunt:
1866 1903 1936 1940 sed
1968 1903 2058 1952 quia
2087 1903 2168 1941 eius
2196 1903 2352 1942 intuitus
2380 1905 2499 1943 fertur
2531 1912 2533 1914 ’

1422 1958 1470 1994 ab
1491 1964 1647 1994 aeterno
1667 1967 1783 2006 super
1801 1956 1933 1993 omnia
1951 1963 1970 2004 ⁸,
1999 1964 2116 2006 prout
2135 1965 2223 1995 sunt
2240 1957 2279 1995 in
2298 1970 2368 1996 sua
2385 1970 2496 2008 prae·

1422 2009 1656 2048 sentialitate.

1475 2063 1588 2101 Unde
1626 2061 1870 2100 manifestum
1902 2070 1959 2100 est
1996 2063 2104 2112 quod
2141 2063 2398 2113 contingentia
2426 2073 2464 2103 et
2481 2070 2496 2087 ⁸²

1420 2116 1658 2154 infallibiliter
1676 2128 1699 2153 a
1718 2116 1803 2153 Deo
1834 2124 2129 2166 cognoscuntur,
2157 2117 2386 2167 inquantum
2406 2119 2495 2156 sub—

1421 2171 1563 2208 duntur
1591 2169 1723 2207 divino
1752 2169 1974 2218 conspectui
2006 2170 2219 2208 secundum
2247 2183 2359 2209 suam
2385 2183 2495 2221 prae·-

1421 2223 1700 2260 sentialitatem:
1727 2229 1764 2258 et
1781 2229 1912 2259 tamen
1930 2220 1944 2243 λ
1962 2231 2050 2260 sunt
2073 2223 2199 2261 futura
2227 2225 2493 2274 contingentia,

1421 2276 1498 2314 suis
1527 2275 1650 2313 causis
1679 2282 1911 2324 comparata.

1474 2331 1533 2366 AD
1562 2340 1700 2366 ramum
1720 2339 1819 2365 ERGO
1848 2340 2034 2366 DICENDUM
2053 2329 2171 2378 quod,
2192 2329 2279 2367 licet
2298 2342 2413 2368 causa
2432 2343 2494 2368 su-

1420 2395 1556 2432 prema
1584 2382 1629 2419 sit
1655 2380 1882 2428 necessaria,
1911 2389 2042 2419 tamen
2071 2382 2229 2420 effectus
2256 2391 2382 2432 potest
2410 2396 2494 2422 esse

1422 2435 1656 2484 contingens,
1677 2442 1834 2484 propter
1858 2447 2015 2472 causam
2034 2435 2252 2484 proximam
2273 2437 2494 2486 contingen-

1421 2497 1499 2526 tem
1523 2488 1563 2526 *ε
1597 2488 1693 2525 sicut
1729 2487 1953 2536 germinatio
1990 2489 2143 2538 plantae
2177 2497 2233 2526 est
2269 2490 2493 2540 contingens
2521 2502 2530 2511 ·

1420 2549 1577 2591 propter
1605 2553 1760 2579 causam
1788 2541 2005 2591 proximam
2039 2542 2322 2591 contingentem
2342 2549 2378 2590 μ,
2408 2543 2494 2582 licet

1420 2604 1548 2633 motus
1576 2594 1677 2642 solis,
1699 2594 1762 2643 qui
1792 2602 1848 2631 est
1877 2607 1992 2632 causa
2019 2595 2157 2644 prima,
2178 2595 2224 2633 sit
2244 2597 2490 2636 necessarius.

1421 2650 1470 2686 Et
1497 2648 1666 2686 similiter
1694 2647 1785 2684 scita
1805 2660 1827 2684 a
1847 2648 1932 2684 Deo
1953 2656 2041 2686 sunt
2061 2649 2316 2698 contingentia
2333 2658 2492 2700 propter

1421 2714 1554 2740 causas
1573 2701 1779 2751 proximas,
1801 2701 1887 2738 licet
1906 2701 2061 2739 scientia
2082 2702 2166 2750 Dei,
2183 2715 2283 2752 quae
2303 2711 2358 2741 est
2377 2716 2492 2742 causa

1419 2756 1554 2806 prima,
1585 2754 1631 2792 sit
1659 2754 1885 2792 necessaria.

1473 2812 1532 2846 An
1570 2820 1761 2846 SECUNDUM
1799 2818 1982 2845 mcENDUM
2021 2809 2127 2858 quod
2164 2809 2322 2858 quidam
2363 2809 2492 2847 dicunt

1420 2862 1527 2912 quod
1554 2862 1629 2899 hoc
1652 2861 1896 2907 antecedens,
1925 2862 2030 2898 Deus
2056 2862 2165 2899 scivit
2179 2863 2252 2900 hoc
2270 2863 2491 2913 contingens

1407 2917 1589 2966 futurum
1609 2921 1632 2960 ⁹,
1663 2927 1742 2952 non
1771 2922 1828 2951 est
1855 2915 2126 2962 necessarium,
2156 2915 2224 2953 sed
2249 2915 2489 2964 contingens:

1420 2968 1521 3018 quia,
1542 2968 1627 3006 licet
1653 2967 1700 3006 sit
1717 2968 1976 3017 praeteritum,
2005 2976 2135 3006 tamen
2162 2967 2343 3017 importat
2362 2981 2489 3018 respe-

1420 3030 1523 3060 ctum
1544 3022 1593 3060 ad
1622 3022 1802 3059 futurum.
1819 3042 1843 3048 -
1865 3021 1943 3058 Sed
1967 3022 2042 3059 hoc
2061 3033 2140 3059 non
2159 3021 2253 3058 tollit
2273 3021 2307 3059 ei
2327 3022 2490 3060 necessi-

1419 3083 1557 3113 tatem:
1587 3074 1677 3124 quia
1703 3074 1742 3112 id
1770 3074 1876 3122 quod
1904 3074 2036 3112 habuit
2070 3082 2284 3124 respectum
2314 3075 2362 3113 ad
2391 3076 2489 3114 futu-

1420 3139 1526 3176 rum,
1557 3140 1714 3166 necesse
1744 3135 1799 3165 est
1826 3128 2026 3176 habuisse,
2055 3127 2141 3165 licet
2169 3127 2284 3166 etiam
2318 3129 2488 3167 futurum

1420 3194 1498 3219 non
1527 3189 1708 3230 sequatur
1736 3181 1981 3231 quandoque.

1473 3298 1490 3329 ι)
1510 3298 1543 3322 ab
1561 3300 1671 3322 aeterno
1690 3304 1770 3329 super
1790 3296 1889 3322 omm'a.
1900 3310 1918 3315 —
1931 3302 2011 3328 super
2029 3295 2120 3320 omnia
2138 3295 2171 3320 ab
2189 3299 2299 3322 aeterno
2318 3296 2440 3326 ABCDE.
2453 3295 2488 3322 ab

1417 3336 1527 3358 aeterno
1545 3339 1629 3365 supra
1648 3332 1738 3358 omnia
1758 3332 1821 3357 Pub.

1471 3368 1496 3399 κ)
1516 3371 1550 3393 et.
1564 3381 1582 3388 —-
1597 3367 1659 3393 Om.
1677 3367 1732 3392 BD.
1745 3381 1763 3386 -
1778 3368 1828 3392 Pro
1846 3365 1990 3392 secundum
2004 3372 2080 3391 suam
2095 3366 2363 3398 praesentialitatem,
2378 3373 2428 3392 sua
2441 3366 2485 3399 (ἰη

1417 3411 1467 3428 sua
1486 3404 1516 3436 B)
1533 3403 1766 3435 praesenn‘alitate
1784 3401 1906 3427 ABCDE.

1469 3437 1498 3471 λ)
1518 3442 1616 3464 tamen.
1634 3452 1654 3458 —
1672 3439 1734 3463 Om.
1753 3438 1855 3463 codices
1874 3441 1901 3462 et
1917 3443 1935 3461 a
1946 3436 1968 3461 b.
1987 3450 2006 3455 -
2024 3437 2086 3461 Post
2104 3437 2192 3463 causis
2210 3437 2298 3470 plures
2316 3437 2376 3462 edd.
2388 3437 2487 3462 addunt

1435 3481 1560 3499 roxtmts.

1413 3481 1434 3506 p
1470 3510 1498 3543 μ)
1517 3509 1724 3543 contingentem.
1736 3522 1755 3528 -
1769 3508 1830 3533 Om.
1847 3507 1949 3532 codices
1969 3513 1994 3532 et
2011 3508 2062 3533 ab.
2076 3522 2094 3527 -
2113 3509 2154 3533 Ad
2172 3508 2236 3534 solis
2255 3515 2345 3541 margo
2363 3507 2386 3532 Α
2405 3511 2484 3538 notat,

1416 3544 1471 3569 alia
1489 3544 1594 3569 littera:
1612 3544 1687 3570 cae1i.

1470 3580 1494 3611 ν)
1515 3580 1588 3605 Deus
1602 3579 1679 3605 scivit
1692 3579 1741 3604 hoc
1752 3578 1909 3611 contingens
1921 3579 2058 3612 futurum.
2067 3593 2086 3598 -
2101 3579 2174 3604 Deus
2187 3578 2265 3604 sciuit
2279 3577 2395 3611 cDEpA.
2411 3577 2485 3603 Deus

1417 3615 1465 3640 hoc
1483 3615 1639 3648 contingens
1657 3614 1734 3640 scivit
1746 3613 1872 3648 futurum
1892 3615 1938 3646 pB,
1961 3614 2034 3640 Deus
2052 3614 2130 3640 scivit
2141 3614 2268 3648 futurum
2287 3619 2343 3639 esse
2361 3614 2409 3643 ⁸33
2429 3619 2486 3638 esse

1417 3650 1486 3675 addit
1505 3650 1547 3675 sF.
