2768 4178
132 688 167 706 αα

140 2687 156 2722 β

41 3216 164 3239 *oen-de
174 3216 253 3244 oms„
283 3229 355 3253 nus
373 3215 414 3253 *3

283 3282 382 3315 rum,
412 3269 449 3305 in
479 3269 595 3305 trihus
616 3269 908 3318 proprietatibus
928 3266 957 3314 δ,
987 3269 1079 3306 idest
1097 3270 1291 3318 paternali
1315 3277 1351 3307 et

42 3243 86 3266 lib.
99 3243 206 3296 111,8cap.
217 3250 240 3265 v.

950 287 1217 333 QUAESTIO
1247 289 1409 335 xxxn,
1438 289 1734 328 ARTICULUS
1764 292 1795 328 11

284 364 416 411 modo,
437 364 486 402 ad
515 372 615 402 recte
643 365 883 403 sentiendum
913 365 960 402 de
990 366 1178 403 creatione
1208 378 1346 403 rerum.

283 418 358 454 Per
375 418 450 454 hoc
471 418 573 455 enim
602 418 707 466 quod
738 419 896 455 dicimus
919 419 1047 455 Deum
1068 419 1198 456 omnia
1215 419 1347 456 fecisse

283 470 413 508 Verbo
434 483 516 517 suo,
534 471 743 508 excluditur
758 483 862 508 error
874 471 1102 519 ponentium
1117 473 1244 509 Deum
1261 485 1348 521 pro—

285 523 436 561 duxisse
457 537 516 568 res
537 536 581 560 ex
600 524 822 561 necessitate
842 531 1010 560 naturae.
1033 526 1106 561 Per
1124 526 1200 561 hoc
1219 534 1347 562 autem

284 577 391 624 quod
408 577 590 626 ponimus
610 577 648 613 in
677 589 723 613 eo
742 576 1029 626 processionem
1050 578 1202 624 amoris,
1223 586 1348 615 osten-

285 629 384 666 ditur
412 630 517 679 quod
549 631 655 666 Deus
687 642 766 666 non
793 637 950 678 propter
982 630 1149 677 aliquam
1179 630 1348 679 indigen-

282 682 376 719 tiam
396 690 584 719 creaturas
602 682 792 731 produxit,
813 695 938 731 neque
958 690 1113 732 propter
1131 683 1297 732 aliquam
1312 691 1347 706 ‘²⁰‘

283 735 397 772 aliam
417 747 573 772 causam
602 735 870 781 extrinsecam
900 736 968 772 sed
990 744 1147 785 propter
1174 749 1347 774 amorem

283 800 375 824 suae
404 787 592 824 bonitatis.
622 788 733 825 Unde
763 796 800 825 et
828 789 997 837 Moyses,
1018 797 1221 838 postquam
1247 791 1347 827 dixe-

2389 294 2458 330 351

1404 375 1459 404 rat
1477 368 1508 415 ³¹²,
1537 370 1584 405 In
1598 370 1786 418 principio
1806 372 1948 408 creavit
1964 373 2068 409 Deus
2091 372 2237 409 caelum
2257 378 2293 409 et
2309 379 2462 419 terram,

1403 421 1528 458 subdit
1547 421 1587 458 *ε
1616 423 1727 459 Dixit
1742 421 1778 452 ἘΡ
1802 425 1921 470 Deus,
1950 425 2037 461 Fiat
2064 425 2142 471 lux,
2173 426 2219 462 ad
2248 426 2464 462 manifesta-

1403 474 1546 511 tionem
1568 475 1686 512 divini
1705 476 1838 522 Verbi3
1865 485 1901 514 et
1920 485 2052 526 postea
2072 478 2162 515 dixit
2179 478 2215 515 *ι
2246 479 2345 515 Vidit
2359 480 2464 515 Deus

1402 527 1534 573 lucem,
1564 529 1666 576 quod
1691 535 1783 566 esset
1809 530 1920 575 hona,
1949 531 1998 567 ad
2018 531 2298 568 ostendendum
2325 544 2462 581 appro-

1403 580 1596 617 bationem
1626 586 1655 607 ⁷⁷
1684 581 1801 619 divini
1836 583 1997 629 amoris;
2037 591 2073 620 et
2106 584 2275 621 similiter
2308 585 2346 621 in
2382 584 2462 621 aliis

1403 633 1581 681 operibus
1595 633 1625 670 ²¹⁸.
1647 655 1671 662 -
1691 635 1776 672 Alio
1797 636 1929 683 modo,
1950 644 1986 672 et
2003 636 2258 686 principalius,
2288 639 2335 675 ad
2363 645 2462 674 recte

1402 686 1641 723 sentiendum
1672 687 1720 724 de
1749 689 1866 725 salute
1894 689 2041 736 generis
2065 690 2234 738 humani,
2262 703 2359 739 quae
2378 703 2463 739 per-

1401 738 1526 775 ficitur
1551 752 1621 788 per
1648 740 1786 778 Filium
1814 741 2068 790 incarnatum,
2099 751 2134 779 et
2162 755 2231 792 per
2259 744 2406 780 donum
2434 741 2463 765 δ’)

1404 792 1564 840 Spiritus
1594 793 1732 830 Sancti.

335 901 380 934 αα.)
400 901 526 934 aliquam.
544 915 564 921 -
582 902 644 926 Om.
663 903 774 927 codices.

335 935 376 970 ββ)
397 937 487 962 Dixit.
505 950 524 956 -
543 937 579 962 Et
597 937 672 962 dixit
690 938 709 962 F
712 938 761 963 Ga.

1455 907 1498 939 γγ)
1518 908 1747 938 approbationem.
1764 922 1783 927 —
1796 908 1983 939 probationem
2003 908 2048 933 Pb.

1455 940 1495 974 δό)
1515 942 1622 967 donum.
1640 956 1659 961 —
1678 943 1749 967 dona
1768 943 1878 968 codices.

957 1018 1290 1051 Commenta-ia
1311 1019 1563 1052 Cardinalis
1583 1021 1785 1054 Caietam·

341 1107 448 1127 rruws
472 1097 545 1127 satis
573 1104 668 1138 patet.
694 1115 712 1120 -
737 1098 772 1128 In
796 1107 928 1138 corpore
956 1098 1014 1128 tria
1037 1097 1119 1128 facit.
1149 1099 1273 1135 Primo,
1298 1108 1347 1128 re-

284 1108 479 1181 Tspondet
508 1141 651 1182 quaesito
676 1142 768 1172 unica
799 1142 1004 1172 conclusione
1028 1141 1187 1181 negativa,
1213 1142 1345 1172 scilicet:

282 1185 481 1225 Impossibile
512 1193 559 1216 est
588 1195 644 1226 per
667 1186 822 1216 rationem
853 1186 1028 1216 naturalem
1060 1186 1099 1216 ad
1130 1186 1346 1225 cognitionem

280 1229 444 1260 Trinitatis
464 1229 643 1260 divinarum
665 1230 877 1260 Personarum
900 1229 1071 1270 pervenire.
1092 1247 1112 1252 —
1132 1230 1173 1260 Et
1195 1230 1348 1270 probatur

281 1273 335 1304 sic.
359 1274 471 1304 Homo
486 1283 542 1313 per
556 1274 712 1304 rationem
728 1274 903 1304 naturalem
923 1273 1086 1313 cognoscit
1101 1273 1206 1309 Deum
1222 1280 1345 1304 tanturn

279 1327 319 1348 a
341 1318 504 1348 creaturis:
530 1328 605 1358 ergo
634 1318 797 1358 cognoscit
819 1318 926 1358 ipsum
949 1317 1126 1348 secundum
1156 1317 1189 1347 id
1211 1324 1345 1354 tantum,

280 1362 370 1402 quod
394 1368 440 1392 est
462 1362 654 1402 principium
683 1362 823 1393 entium:
857 1371 931 1401 ergo
961 1361 1137 1392 secundum
1166 1361 1198 1391 id
1221 1368 1346 1392 tantum

280 1405 370 1446 quod
399 1406 533 1446 pertinet
555 1406 596 1436 ad
618 1405 772 1436 unitatem
802 1405 968 1436 essentiae:
994 1415 1068 1445 ergo
1092 1415 1158 1435 non
1183 1406 1347 1445 cognoscit

281 1459 317 1479 ea
340 1459 422 1490 quae
454 1450 612 1490 pertinent
634 1450 674 1480 ad
697 1450 933 1481 distinctionem
955 1450 1176 1480 Personarum.
1202 1467 1222 1472 —
1241 1450 1346 1480 Prima

280 1494 505 1535 consequentia
536 1495 704 1534 probatur:
729 1494 804 1535 quia
832 1501 990 1525 creaturae
1014 1494 1136 1524 ducunt
1158 1500 1283 1524 tantum
1312 1494 1345 1524 in

279 1537 339 1568 Dei
362 1538 578 1578 cognitionem
601 1538 682 1569 sicut
706 1538 832 1569 effectus
856 1538 889 1568 in
913 1547 1050 1569 causam.
1081 1538 1227 1568 Secunda
1249 1547 1343 1568 vero:

1401 1099 1474 1139 quia
1497 1100 1594 1130 virtus
1618 1101 1751 1132 creativa
1774 1102 1954 1133 communis
1978 1110 2024 1134 est
2042 1104 2100 1134 toti
2117 1104 2272 1136 Trinitati.
2297 1105 2338 1136 Et
2354 1105 2463 1135 omnia

1400 1150 1475 1173 sunt
1497 1144 1671 1175 manifesta.

1456 1187 1612 1225 Secundo,
1631 1189 1765 1220 declarat
1780 1191 1869 1230 quod
1885 1190 1991 1221 afferre
2010 1191 2145 1222 rationes
2163 1192 2318 1223 naturales
2337 1193 2377 1223 ad
2393 1193 2462 1223 Tri-

1400 1230 1529 1261 nitatem
1545 1232 1765 1270 Personarum,
1783 1241 1876 1265 nocet
1894 1235 2072 1274 dupliciter:
2093 1236 2207 1276 primo,
2227 1237 2348 1267 ratione
2364 1237 2463 1277 digni-

1399 1274 1470 1305 tatis
1483 1274 1571 1311 fidei;
1589 1278 1739 1313 secundo,
1751 1278 1892 1309 utilitatis
1908 1279 2087 1310 hominum.
2106 1280 2196 1317 Quae
2213 1280 2292 1311 clare
2308 1281 2463 1311 habentur

1400 1319 1433 1348 in
1451 1319 1561 1350 littera.

1464 1363 1588 1401 Tertio,
1612 1364 1706 1395 infert
1733 1366 1899 1405 quomodo
1933 1377 1969 1397 ea
1992 1377 2074 1407 quae
2102 1374 2176 1398 sunt
2203 1367 2275 1398 fidei
2304 1369 2463 1399 tractanda

1400 1413 1490 1443 sunt,
1514 1414 1581 1437 tam
1604 1418 1679 1438 cum
1701 1408 1846 1440 fidelibus
1876 1420 1973 1451 quarn
1997 1421 2071 1441 cum
2094 1411 2291 1448 infidelibus,
2316 1413 2462 1444 adiuncta

1400 1451 1584 1482 auctoritate
1614 1452 1769 1493 Dionysii.
1805 1454 1896 1491 Quae
1920 1464 1956 1485 ex
1980 1465 2074 1495 supra
2102 1456 2189 1487 dictis
2217 1456 2250 1486 in
2278 1457 2463 1497 quaestione

1399 1494 1501 1534 prima
1519 1495 1551 1532 *,
1577 1496 1658 1526 clara
1681 1504 1764 1527 sunt.

1048 1682 1366 1724 ARTICULUS
1396 1683 1695 1726 SECUNDUS

859 1775 1015 1806 UTRUM
1039 1774 1136 1806 SINT
1159 1774 1393 1806 PONENDAE
1417 1775 1638 1807 N0T10NEs
1663 1777 1705 1807 IN
1729 1777 1884 1809 D1V1N1s

1170 1853 1179 1878 1
1199 1853 1282 1883 Sent„
1303 1853 1361 1879 dist.
1379 1861 1464 1884 xxxin,
1484 1859 1531 1879 art.
1551 1862 1575 1879 2.

336 1965 339 1969 -
366 1962 372 1974 ν
395 1961 467 1989 offis
491 1956 513 1981 n
529 1955 718 1981 SECUNDUM
733 1955 786 1980 sm
806 1954 1045 1980 PROCEDITUR.
1067 1942 1224 1980 Videtur
1239 1943 1344 1990 quod

324 1972 373 1988 fr«

309 1986 469 2057 Ὄξξρο
491 2009 570 2034 non
598 1996 671 2033 sint
697 1997 901 2046 ponendae
927 1996 1102 2033 notiones
1131 1996 1168 2032 in
1195 1996 1344 2033 divinis.

329 2039 346 2055 'v
433 2046 592 2087 ‘Dicit
620 2049 723 2086 enim
752 2049 970 2098 Dionysius,
1001 2049 1040 2086 in
1059 2061 1068 2085 ι
1090 2061 1171 2098 cap.
1193 2050 1238 2086 de
1255 2049 1343 2086 Div.

391 2140 395 2142 Α
448 2095 609 2142 ΧΝονη.
625 2102 656 2150 *,
678 2102 784 2151 quod
804 2115 877 2140 non
907 2109 961 2139 est
987 2103 1201 2139 audendum
1225 2103 1347 2139 dicere

278 2156 423 2204 aliquid
447 2156 493 2192 de
519 2157 614 2202 Deo,
638 2161 794 2204 praeter
820 2168 864 2193 ea
885 2167 982 2204 quae
1000 2155 1106 2192 nobis
1125 2167 1175 2191 ex
1192 2156 1310 2192 sacris
1329 2162 1346 2176 α

280 2209 435 2257 eloquiis
461 2214 548 2246 sunt
577 2221 767 2257 expressa.
809 2209 886 2246 Sed
915 2208 963 2246 de
996 2208 1216 2245 notionibus
1245 2209 1347 2245 nulla

279 2263 324 2300 fit
341 2261 486 2299 mentio
506 2262 546 2299 in
565 2261 724 2310 eloquiis
743 2274 873 2298 sacrae
898 2261 1125 2310 Scripturae.
1147 2262 1248 2309 Ergo
1269 2274 1347 2298 non

281 2322 368 2352 sunt
395 2314 598 2363 ponendae
627 2314 802 2352 notiones
830 2314 869 2351 in
899 2314 1046 2352 divinis.

335 2379 370 2404 2.
391 2368 624 2414 PRAETEREA,
646 2368 830 2417 quidquid
857 2367 1011 2417 ponitur
1039 2367 1077 2404 in
1107 2367 1254 2414 divinis,
1285 2376 1349 2405 aut

279 2421 442 2470 pertinet
479 2422 527 2458 ad
563 2421 747 2458 unitatem
782 2421 987 2468 essentiae,
1027 2428 1091 2458 aut
1128 2421 1175 2458 ad
1209 2421 1348 2457 trinita-

280 2481 359 2511 tem
386 2486 652 2523 personarum.
683 2474 760 2511 Sed
788 2474 964 2511 notiones
986 2486 1064 2511 non
1093 2474 1280 2522 pertinent
1299 2474 1349 2511 ad

279 2527 464 2564 unitatem
485 2527 680 2573 essentiae,
701 2539 773 2564 nec
791 2527 840 2564 ad
859 2526 1062 2564 trinitatem
1081 2539 1346 2575 personarum.

281 2581 341 2616 De
361 2580 582 2617 notionibus
611 2580 714 2616 enim
742 2592 867 2628 neque
892 2580 1157 2628 praedicantur
1185 2593 1230 2617 ea
1249 2593 1348 2630 quae

282 2640 369 2670 sunt
397 2633 601 2682 essentiae3
631 2645 710 2669 non
739 2633 842 2669 enim
869 2632 1025 2670 dicimus
1054 2633 1158 2682 quod
1181 2635 1348 2682 paterni-

281 2691 338 2723 tas
363 2686 412 2722 sit
435 2686 583 2734 sapiens
610 2687 672 2722 vel
701 2691 820 2722 creet:
847 2697 972 2734 neque
1001 2686 1112 2723 etiam
1132 2685 1150 2715 Ρ
1176 2699 1221 2723 ea
1249 2699 1347 2736 quae

282 2746 370 2776 sunt
396 2751 602 2788 personae;
632 2751 711 2775 non
740 2738 842 2775 enim
873 2738 1034 2776 dicimus
1054 2740 1157 2788 quod
1181 2741 1347 2788 paterni-

281 2798 338 2829 tas
364 2798 520 2842 generet
548 2799 583 2828 et
599 2791 739 2840 filiatio
771 2797 984 2841 generetur.
1020 2793 1123 2840 Ergo
1153 2805 1231 2829 non
1260 2801 1347 2830 sunt

281 2845 485 2894 ponendae
514 2844 689 2882 notiones
717 2844 756 2881 in
784 2844 932 2882 divinis.

338 2899 371 2936 3.
393 2900 626 2944 PRAETEREA,
648 2898 686 2934 in
706 2897 939 2946 simplicibus
963 2910 1042 2935 non
1062 2906 1149 2935 sunt
1167 2899 1347 2947 ponenda

281 2951 406 3001 aliqua
434 2952 632 2998 abstracta,
653 2963 751 2999 quae
777 2950 850 2987 sint
867 2951 1052 3000 principia
1072 2952 1346 2999 cognoscendi:

282 3004 369 3053 quia
389 3012 669 3052 cognoscuntur
688 3003 819 3052 seipsis
834 3009 860 3041 ⁷.
891 3004 968 3041 Sed
989 3004 1140 3041 divinae
1159 3018 1346 3054 personae

282 3064 370 3094 sunt
397 3057 710 3106 simplicissimae.
742 3057 844 3104 Ergo
873 3069 952 3094 non
972 3066 1059 3094 sunt
1085 3058 1289 3107 ponendae
1308 3058 1347 3095 in

283 3110 420 3147 divinis
447 3110 620 3159 personis
647 3110 834 3147 notiones.

337 3164 411 3200 SED
441 3175 587 3200 CONTRA
614 3175 680 3200 EST
708 3163 812 3211 quod
842 3162 929 3200 dicit
958 3164 1119 3201 Ioannes
1142 3164 1347 3201 Damasce-

442 3215 708 3265 Differentiam
742 3217 1008 3264 hypostaseon,
1038 3216 1134 3254 idest
1167 3229 1347 3265 persona-

318 1975 328 1986 s

299 2054 334 2105 ,v

337 2118 346 2127 ,

271 3322 391 3371 filiali
416 3327 452 3358 et
474 3322 753 3369 processionali,
788 3322 1103 3371 recognoscimus.
1135 3323 1230 3359 Sunt
1258 3336 1347 3372 ergo

282 3375 487 3424 ponendae
514 3374 764 3423 proprietates
794 3383 829 3412 et
857 3375 1032 3412 notiones
1060 3375 1098 3412 in
1128 3375 1276 3412 divinis.

1454 1945 1680 1981 RESPONDEO
1700 1957 1883 1983 DICENDUM
1903 1946 2007 1994 quod
2031 1947 2324 1996 Praepositivus,
2346 1957 2466 1987 atten-

1402 1996 1496 2033 dens
1530 1997 1807 2046 simplicitatem
1839 2011 2114 2047 personarum,
2145 2000 2234 2038 dixit
2270 2014 2348 2039 non
2382 2015 2480 2040 esse.

1400 2050 1600 2098 ponendas
1628 2051 1877 2100 proprietates
1907 2059 1942 2089 et
1970 2053 2145 2090 notiones
2173 2054 2211 2091 in
2241 2055 2396 2093 divinis:
2427 2064 2463 2093 et

1401 2103 1520 2139 sicubi
1548 2103 1805 2152 inveniantur,
1836 2105 1988 2154 exponit
2016 2107 2246 2144 abstractum
2275 2121 2345 2157 pro
2375 2122 2463 2146 con-

1402 2163 1525 2193 creto:
1556 2156 1651 2193 sicut
1679 2157 1781 2195 enim
1802 2159 2073 2196 consuevimus
2098 2159 2242 2207 dicere,
2271 2163 2384 2211 Rogo
2404 2164 2464 2199 be-

1402 2209 1621 2258 nignitatem
1648 2216 1763 2256 tuam,
1784 2210 1880 2248 idest
1908 2217 1942 2247 te
1969 2212 2185 2261 benignum,
2214 2213 2264 2250 ita
2293 2227 2381 2251 cum
2411 2215 2464 2252 di-

1404 2262 1498 2299 citur
1525 2262 1563 2299 in
1592 2262 1728 2300 divinis
1746 2264 1965 2311 paternitas,
1986 2265 2200 2313 intelligitur
2217 2267 2321 2304 Deus
2339 2269 2461 2305 Pater.

1458 2316 1545 2362 Sed,
1576 2316 1670 2353 sicut
1698 2325 1895 2354 ostensum
1926 2325 1980 2354 est
2009 2330 2123 2366 supra
2142 2318 2172 2365 ²⁸,
2199 2319 2349 2357 divinae
2376 2321 2464 2358 sim-

1402 2368 1554 2416 plicitati
1584 2381 1663 2406 non
1691 2369 1922 2419 praeiudicat
1949 2371 2055 2418 quod
2083 2371 2121 2408 in
2150 2372 2287 2409 divinis
2313 2381 2465 2411 utamur

1403 2421 1622 2458 nominibus
1643 2423 1826 2459 concretis
1846 2430 1882 2459 et
1901 2424 2104 2461 abstractis.
2132 2425 2232 2471 Quia
2251 2427 2463 2464 secundum

1403 2475 1508 2522 quod
1536 2475 1787 2523 intelligimus,
1809 2476 1862 2512 sic
1880 2476 2137 2514 nominamus.
2169 2479 2379 2516 Intellectus
2399 2493 2463 2516 au-

1402 2535 1480 2564 tem
1518 2535 1647 2564 noster
1686 2541 1764 2565 non
1801 2536 1924 2577 potest
1959 2529 2171 2577 pertingere
2208 2531 2255 2568 ad
2293 2532 2416 2580 ipsam
2452 2539 2463 2554 ¹

1403 2580 1681 2629 simplicitatem
1710 2581 1891 2628 divinam,
1917 2582 2130 2619 secundum
2158 2585 2263 2631 quod
2290 2584 2328 2621 in
2347 2598 2388 2622 se
2409 2594 2465 2623 est

1404 2633 1698 2670 consideranda:
1730 2641 1765 2670 et
1792 2633 1879 2670 ideo
1918 2635 2130 2672 secundum
2158 2637 2318 2674 modurn
2351 2651 2463 2679 suum

1403 2686 1532 2723 divina
1552 2687 1802 2735 apprehendit
1822 2686 1836 2713 t
1859 2694 1896 2724 et
1923 2688 2106 2735 nominat,
2135 2688 2231 2726 idest
2250 2691 2462 2729 secundum

1403 2740 1507 2788 quod
1541 2739 1731 2776 invenitur
1762 2740 1801 2777 in
1838 2741 1951 2777 rebus
1986 2741 2244 2789 sensibilibus,
2276 2755 2298 2779 a
2326 2745 2463 2792 quibus

1403 2793 1657 2841 cognitionem
1686 2793 1831 2841 accipit.
1862 2794 1904 2830 In
1932 2794 2082 2842 quibus,
2103 2795 2152 2832 ad
2172 2795 2462 2843 significandum

1402 2846 1591 2895 simplices
1620 2846 1784 2894 formas,
1813 2846 2034 2884 nominibus
2071 2848 2265 2885 abstractis
2299 2850 2461 2888 utimur:

1402 2900 1451 2936 ad
1479 2899 1770 2946 significandum
1806 2911 1900 2936 vero
1930 2912 1989 2937 res
2024 2901 2288 2949 subsistentes,
2322 2903 2464 2940 utimur

1402 2952 1620 2989 nominibus
1641 2951 1834 2989 concretis.
1856 2952 1967 2990 Unde
1988 2960 2024 2990 et
2042 2953 2181 3001 divina,
2202 2954 2297 2991 sicut
2315 2968 2430 3005 supra
2443 2957 2463 2979 ³¹⁶

1403 3005 1545 3042 dictum
1571 3012 1636 3051 est,
1658 3005 1800 3042 ratione
1829 3005 2086 3054 simplicitatis,
2107 3019 2175 3056 per
2194 3008 2350 3045 nomina
2378 3010 2462 3047 abs-

1401 3066 1528 3100 tracta„
1546 3057 1822 3105 significamus:
1852 3059 1997 3096 ratione
2025 3071 2118 3097 vero
2138 3060 2399 3099 subsistentiae
2429 3071 2464 3100 et

1403 3110 1683 3159 complementi,
1713 3123 1782 3159 per
1808 3111 1966 3149 nomina
1995 3121 2181 3150 concreta.

1457 3165 1619 3212 Oportet
1646 3171 1773 3200 autem
1801 3177 1880 3201 non
1909 3166 2035 3202 solum
2062 3166 2219 3203 nomina
2253 3168 2463 3205 essentialia

1402 3217 1440 3253 in
1470 3218 1657 3253 abstracto
1692 3224 1728 3253 et
1754 3217 1792 3253 in
1830 3226 2006 3254 concreto
2040 3219 2271 3267 significare,
2305 3228 2346 3257 ut
2374 3233 2463 3259 cum

1402 3270 1562 3307 dicimus
1590 3270 1761 3306 deitatem
1788 3277 1824 3306 et
1851 3271 1987 3317 Deum,
2008 3273 2069 3308 vel
2097 3273 2317 3320 sapientiam
2346 3281 2382 3310 et
2403 3286 2463 3311 sa-

1396 3324 1583 3371 pientem,·
1611 3322 1678 3360 sed
1703 3323 1817 3360 etiam
1836 3324 2062 3372 personalia,
2082 3332 2123 3361 ut
2142 3325 2314 3363 dicamus
2335 3333 2463 3375 pater-

1403 3377 1554 3413 nitatem
1585 3383 1620 3412 et
1645 3377 1809 3413 Patrem.
1839 3377 1901 3413 Ad
1929 3378 2034 3425 quod
2063 3377 2139 3414 duo
2167 3379 2371 3428 praecipue
2387 3393 2463 3417 ⁴nos

337 3488 365 3520 α)
383 3488 477 3513 sacris.
494 3502 513 3506 -
531 3488 632 3512 sanctis
650 3489 752 3513 codices
771 3494 796 3513 et
814 3497 831 3513 a
842 3490 866 3514 b.
883 3504 902 3508 -
921 3490 971 3514 Pro
989 3497 1083 3514 sacrae
1103 3495 1161 3515 ante
1181 3490 1347 3522 scripturae,

282 3527 392 3549 sanctae
410 3523 588 3548 ABCDEFab.

338 3558 363 3591 β)
382 3559 472 3583 etiam.
490 3572 510 3577 -—
527 3558 588 3583 Om.
607 3559 717 3583 codices.

337 3595 364 3628 γ)
383 3601 450 3626 quae
468 3597 665 3626 cognoscuntur
678 3594 780 3626 seipsis.
796 3608 816 3613 -
834 3602 901 3627 quae
914 3599 1111 3629 cognoscuntur
1126 3596 1152 3621 in
1167 3596 1260 3628 seipsis
1272 3596 1347 3626 ΑΒΕ,

283 3637 352 3662 quae
369 3632 566 3663 cognoscuntur
584 3629 664 3654 etiam
683 3629 775 3661 seipsis
793 3629 825 3660 D,
844 3638 911 3662 quae
929 3634 1127 3664 cognoscuntur
1145 3639 1162 3656 a
1180 3631 1274 3664 seipsis
1292 3632 1321 3656 E.

1457 3489 1482 3522 δ)
1502 3490 1528 3514 in
1549 3490 1633 3514 tribus
1644 3490 1864 3522 proprietatibus.
1881 3505 1902 3509 -
1920 3490 1946 3514 in
1961 3491 2044 3516 tribus
2054 3492 2177 3523 personis
2187 3493 2399 3525 proprietatibus
2410 3494 2463 3524 AC,

1404 3525 1430 3550 in
1450 3525 1534 3550 tribus
1546 3526 1576 3549 B.
1594 3539 1613 3543 —
1631 3526 1689 3549 Mox
1708 3533 1756 3558 pro
1775 3529 1801 3550 et
1815 3526 2016 3557 processionali,
2036 3529 2062 3551 et
2071 3528 2238 3558 processibili
2250 3529 2347 3560 ABCE,
2362 3533 2388 3554 et
2397 3537 2464 3561 pro-

1402 3561 1536 3593 gressibili
1554 3560 1608 3585 FG.

1457 3595 1479 3627 ε)
1499 3596 1592 3627 ipsam.
1609 3609 1627 3614 -
1647 3595 1707 3620 Om.
1725 3596 1802 3620 ABD.

1373 3611 1376 3664 Ι
1455 3631 1479 3663 ζ)
1499 3631 1682 3663 apprehendit.
1701 3645 1719 3650 -
1737 3635 1763 3656 et
1781 3631 1956 3663 apprehendit
1974 3632 2095 3658 ABCDE.

2491 383 2501 393 '
2508 382 2591 405 Gener.
2598 389 2614 410 ι,
2620 389 2680 406 vers.
2686 389 2705 406 1.

2490 431 2502 442 ⁸
2515 430 2582 453 Vers.
2591 437 2612 459 3.

2580 458 2611 492 ββ

2490 493 2501 503 “
2515 492 2582 514 Vers.
2592 500 2615 520 4.

2580 586 2612 612 ΥΥ

2489 646 2498 654 ·
2514 644 2583 666 Vers.
2598 645 2612 667 6
2627 651 2680 673 sqq.

2579 742 2608 767 δδ

2491 2324 2502 2335 *
2517 2324 2565 2352 Qu.
2580 2330 2614 2350 ιιι,
2629 2327 2671 2346 art.
2681 2330 2701 2351 3,

2492 2350 2520 2372 ad
2542 2357 2562 2376 ι;
2584 2357 2623 2378 qu.
2645 2357 2700 2377 xm,

2491 2381 2533 2399 art.
2547 2383 2562 2405 1,
2577 2378 2606 2399 ad
2621 2383 2642 2399 2.

2491 2963 2499 2972 ·
2514 2962 2574 2984 Ibid.
