2768 4178
970 202 1237 248 QUAESTIO
1267 203 1388 250 XLV,
1419 204 1714 241 ARTICULUS
1744 205 1776 240 ΙΙ

141 296 149 312 ι
280 293 394 318 mane
410 282 464 329 fit
489 281 663 318 meridies
681 287 700 317 ⁸.
731 280 808 318 Sed
837 281 1123 329 intelligendum
1153 290 1208 319 est
1244 283 1350 331 quod

279 335 376 372 haec
403 334 637 384 praepositio
665 346 715 371 ex
745 341 872 382 potest
895 333 1086 371 includere
1107 335 1349 383 negationem

279 388 523 437 importatam
549 387 589 425 in
615 388 692 425 hoc
725 386 832 436 quod
866 386 950 423 dico
979 388 1091 439 nihil,
1119 389 1182 424 vel
1209 387 1350 424 includi

281 441 329 478 ab
359 453 416 478 ea.
447 441 488 478 Si
515 441 642 490 primo
671 440 804 487 modo,
825 447 916 486 tunc
935 440 1030 477 ordo
1051 447 1224 477 remanet
1250 441 1350 477 affir—

280 502 416 542 matus,
448 501 484 531 et
511 493 723 531 ostenditur
750 493 846 530 ordo
877 492 968 539 eius,
1000 493 1106 542 quod
1130 501 1185 530 est
1204 493 1253 530 ad
1272 506 1351 530 non

282 560 365 585 esse
392 547 640 597 praecedens.
677 546 718 584 Si
745 558 839 584 vero
869 545 1019 594 negatio
1049 546 1216 583 includat
1243 558 1351 594 prae-

281 600 526 650 positionem,
545 608 635 638 tunc
664 600 760 637 ordo
786 606 955 647 negatur,
987 606 1023 635 et
1051 606 1108 635 est
1136 611 1282 646 sensus,
1301 601 1354 646 fit

335 733 354 766 ι)
366 732 404 766 fit
422 732 556 758 meridies.
573 745 593 751 -
611 731 673 756 Om.
692 731 804 757 codices.

2390 207 2465 253 465

1405 295 1454 319 ex
1481 285 1607 330 nihilo,
1638 284 1735 322 idest
1754 297 1828 322 non
1839 286 1892 333 fit
1908 298 1957 322 ex
1975 285 2122 334 aliquo,·
2149 286 2243 323 sicut
2263 286 2293 323 si
2313 287 2467 334 dicatur,

1405 337 1470 372 iste
1497 337 1661 385 loquitur
1687 338 1734 375 de
1761 338 1888 384 nihilo,
1919 338 2007 387 quia
2033 351 2113 376 non
2140 339 2306 387 loquitur
2335 340 2382 377 de
2406 340 2469 376 ali-

1405 401 1495 436 quo,
1525 391 1574 427 Et
1600 398 1764 439 utroque
1793 391 1912 428 modo
1936 391 2154 429 verificatur
2172 398 2196 439 ¹,
2228 405 2316 430 cum
2337 393 2470 430 dicitur

1406 453 1451 478 ex
1479 443 1595 480 nihilo
1635 444 1774 492 aliquid
1802 444 1896 481 fieri.
1937 445 2014 482 Sed
2042 444 2167 494 primo
2205 446 2345 494 modo,
2375 446 2470 483 haec

1405 496 1633 544 praepositio
1662 509 1712 533 ex
1739 497 1918 546 importat
1946 498 2132 543 ordinem,
2161 506 2202 535 ut
2230 499 2373 536 dictum
2394 507 2469 536 est:

1406 549 1573 585 secundo
1602 549 1734 597 modo,
1755 550 1935 599 importat
1953 551 2214 589 habitudinem
2235 565 2372 590 causae
2392 564 2471 589 ma-

1405 600 1553 648 terialis,
1586 614 1683 650 quae
1713 610 1883 651 negatur.

1460 733 1485 765 κ)
1505 733 1667 766 verificatur.
1683 748 1703 753 —
1720 742 1807 760 sermo
1826 735 1894 760 addit
1913 736 1942 760 Β.

952 826 1299 859 ‘Commentaria
1323 825 1571 859 Cardinalis
1594 828 1792 861 Caietam

342 925 451 947 trimus
479 915 512 946 in
536 914 692 955 principio
714 913 862 957 {corporis
892 914 1152 945 manifestabitur.
1180 932 1199 938 -
1227 914 1262 944 In
1287 923 1354 945 cor-

284 927 421 1001 Tpore
449 960 515 990 duo
540 959 628 990 facit:
653 959 773 1000 primo,
796 959 873 990 'dicit
900 959 977 1000 quid
1005 960 1143 990 nominis
1171 958 1352 994 creationis;

281 1005 433 1041 secundo,
458 1004 629 1044 respondet
652 1004 806 1045 quaesito.

341 1049 378 1080 11.
403 1049 521 1086 Quoad
538 1050 696 1089 primum,
722 1048 788 1078 duo
812 1047 896 1078 dicit.
920 1047 1045 1084 Primo,
1066 1048 1154 1089 quod
1174 1046 1290 1078 creatio
1315 1047 1354 1077 si-

281 1092 410 1135 gnificat
433 1092 669 1124 emanationem
692 1092 790 1123 totius
814 1092 894 1123 entis
917 1102 935 1122 a
951 1102 1045 1122 causa
1067 1091 1246 1126 universali.
1264 1109 1284 1114 -
1301 1091 1354 1122 Se-

282 1138 400 1175 cundo,
415 1138 504 1178 quod
521 1136 732 1178 significatum
748 1136 915 1168 invenitur.
937 1136 1036 1174 Quod
1051 1136 1180 1177 probat:
1198 1136 1273 1176 quia
1287 1146 1354 1166 non

283 1182 390 1214 solum
400 1188 528 1222 oportet
542 1182 576 1212 in
591 1181 685 1212 rebus
700 1181 854 1221 inspicere
870 1180 1107 1211 emanationem
1121 1180 1352 1220 particularem,

282 1227 339 1262 sed
361 1226 583 1267 universalem,
607 1232 644 1256 ut
665 1225 731 1256 iam
753 1231 840 1266 patet
862 1235 900 1256 ex
922 1225 1022 1256 dictis.

298 1287 313 1290 ν
333 1270 392 1302 111.
418 1267 535 1308 Quoad
555 1270 743 1308 secundum,
760 1269 923 1302 conclusio
938 1268 1123 1309 responsiva
1138 1275 1200 1299 est:
1226 1268 1353 1299 Creatio

283 1322 329 1347 est
352 1325 390 1346 ex
413 1315 525 1346 nihilo.
542 1333 563 1338 -
577 1315 619 1346 Et
641 1314 794 1355 probatur
815 1314 869 1345 sic.
894 1313 994 1351 Quod
1007 1313 1152 1354 procedit
1176 1313 1354 1344 secundum

283 1359 519 1391 emanationem
533 1358 766 1400 particularem,
783 1368 850 1389 non
864 1357 1149 1398 praesupponitur:
1176 1367 1260 1397 ergo,
1279 1367 1354 1388 cum

281 1410 389 1436 totum
413 1413 468 1434 ens
491 1402 634 1444 procedit
657 1402 858 1434 emanatione
880 1402 1062 1439 universali,
1087 1401 1284 1442 impossibile
1309 1408 1355 1432 est

282 1448 415 1490 aliquod
430 1458 485 1479 ens
501 1447 735 1488 praesupponi:
761 1457 836 1488 ergo
856 1447 945 1488 quod
961 1453 1083 1477 creatur
1097 1445 1133 1477 fit
1148 1456 1185 1477 ex
1199 1456 1266 1476 non
1282 1453 1355 1477 ente

281 1492 372 1534 quod
395 1498 442 1524 est
463 1492 553 1523 nihil.

338 1536 537 1568 Antecedens
567 1536 720 1577 probatur
747 1535 927 1572 inductive‚
957 1546 1032 1566 cum
1054 1534 1090 1567 fit
1112 1535 1231 1571 homo,
1257 1541 1287 1566 et
1310 1534 1354 1565 al-

281 1581 378 1618 bum,
402 1587 460 1612 etc.
477 1598 498 1604 —
515 1580 753 1621 Consequentia
775 1587 884 1611 autem
906 1579 1072 1611 manifesta
1094 1579 1292 1620 relinquitur,
1318 1589 1354 1610 ex

282 1624 449 1657 communi
463 1624 584 1656 ratione
600 1624 777 1655 factionum
793 1624 1072 1665 proportionaliter
1088 1623 1252 1664 applicata.
1264 1641 1285 1646 -
1301 1623 1353 1654 Se—

281 1669 386 1701 cunda
401 1676 510 1701 autem
533 1669 662 1710 sequela
680 1669 908 1706 manifestatur,
926 1675 956 1700 et
972 1669 1080 1710 quoad
1095 1669 1258 1704 terminos,
1279 1668 1355 1709 quia

282 1714 363 1745 nihil
387 1713 474 1744 idem
497 1721 544 1745 est
566 1713 656 1754 quod
679 1714 805 1744 nullum
829 1723 905 1751 ens,
930 1720 961 1744 et
984 1713 1100 1744 creatio
1124 1719 1171 1744 est
1195 1712 1353 1743 emanatio

281 1757 381 1790 totius
404 1758 501 1789 entis:
525 1765 557 1789 et
579 1758 687 1799 quoad
703 1757 944 1789 similitudinem
967 1757 1194 1799 proportionis,
1211 1757 1243 1788 in
1259 1767 1354 1797 gene-

281 1802 403 1834 ratione
426 1802 577 1833 hominis.

342 1847 395 1879 1v.
420 1847 512 1879 Circa
542 1846 701 1887 praedicta
729 1847 855 1879 adverte
886 1847 962 1877 duo.
994 1846 1139 1877 Primum
1169 1852 1232 1882 est,
1265 1846 1354 1886 quod

1411 916 1605 953 antecedens,
1622 927 1696 947 cum
1715 918 1779 948 suis
1797 918 2032 949 inductionibus
2056 926 2087 950 et
2110 919 2384 959 consequentibus,
2405 930 2471 950 non

1409 959 1551 999 loquitur
1570 961 1608 990 de
1627 960 1692 992 fieri
1717 972 1754 992 ex
1776 972 1841 993 non
1865 963 2004 999 homine,
2029 970 2084 994 aut
2107 973 2172 994 non
2196 963 2278 1000 albo,
2303 970 2333 994 et
2348 964 2470 994 univer-

1410 1003 1513 1034 saliter
1536 1014 1572 1034 ex
1595 1015 1661 1035 non
1684 1006 1747 1042 tali,
1772 1012 1807 1037 ut
1829 1007 1975 1037 subiecto.
2001 1007 2164 1044 Quoniam
2190 1007 2234 1038 sic
2256 1007 2469 1048 intelligendo,

1410 1047 1488 1077 nihil
1512 1049 1730 1080 concluderet:
1755 1057 1862 1090 posset
1885 1051 1970 1081 enim
1993 1051 2053 1082 dici
2077 1052 2164 1092 quod
2187 1050 2223 1082 fit
2240 1058 2347 1082 totum
2363 1062 2418 1082 ens
2434 1062 2471 1082 ex

1410 1101 1475 1122 non
1499 1099 1570 1123 ente
1593 1094 1681 1134 quod
1698 1101 1743 1124 est
1759 1105 1814 1125 ens
1837 1094 1869 1125 in
1889 1095 2050 1135 potentia,v
2063 1095 2143 1126 sicut
2165 1095 2266 1126 homo
2281 1106 2318 1126 ex
2333 1106 2399 1126 non
2413 1096 2470 1127 ho-

1410 1136 1504 1173 mine,
1522 1138 1611 1177 quod
1633 1145 1740 1169 tamen
1759 1146 1804 1170 est
1820 1139 1920 1169 homo
1943 1139 1976 1169 in
1999 1140 2149 1179 potentia,
2174 1147 2204 1171 et
2227 1140 2336 1170 album
2352 1150 2388 1171 ex
2403 1151 2470 1172 non

1410 1180 1492 1217 albo,
1517 1182 1605 1221 quod
1629 1189 1734 1213 tamen
1759 1190 1805 1213 est
1827 1183 1935 1213 album
1954 1183 1986 1213 in
2003 1175 2163 1224 potentia?
2178 1184 2239 1214 Sed
2261 1184 2395 1215 intendit
2417 1195 2469 1223 ex,

1409 1225 1489 1255 idest
1502 1231 1597 1264 post:
1620 1234 1745 1266 oportet
1760 1227 1845 1257 enim
1861 1227 2024 1258 hominem
2040 1227 2106 1258 fieri
2123 1235 2196 1267 post
2210 1238 2276 1258 non
2295 1228 2468 1266 hominem,

1410 1275 1440 1299 et
1464 1269 1572 1300 album
1595 1277 1669 1309 post
1692 1281 1758 1301 non
1782 1271 1899 1307 album,
1924 1271 1950 1301 si
1973 1282 2028 1312 per
2051 1282 2083 1302 se
2107 1271 2151 1303 fit.
2173 1272 2260 1302 Nihil
2283 1272 2368 1303 enim
2384 1273 2469 1304 aliud

1410 1312 1460 1343 hic
1483 1313 1618 1344 intendit
1641 1314 1700 1344 nisi
1720 1315 1935 1355 supradictum
1950 1315 1967 1334 *
1990 1315 2233 1346 fundamentum
2251 1317 2284 1346 in
2301 1317 2468 1358 IPhysic„

1410 1363 1483 1388 text.
1501 1358 1554 1399 76.
1579 1358 1671 1389 Unde
1695 1365 1726 1389 et
1748 1360 1840 1389 verba
1864 1370 1920 1390 sua
1943 1359 1994 1390 hic
2018 1360 2180 1390 manifeste
2203 1360 2363 1392 insinuant
2385 1361 2470 1393 hunc

1410 1411 1549 1438 sensum,
1568 1412 1642 1433 cum
1658 1402 1740 1439 dicit,
1757 1404 1849 1441 sicut,
1865 1405 1894 1434 si
1907 1409 2085 1445 generatur
2100 1405 2203 1442 homo,
2220 1415 2282 1435 non
2293 1405 2367 1445 fuit
2375 1407 2471 1446 prius

1409 1446 1521 1477 homo:
1544 1454 1652 1478 contra
1676 1457 1717 1477 ex
1741 1457 1803 1478 non
1827 1448 1954 1478 homine
1977 1448 2170 1488 distinguens
2187 1450 2283 1488 prius
2300 1450 2468 1489 hominem,

1409 1490 1580 1522 insinuavit
1602 1492 1690 1532 quod
1713 1492 1746 1532 ly
1769 1502 1811 1522 ex
1833 1491 1984 1532 significat
2000 1498 2083 1533 post.
2392 1499 2398 1504 '

1467 1534 1625 1572 Secundo,
1650 1536 1739 1576 quod
1762 1536 1891 1567 nomine
1914 1538 2010 1568 totius
2033 1538 2123 1576 entis,
2143 1537 2175 1568 in
2194 1538 2368 1578 proposito,
2393 1538 2471 1569 nihil

1409 1578 1503 1610 refert
1522 1586 1630 1610 utrum
1652 1580 1807 1620 intelligas
1830 1587 1936 1611 totum
1958 1581 2150 1618 universum,
2175 1589 2230 1613 aut
2252 1582 2382 1623 aliquod
2401 1593 2469 1623 par-

1409 1624 1538 1655 ticulare
1558 1634 1613 1655 ens
1629 1630 1734 1655 totum
1751 1625 2080 1666 syncategorematice:
2106 1636 2229 1666 semper
2245 1626 2330 1657 enim
2346 1633 2471 1667 oportet

1410 1669 1500 1709 quod
1523 1675 1644 1699 creatur
1668 1679 1705 1699 ex
1727 1669 1827 1699 nihilo
1851 1670 1899 1700 sui
1923 1669 1998 1706 fieri,
2022 1670 2102 1700 idest
2124 1677 2198 1710 post
2220 1671 2298 1701 nihil
2321 1671 2379 1701 sui.
2395 1689 2416 1693 -
2430 1672 2471 1702 Et

1410 1723 1447 1743 ex
1462 1712 1524 1743 hoc
1547 1713 1643 1744 habes
1667 1713 1861 1744 solutionem
1885 1714 2098 1751 dubitationis,
2115 1715 2281 1755 quomodo
2305 1714 2409 1745 anima
2424 1715 2470 1745 in-

1410 1757 1565 1788 tellectiva
1581 1764 1711 1794 creatur,
1737 1765 1767 1789 et
1788 1765 1894 1789 tamen
1909 1757 1944 1789 fit
1958 1768 2082 1799 semper
2096 1759 2129 1788 in
2145 1759 2300 1790 subiecto:
2324 1759 2398 1800 quia
2415 1759 2470 1790 sci-

1408 1801 1481 1832 licet
1503 1809 1578 1842 post
1596 1802 1674 1832 nihil
1698 1802 1747 1832 sui
1771 1802 1806 1833 fit
1828 1812 1884 1842 per
1907 1812 1956 1833 se:
1983 1803 2071 1844 quod
2091 1803 2128 1833 de
2145 1803 2231 1834 nulla
2246 1803 2305 1834 alia
2321 1803 2423 1834 forma
2436 1803 2470 1834 in

1409 1846 1539 1877 materia
1560 1845 1745 1877 verificatur.

1053 1979 1374 2044 ARTICULUS
1404 2001 1704 2044 SECUNDUS

947 2095 1104 2133 UTRUM
1128 2095 1240 2126 DEUS
1263 2094 1411 2126 POSSIT
1436 2094 1614 2131 ALIQUID
1640 2094 1812 2125 CREARE

530 2175 551 2199 11
571 2174 654 2204 Sent„
675 2174 734 2199 dist.
752 2182 769 2206 1,
789 2182 834 2207 qu.
854 2182 871 2205 1,
891 2178 937 2199 art.
958 2181 986 2205 2;
1006 2174 1027 2198 ll
1049 2174 1125 2199 Cont.
1147 2175 1233 2203 Gent„
1254 2182 1311 2206 cap.
1330 2181 1384 2204 xV1;
1405 2175 1446 2199 De
1466 2175 1532 2204 Por„
1553 2182 1598 2207 qu.
1617 2182 1654 2204 ιιι,
1674 2179 1721 2199 art.
1740 2181 1764 2203 1;
1788 2174 1931 2206 Compend.
1956 2174 2052 2205 Theou,
2073 2182 2127 2207 cap.
2147 2182 2216 2206 Lx1x;

852 2210 952 2243 opusc.
970 2209 1099 2240 xxxvn,
1119 2210 1152 2235 de
1172 2210 1297 2240 Quatuor
1319 2210 1447 2244 Opposit„
1468 2218 1523 2242 cap.
1539 2218 1576 2241 1v3
1596 2210 1651 2234 VllI
1671 2210 1786 2243 Physic..
1807 2211 1866 2235 lect.
1885 2218 1912 2235 11.

402 2340 405 2346 ,
432 2331 438 2349 5
465 2323 470 2334 s
492 2311 515 2336 ι)
535 2311 727 2337 SECUNDUM
741 2311 795 2336 sic
815 2310 1056 2336 Paocnmrua.
1072 2299 1232 2336 Videtur
1247 2300 1352 2348 quod

432 2380 435 2382 ,
492 2354 598 2391 Deus
618 2359 635 2375 ²
663 2365 742 2390 non
770 2352 891 2402 possit
919 2352 1059 2402 aliquid
1080 2365 1220 2390 creare.
1251 2353 1352 2400 Quia

278 2565 449 2614 potentia
477 2566 550 2603 Dei
578 2578 658 2603 non
678 2578 718 2603 se
739 2566 906 2603 extendit
925 2566 974 2603 ad
995 2566 1181 2603 contraria
1208 2566 1352 2615 primo-

279 2630 366 2655 rum
389 2618 683 2668 principiorum;
713 2626 846 2668 utpote
866 2619 971 2668 quod
990 2620 1097 2656 Deus
1116 2619 1227 2656 faciat
1245 2620 1352 2669 quod

137 2676 153 2711 β
279 2678 404 2709 totum
433 2684 513 2709 non
541 2672 587 2710 sit
615 2672 738 2709 maius
766 2685 834 2710 sua
853 2671 871 2701 β
897 2680 1015 2721 parte,
1036 2673 1099 2710 vel
1124 2673 1229 2722 quod
1249 2674 1352 2711 affir-

136 2735 154 2760 τ
280 2724 398 2762 matio
420 2732 455 2762 et
475 2725 626 2774 negatio
646 2726 719 2763 sint
738 2726 851 2763 simul
869 2738 974 2763 vera.
995 2727 1097 2774 Ergo
1117 2727 1223 2764 Deus
1238 2732 1253 2753 ⁷
1272 2740 1351 2764 non

278 2785 406 2827 potest
437 2779 578 2828 aliquid
607 2791 653 2816 ex
680 2779 798 2819 nihilo
827 2780 962 2827 facere,
990 2780 1053 2817 vel
1082 2793 1223 2818 creare.

334 2843 369 2869 2.
399 2832 643 2880 PRAETEREA‚
673 2832 704 2869 si
733 2845 860 2870 creare
894 2840 949 2869 est
977 2833 1118 2881 aliquid
1153 2846 1199 2870 ex
1234 2833 1350 2870 nihilo

278 2885 425 2937 facere,
457 2898 546 2934 ergo
577 2886 695 2923 creari
724 2893 780 2923 est
816 2886 957 2935 aliquid
985 2886 1079 2924 fieri.
1120 2887 1199 2924 Sed
1233 2899 1350 2924 omne

278 2938 362 2976 fieri
390 2945 446 2975 est
477 2939 627 2977 mutari.
663 2940 766 2987 Ergo
796 2940 935 2976 creatio
973 2946 1030 2976 est
1063 2940 1235 2977 mutatio.
1274 2940 1350 2977 Sed

280 2991 405 3029 omnis
441 2992 602 3030 mutatio
635 2999 689 3030 est
723 3004 768 3029 ex
799 2993 970 3030 subiecto
999 2993 1148 3042 aliquo,
1177 3001 1220 3030 ut
1247 3000 1351 3042 patet

278 3056 349 3094 per
382 3045 644 3083 definitionem
681 3053 829 3083 motus:
867 3059 959 3084 nam
996 3054 1125 3084 motus
1159 3054 1215 3084 est
1246 3052 1351 3083 actus

280 3098 469 3136 existentis
496 3100 534 3136 in
557 3100 726 3148 potentia
745 3099 776 3137 *.
807 3100 910 3148 Ergo
940 3107 995 3137 est
1018 3100 1254 3149 impossibile
1284 3099 1347 3136 ali-

280 3151 373 3200 quid
401 3164 423 3188 a
450 3153 536 3189 Deo
565 3165 612 3190 ex
639 3153 756 3190 nihilo
786 3153 880 3190 fieriss

336 3205 370 3242 3.
400 3205 643 3254 PRAETEREA,
678 3206 784 3255 quod
816 3206 958 3244 factum
993 3214 1067 3254 est,
1106 3218 1262 3244 necesse
1297 3214 1352 3243 est

281 3256 486 3307 aliquando
515 3258 608 3296 fieri.
649 3259 728 3297 Sed
755 3272 835 3297 non
862 3267 990 3308 potest
1017 3259 1090 3298 dici
1124 3260 1230 3308 quod
1258 3259 1350 3297 illud

38 3110 158 3139 ⁸Phyu‘c„
165 3111 206 3133 lib.
212 3111 252 3139 111,

39 3143 119 3187 gnfhl.
125 3144 184 3187 Ἰεὲἰ,
195 3138 225 3186 ix.
241 3149 252 3155 -

335 3388 362 3420 α)
379 3388 460 3413 Deus.
478 3402 497 3407 -
514 3396 531 3413 a
551 3389 608 3414 Deo
628 3390 662 3422 B,
682 3391 805 3415 omittunt
822 3391 991 3423 ACDEGpF;
1012 3400 1059 3424 pro
1078 3398 1178 3420 creare,
1198 3391 1287 3415 creari
1305 3391 1349 3414 AB

281 3424 437 3491 cnff'sua.
455 3473 475 3478 -
493 3459 555 3485 Om.
573 3461 736 3485 ACDEFGa.

333 3496 359 3527 γ)
381 3495 462 3519 Deus.
479 3508 499 3513 —
517 3495 579 3520 Om.
598 3496 710 3520 codices.
729 3511 747 3516 -
766 3496 845 3522 Iidem
861 3505 909 3530 pro
929 3499 970 3522 vel
987 3504 1087 3527 creare,
1101 3498 1173 3529 quod
1190 3500 1230 3521 est
1248 3503 1349 3521 creare.

333 3529 358 3562 δ)
374 3530 524 3562 praecedit.
541 3544 560 3549 —
573 3531 722 3563 praecessit
740 3532 842 3557 codices
861 3538 887 3557 et
905 3540 921 3557 a
933 3533 955 3557 b.

334 3566 356 3598 ε)
376 3573 413 3590 ex
432 3561 522 3591 nihilo.
540 3580 559 3585 —
578 3566 610 3591 de
629 3566 712 3591 nihilo
731 3567 831 3592 codices
851 3573 876 3592 et
893 3569 946 3593 ab.

423 3620 532 3644 Semnan
552 3619 652 3644 Tnaor.
673 3620 704 3644 D.
717 3620 831 3645 Tuoms
850 3621 882 3645 T.
896 3621 914 3646 1.

1408 2300 1514 2348 quod
1547 2307 1709 2346 creatur,
1747 2298 1858 2336 simul
1891 2299 1957 2336 fiat
1986 2306 2022 2335 et
2050 2299 2190 2336 factum
2219 2298 2284 2335 sit:
2318 2298 2406 2347 quia
2434 2298 2471 2335 in

1407 2353 1740 2401 permanentibus,
1771 2352 1877 2401 quod
1904 2353 1966 2399 fit,
1997 2364 2075 2389 non
2104 2360 2177 2399 est,
2214 2352 2318 2400 quod
2346 2360 2472 2388 autern

1409 2407 1551 2443 factum
1581 2413 1648 2454 est,
1678 2406 1755 2443 iam
1786 2414 1860 2451 est;
1890 2405 2009 2442 simul'
2031 2417 2119 2453 ergo
2149 2404 2288 2454 aliquid
2314 2412 2410 2441 esset
2438 2412 2473 2441 et

1408 2472 1487 2496 non
1508 2466 1618 2496 esset.
1639 2460 1752 2507 Ergo,
1774 2459 1805 2495 si
1824 2458 1963 2508 aliquid
1984 2459 2037 2505 fit,
2053 2458 2135 2495 fieri
2155 2458 2235 2494 eius
2253 2457 2444 2507 praecedit
2460 2455 2474 2479 δ

1408 2513 1549 2550 facturn
1580 2525 1673 2549 esse.
1705 2512 1782 2549 Sed
1801 2512 1875 2548 hoc
1894 2524 1973 2548 non
1999 2518 2125 2560 potest
2144 2524 2237 2558 esse,
2267 2511 2337 2562 nisi
2364 2523 2473 2559 prae-

1409 2566 1540 2603 existat
1568 2566 1780 2602 subiectum
1806 2565 1843 2601 in
1863 2577 1940 2612 quo
1970 2571 2196 2601 sustentetur
2223 2564 2349 2613 ipsum
2377 2563 2469 2600 fieri.

1408 2621 1511 2668 Ergo
1540 2618 1772 2668 impossibile
1802 2626 1856 2654 est
1885 2617 2025 2666 aliquid
2052 2617 2134 2654 fieri
2164 2629 2208 2653 ex
2236 2617 2363 2653 nihile.

1461 2685 1497 2720 4.
1519 2673 1750 2718 Pmmmm,
1773 2670 1958 2707 infinitam
1981 2670 2193 2707 distantiam
2214 2682 2292 2707 non
2313 2678 2368 2706 est
2386 2682 2468 2718 per-

1407 2726 1575 2763 transire.
1598 2725 1675 2762 Sed
1690 2724 1835 2761 infinita
1851 2724 2024 2761 distantia
2041 2731 2095 2775 est
2113 2723 2209 2759 inter
2228 2735 2294 2759 ens
2316 2730 2351 2759 et
2369 2723 2467 2759 nihil.

1407 2781 1509 2828 Ergo
1538 2791 1616 2815 non
1646 2777 1824 2825 contingit
1853 2789 1897 2813 ex
1925 2777 2040 2813 nihilo
2061 2782 2072 2796 ³
2100 2776 2238 2825 aliquid
2266 2777 2360 2812 fieri.

1462 2834 1536 2870 SED
1557 2843 1702 2869 CONTRA
1721 2843 1786 2867 EST
1806 2830 1910 2879 quod
1930 2830 2063 2867 dicitur
2086 2830 2176 2865 Ge‘n.
2199 2841 2208 2865 1
2227 2828 2270 2865 ²¹⁶:-
2294 2830 2338 2865 In
2362 2829 2467 2876 prin-

1407 2886 1502 2934 cipio
1531 2885 1673 2922 creavit
1697 2885 1801 2921 Deus
1829 2882 1974 2920 caelum
2002 2888 2038 2919 et
2064 2888 2203 2918 terram
2224 2881 2247 2917 ζ.

1461 2941 1685 2975 RESPONDEO
1707 2936 1891 2973 DICENDUM
1918 2935 2024 2984 quod
2044 2947 2122 2971 non
2143 2935 2266 2971 solum
2287 2946 2365 2970 non
2385 2942 2441 2971 est
2454 2939 2468 2957 ’¹

1406 2991 1639 3040 impossibile
1660 3003 1681 3027 a
1700 2991 1785 3026 Deo
1815 2988 1957 3036 aliquid
1987 2987 2114 3035 creari,
2145 2987 2212 3024 sed
2237 2999 2393 3023 necesse
2414 2994 2469 3023 est

1405 3057 1549 3094 ponere
1570 3057 1591 3080 a
1610 3045 1695 3080 Deo
1715 3042 1845 3079 omnia
1865 3049 1988 3079 creata
2009 3053 2102 3088 esse,
2128 3047 2169 3076 ut
2193 3052 2238 3076 ex
2255 3040 2467 3087 praemissis

1405 3099 1575 3135 habetur.
1607 3096 1851 3144 Quicumque
1872 3095 1974 3132 enim
1996 3093 2081 3130 facit
2100 3092 2242 3140 aliquid
2262 3104 2305 3128 ex
2325 3092 2464 3141 aliquo,

1406 3151 1497 3188 illud
1526 3163 1571 3187 ex
1599 3162 1675 3198 quo
1703 3149 1790 3185 facit
1815 3146 2134 3197 praesupponitur
2161 3145 2297 3182 actioni
2319 3145 2409 3192 eius,
2432 3153 2467 3182 et

1406 3217 1484 3241 non
1519 3202 1740 3252 producitur
1766 3214 1835 3250 per
1862 3202 1984 3250 ipsam
2018 3199 2206 3236 actionem
2225 3196 2257 3234 ⁰:
2289 3198 2382 3235 sicut
2410 3211 2466 3235 ar-

1406 3258 1492 3294 tifex
1520 3263 1699 3305 operatur
1727 3267 1772 3292 ex
1800 3255 1914 3291 rebus
1946 3252 2193 3298 naturalibus,
2223 3258 2264 3288 ut
2293 3263 2336 3287 ex
2365 3252 2464 3299 ligno

1457 3387 1480 3419 ζ)
1501 3390 1526 3412 et
1546 3390 1655 3411 terram.
1673 3399 1692 3405 —
1711 3386 1755 3410 ubi
1766 3385 1831 3410 dicit
1848 3385 1941 3409 Glossa
1956 3383 2026 3416 quod
2041 3389 2133 3408 creare
2151 3386 2189 3407 est
2207 3382 2311 3414 aliquid
2329 3389 2366 3406 ex
2385 3382 2465 3407 nihilo

1398 3424 1491 3457 facere
1510 3423 1607 3447 addunt
1626 3422 1644 3446 P
1664 3427 1689 3446 et
1708 3421 1765 3445 edd.
1785 3421 1834 3448 ab,
1855 3424 1959 3452 excepto
1979 3419 2049 3451 quod
2068 3419 2130 3443 istae
2151 3418 2272 3442 omittunt
2291 3417 2349 3446 ubi‚·
2368 3418 2399 3442 cf.
2419 3422 2465 3442 art.

1403 3458 1520 3491 praeced.
1540 3462 1721 3489 argumentum
1742 3457 1796 3480 Sed
1814 3459 1915 3480 contra.

1455 3494 1481 3525 η)
1502 3500 1552 3517 non
1579 3496 1626 3517 est.
1644 3506 1663 3511 -
1681 3495 1720 3516 est
1739 3492 1766 3516 Ρ.
1784 3505 1802 3509 -
1821 3491 1883 3514 Post
1901 3490 1989 3514 creari
2012 3489 2107 3514 addunt
2130 3496 2167 3513 ex
2190 3488 2271 3513 nihilo
2291 3488 2416 3519 ABCDE;
2441 3494 2466 3512 et

1402 3530 1434 3554 ita
1454 3530 1474 3552 B
1494 3533 1553 3560 post
1572 3530 1663 3552 creata
1682 3534 1743 3551 esse.

1456 3562 1479 3595 0)
1500 3563 1638 3588 actionem.
1657 3576 1675 3580 -
1695 3562 1764 3586 illius
1777 3560 1903 3594 facientis
1923 3559 1991 3584 addit
2009 3561 2038 3584 Β.

2291 3620 2322 3639 ³0

2497 1321 2508 1333 ⁸
2530 1320 2566 1342 cf.
2588 1327 2627 1349 qu.
2642 1327 2709 1348 ιιι-ιν,

2497 1351 2539 1369 art.
2548 1354 2568 1374 2,
2577 1348 2712 1370 Commeat.

2497 1380 2561 1396 num.
2576 1380 2624 1396 vui.
