2768 4178
328 273 401 308 362

325 351 411 391 prior
434 350 566 380 intentio
591 349 659 382 talis
684 349 831 386 nominis,
857 359 954 390 quam
977 349 1057 379 ratio
1082 349 1224 379 eiusdem
1243 349 1391 379 essentia-

324 395 394 425 liter
417 394 506 424 dicta.

383 439 420 468 II.
446 439 480 468 In
504 447 636 477 corpore
660 436 753 467 unica
777 443 823 467 est
847 437 1019 472 conclusio,
1040 436 1222 476 responsiva
1246 436 1390 476 quaesito

324 482 525 516 affirmative:
550 482 648 511 Pater
670 491 726 521 per
750 481 836 521 prius
861 481 974 511 dicitur
989 481 1021 510 in
1038 479 1151 510 divinis
1175 480 1390 520 personaliter,

324 536 422 567 quam
446 525 657 556 essentialiter.
681 541 703 548 —
726 525 882 555 Probatur
905 525 958 555 sic.
991 524 1109 555 Omnia
1132 523 1315 564 imperfecta
1339 534 1390 554 su-

323 577 455 600 muntur
478 580 495 599 a
518 569 680 609 perfectis:
710 579 785 608 ergo
817 579 913 599 omne
942 578 1061 598 nomen
1093 567 1180 607 prius
1209 567 1322 598 dicitur
1351 568 1390 598 de

323 614 378 644 illo
401 614 434 643 in
460 623 526 654 quo
551 613 687 644 salvatur
709 619 775 643 tota
799 613 865 643 eius
889 612 968 643 ratio
991 611 1137 651 perfecte,
1158 621 1256 652 quam
1277 612 1314 642 de
1334 611 1389 642 illo

322 658 355 688 in
380 668 445 698 quo
470 658 606 688 salvatur
637 657 813 688 secundum
843 656 978 697 aliquid:
1012 666 1086 695 ergo
1110 655 1279 695 paternitas
1302 656 1390 696 prius

323 701 436 732 dicitur
458 701 490 731 in
515 701 628 731 divinis
652 701 829 732 secundum
853 700 942 741 quod
957 700 1109 740 importat
1124 706 1303 739 respectum
1318 700 1389 730 Per-

323 756 420 776 sonae
437 746 475 775 ad
492 746 674 782 Personam,
695 755 793 786 quam
818 745 995 775 secundum
1015 744 1104 784 quod
1121 743 1196 774 dicit
1211 750 1389 783 respectum

322 790 381 820 Dei
406 790 444 820 ad
469 796 636 820 creaturas:
663 799 748 828 ergo.
956 821 962 825 ,

381 834 486 864 Prima
506 833 731 874 consequentia
746 833 898 873 probatur
921 831 1042 872 primo:
1068 831 1143 872 quia
1159 831 1197 861 de
1214 841 1252 861 eo
1262 831 1306 861 de
1323 841 1388 872 quo

322 888 441 908 nomen
466 877 579 908 dicitur
603 877 779 908 secundum
803 876 939 916 aliquid,
969 875 1083 906 dicitur
1111 875 1201 916 quasi
1225 885 1281 915 per
1304 875 1388 905 sirni-

322 922 488 952 litudinem
514 922 552 951 ad
570 922 603 951 id
627 921 659 951 in
683 931 748 962 quo
772 920 908 960 perfecte
933 920 1079 950 salvatur.
1104 918 1322 950 Manifestatur
1339 919 1390 949 de-

322 966 395 996 inde
418 966 450 996 in
475 967 575 996 leonis
597 965 737 995 nomine.
758 983 775 987 —
791 964 936 995 Secunda
952 971 1058 994 autern
1073 964 1240 1004 probatur:
1266 963 1341 1003 quia
1356 963 1389 993 in

322 1010 391 1040 Deo
415 1011 505 1040 Patre
529 1016 559 1040 et
581 1010 651 1039 Deo
667 1009 750 1038 Filio
773 1008 931 1038 invenitur
947 1007 1084 1048 perfecta
1100 1008 1178 1038 ratio
1196 1007 1388 1047 paternitatis

323 1061 353 1084 et
368 1053 545 1089 filiationis;
570 1053 602 1083 in
619 1053 687 1083 Deo
712 1058 819 1082 autem
839 1059 870 1082 et
885 1058 1024 1082 creatura
1048 1062 1124 1088 non,
1141 1052 1195 1081 sed
1212 1051 1389 1081 secundum

323 1098 492 1138 aliqualem
515 1097 764 1127 similitudinem.
790 1096 831 1126 Et
850 1097 1001 1136 probatur
1018 1096 1120 1135 prima
1139 1105 1210 1136 pars
1226 1095 1322 1125 huius
1342 1105 1388 1125 as-

321 1141 456 1181 sumpti:
482 1141 556 1181 quia
575 1141 754 1170 divinarum
769 1141 981 1170 Personarum
995 1150 1058 1170 una
1078 1146 1123 1170 est
1142 1147 1253 1170 natura
1269 1149 1304 1170 ac
1320 1139 1388 1179 glo-

321 1185 374 1216 ria.
400 1185 544 1216 Secunda
566 1195 641 1215 vero
666 1194 750 1225 pars,
776 1184 883 1225 quoad
907 1184 1125 1224 negationem:
1150 1183 1226 1224 quia
1249 1190 1389 1214 creatura

322 1240 388 1260 non
413 1229 555 1260 eiusdem
578 1236 707 1259 naturae
732 1235 778 1259 est
801 1238 876 1259 cum
899 1228 979 1258 Deo.
1005 1228 1122 1265 Quoad
1146 1227 1389 1258 affirmationem

320 1284 415 1310 vero,
441 1273 658 1304 manifestatur
681 1273 865 1312 graduando
888 1272 1088 1303 latitudinem
1111 1271 1213 1302 filialis
1237 1272 1388 1302 assimila-

321 1318 417 1349 tionis
441 1324 599 1348 creaturae
623 1317 662 1347 ad
686 1317 808 1353 Deum,
832 1313 1079 1357 iuxta'quatuor
1102 1316 1218 1346 modos
1242 1315 1388 1346 similitu-

323 1362 412 1398 dinis,
438 1362 553 1392 scilicet
575 1361 706 1401 vestigii,
730 1360 893 1401 imaginis,
918 1360 1034 1400 gratiae
1057 1367 1088 1390 et
1110 1360 1238 1400 gloriae.
1264 1359 1388 1391 Confir-

323 1414 514 1446 manturque
537 1406 645 1436 omnia
669 1404 907 1436 auctoritatibus
925 1404 1004 1435 —satis
1029 1405 1109 1435 clare
1132 1404 1163 1434 in
1188 1404 1298 1435 littera.

383 1451 433 1481 Ill.
458 1451 494 1480 In
518 1449 725 1490 responsione
749 1450 788 1479 ad
811 1449 966 1490 primum,
992 1448 1156 1488 diligenter
1180 1455 1291 1479 notato
1315 1447 1387 1478 tria:

322 1495 440 1526 scilicet
464 1494 717 1530 distinctionem,
752 1493 1023 1534 comparationes,
1056 1499 1086 1523 et
1109 1492 1245 1523 rationes
1269 1502 1388 1523 earum.

324 1540 491 1570 Distinctio
511 1545 557 1569 est
572 1538 664 1569 haec:
691 1537 924 1573 communium,
948 1537 1029 1567 idest
1048 1536 1272 1573 essentialium,
1292 1546 1388 1577 quae-

1268 1619 1321 1626 Μ

976 270 1244 316 QUAESTIO
1274 270 1452 316 XXXIII,
1483 268 1777 306 ARTICULUS
1808 270 1859 305 1-V

1447 348 1520 378 dam
1545 348 1693 378 dicuntur
1712 348 1870 384 absolute,
1897 355 1932 378 ut
1955 348 2066 385 bonus,
2091 349 2230 388 sapiens,
2255 355 2331 385 etc.;
2356 350 2514 389 quaedam

1446 392 1616 431 respective
1633 392 1672 422 ad
1689 398 1782 428 extra,
1808 399 1843 422 ut
1865 393 2025 422 Dominus
2044 399 2101 422 etc.
2119 410 2140 415 —
2162 392 2425 432 Comparationes
2441 400 2515 424 sunt

1446 437 1536 466 duae.
1566 436 1671 466 Prima
1695 443 1756 466 est:
1783 436 1967 466 communia
1991 436 2136 466 absoluta
2160 443 2234 466 sunt
2257 436 2378 476 priora,
2404 446 2514 467 secun-

1445 480 1524 510 dum
1548 480 1760 516 intellectum,
1785 480 2015 520 personalibus.
2040 480 2147 510 Altera
2171 486 2232 510 est:
2259 480 2443 510 communia
2465 490 2514 511 re-

1445 524 1582 564 spectiva
1612 524 1652 554 ad
1675 531 1779 560 extra,
1812 531 1886 554 sunt
1917 524 2092 564 posteriora
2121 524 2351 564 personalibus.
2375 542 2395 546 -
2418 524 2513 555 Ratio

1444 568 1564 607 primae
1593 567 1838 608 comparationis
1867 575 1933 604 est,
1968 568 2122 608 quoniam
2154 568 2339 598 communia
2368 568 2514 599 absoluta

1445 612 1636 642 clauduntur
1650 612 1683 642 in
1699 612 1927 652 personalibus,
1949 619 1979 643 et
1995 622 2060 642 non
2080 622 2096 642 e
2113 620 2280 642 converso:
2305 611 2411 651 priora
2427 612 2513 642 enim

1445 662 1568 686 constat
1584 666 1650 686 esse
1674 666 1691 686 a
1715 654 1831 697 quibus
1855 666 1921 686 non
1945 656 2137 687 convertitur
2160 655 2395 696 consequentia.
2419 655 2512 686 Ratio

1444 709 1519 730 vero
1544 700 1699 730 secundae
1723 700 1970 740 comparationis
1993 707 2048 736 est,
2073 699 2228 741 quoniam
2254 699 2414 740 processio
2434 699 2513 729 divi-

1444 752 1559 773 narum
1581 750 1791 783 personarum
1823 750 1870 774 est
1892 744 2085 784 principium
2115 743 2327 784 processionis
2357 750 2511 774 creatura-

1444 796 1531 822 rum;
1556 797 1591 817 ac
1610 797 1666 826 per
1681 787 1752 823 hoc,
1770 788 1948 827 personalia
1967 794 2271 828 praesupponuntur
2286 798 2304 817 a
2319 787 2512 827 respectibus

1444 831 1484 860 ad
1501 837 1594 860 extra.
1615 831 1656 861 Et
1671 831 1797 861 adverte
1814 831 1978 871 diligenter
1993 832 2074 862 hanc
2093 832 2249 862 secundae
2265 831 2512 872 comparationis

1443 874 1610 910 rationem,
1635 874 1726 914 quod
1749 884 1815 904 non
1837 875 1981 915 loquitur
2004 876 2064 906 nisi
2088 877 2126 906 de
2149 876 2343 916 respectibus
2367 876 2406 905 ad
2429 882 2514 906 extra

1444 918 1712 958 consequentibus
1735 918 1874 949 actiones
1898 924 2121 951 transeuntes:
2144 920 2177 950 hi
2201 920 2287 950 enirn
2302 926 2427 950 tantum
2442 929 2512 959 spe-

1445 968 1529 992 ctant
1553 962 1591 992 ad
1615 962 1854 1002 processionem
1877 969 2100 994 creaturarum.
2244 963 2247 966 ’

1504 1006 1555 1036 IV.
1581 1006 1622 1036 Et
1645 1012 1812 1046 propterea
1844 1015 1881 1036 ex
1904 1006 1966 1037 hoc
1989 1007 2062 1037 loco
2091 1017 2158 1037 non
2186 1007 2340 1038 habemus
2371 1013 2513 1037 mentem

1443 1049 1591 1080 Auctoris
1611 1049 1691 1080 circa
1711 1050 1896 1080 communia
1915 1050 2086 1090 respectiva
2101 1051 2141 1080 ad
2158 1057 2323 1087 creaturas,
2341 1050 2513 1091 spectantia

1444 1094 1483 1124 ad
1507 1094 1645 1124 actiones
1670 1095 1891 1131 immanentes,
1916 1104 1956 1124 an
1980 1094 2097 1125 scilicet
2120 1095 2296 1134 posteriora
2319 1095 2381 1125 sint
2404 1104 2511 1135 perso—

1443 1138 1582 1174 nalibus;
1607 1145 1694 1177 puta,
1718 1148 1769 1174 an,
1793 1138 1970 1168 secundum
1996 1138 2141 1175 ordinem
2164 1139 2350 1175 intellectus,
2370 1138 2458 1178 prius
2474 1138 2514 1169 sit

1443 1182 1549 1212 Deum
1573 1182 1745 1222 intelligere
1769 1188 1924 1212 creaturas
1949 1192 2047 1223 quam
2071 1183 2246 1222 producere
2269 1182 2398 1220 Filium,
2422 1188 2477 1212 aut
2495 1192 2512 1213 e

1444 1236 1606 1256 converso.
1639 1226 1681 1256 Et
1704 1233 1750 1256 est
1774 1226 1929 1256 dubitatio
1954 1226 1993 1256 de
2017 1226 2153 1266 simplici
2182 1226 2407 1266 intelligentia,
2431 1235 2514 1266 quae

1443 1270 1523 1301 inest
1541 1270 1611 1300 Deo
1628 1270 1826 1300 naturaliter:
1852 1279 1918 1300 non
1934 1277 2042 1300 autem
2065 1271 2104 1301 de
2128 1270 2256 1301 scientia
2271 1270 2411 1306 visionis,
2431 1279 2514 1310 quae

1443 1314 1524 1345 inest
1540 1314 1567 1344 ei
1583 1314 1690 1344 libere.
1716 1314 1757 1344 Et
1780 1313 1935 1355 quoniam
1958 1314 2164 1355 impertinens
2187 1321 2234 1345 est
2252 1314 2418 1344 difficultas
2435 1314 2512 1345 haec

1443 1358 1620 1398 proposito,
1646 1358 1801 1399 quoniam
1820 1358 1996 1388 secundum
2011 1358 2197 1391 huiusmodi
2214 1368 2280 1389 non
2297 1358 2411 1388 dicitur
2425 1358 2513 1388 Deus

1442 1403 1552 1440 Pater,
1577 1402 1633 1433 erit
1657 1402 1696 1432 de
1711 1402 1774 1433 hoc
1790 1401 1932 1442 specialis
1956 1402 2111 1443 quaestio,
2127 1402 2214 1432 iuxta
2231 1403 2316 1433 hunc
2332 1402 2512 1433 articulum.
2526 1430 2528 1432 .

1500 1446 1572 1477 Alia
1591 1453 1698 1477 autem
1722 1446 1899 1483 difficultas,
1925 1456 1966 1476 an
1989 1446 2106 1477 scilicet
2124 1447 2285 1487 processio
2305 1455 2513 1486 personarum

1443 1490 1482 1521 sit
1504 1490 1698 1531 principium
1728 1489 1940 1530 processionis
1971 1497 2147 1527 creaturae,
2179 1490 2325 1527 inferius,
2355 1500 2410 1531 qu.
2434 1500 2512 1527 va,

1443 1541 1499 1565 art.
1520 1535 1555 1571 6,
1580 1544 1617 1565 ex
1639 1534 1807 1574 proposito
1831 1533 2021 1566 tractabitur.

1103 1684 1420 1727 ARTICULUS
1451 1684 1724 1736 QUARTUS

895 1779 1051 1811 UTRUM
1074 1779 1174 1809 ESSE
1199 1778 1443 1810 INGENITUM
1467 1777 1534 1808 εῖτ
1557 1778 1686 1808 PATRI
1711 1777 1934 1808 PROPRmM

776 1857 784 1881 1
805 1858 887 1887 Sent„
907 1858 966 1882 dist.
984 1865 1037 1887 xm,
1056 1861 1103 1881 art.
1121 1864 1151 1888 4;
1172 1856 1230 1881 dist.
1248 1863 1334 1886 xxvm,
1354 1864 1398 1888 qu.
1413 1863 1430 1887 ι,
1450 1861 1496 1880 art.
1515 1863 1540 1886 13
1563 1855 1665 1881 Contra
1683 1862 1790 1880 errores
1811 1856 1915 1884 Graec„
1935 1862 1991 1887 cap.
2004 1861 2059 1880 vm.

533 1958 555 1982 D
576 1957 748 1988 QUARTUM
768 1957 821 1982 sm
842 1957 1081 1995 PRocEmTUR.
1101 1944 1262 1981 Videtur
1281 1944 1387 1993 quod

460 2006 513 2061 ὥς
533 2011 624 2052 esse·
636 1999 843 2047 ingenitum
863 2011 942 2035 non
970 1997 1015 2035 sit
1042 1997 1144 2035 Patri
1173 1997 1384 2047 proprium.

386 2092 389 2097 ,
476 2044 672 2090 smenis
707 2052 808 2088 enim
846 2051 1058 2100 proprietas
1078 2051 1208 2103 ,ponit
1245 2050 1387 2099 aliquid

380 2120 391 2133 x
412 2102 468 2141 ῑ”ε’
492 2098 572 2143 kin
603 2118 648 2142 eo
679 2105 786 2142 cuius
806 2111 861 2142 est
879 2104 1104 2154 proprietas.
1136 2104 1214 2141 Sed
1242 2103 1386 2154 ingeni-

322 2163 379 2194 tus
398 2157 488 2194 nihil
504 2158 612 2206 ponit
632 2158 670 2195 in
684 2159 807 2205 Patre,
825 2158 894 2195 sed
914 2165 1090 2194 removet
1104 2165 1262 2194 tantum.
1284 2158 1386 2204 Ergo

322 2223 400 2247 non
429 2210 612 2258 significat
640 2211 911 2259 proprietatem
940 2210 1072 2247 Patris.

378 2275 412 2300 2.
434 2264 666 2309 PRAETEREA,
690 2264 897 2313 ingenitum
926 2271 991 2300 aut
1018 2263 1154 2300 dicitur
1180 2262 1385 2311 privative,

323 2323 387 2352 aut
414 2316 600 2363 negative.
623 2317 663 2354 Si
691 2316 877 2364 negative,
898 2323 989 2353 tunc
1017 2315 1201 2365 quidquid
1226 2327 1304 2352 non
1333 2322 1388 2352 est

322 2369 503 2417 genitum,
524 2377 650 2418 potest
669 2369 742 2406 dici
761 2369 983 2417 ingenitum.
1011 2369 1087 2406 Sed
1113 2368 1272 2417 Spiritus
1293 2369 1387 2405 San·

324 2430 404 2459 ctus
424 2435 502 2459 non
522 2430 579 2460 est
595 2422 755 2470 genitus,
776 2435 901 2472 neque
927 2422 1042 2459 etiam
1063 2421 1225 2458 essentia
1246 2421 1385 2458 divina.

323 2476 425 2524 Ergo
454 2476 661 2525 ingenitum
681 2482 698 2497 α
728 2476 841 2512 etiam
871 2475 924 2513 eis
945 2475 1141 2512 convenit:
1172 2483 1208 2511 et
1235 2474 1289 2511 sic
1308 2486 1388 2511 non

323 2536 378 2565 est
397 2528 596 2577 proprium
616 2529 728 2566 Patri.
745 2549 769 2556 —
791 2528 831 2566 Si
850 2536 979 2565 autem
999 2528 1186 2577 privative
1202 2535 1385 2575 sumatur,

323 2594 411 2618 cum
440 2582 564 2618 omnis
592 2582 754 2631 privatio
780 2581 965 2630 significet
992 2580 1321 2630 imperfectionem
1350 2580 1387 2617 in

285 2644 288 2646 ’
322 2635 484 2683 privato,
505 2635 675 2683 sequitur
703 2635 807 2684 quod
835 2647 1001 2683 persona
1029 2634 1150 2671 Patris
1175 2634 1221 2671 sit
1247 2633 1387 2682 imper-

322 2689 429 2724 fecta.
452 2688 570 2735 Quod
599 2696 654 2725 est
680 2687 927 2737 impossibile.

379 2742 412 2777 3.
435 2742 669 2789 PRAETEREA,
690 2742 877 2791 ingenitus
903 2741 943 2778 in
973 2740 1111 2778 divinis
1139 2752 1218 2777 non
1248 2739 1387 2787 signifi-

325 2802 383 2830 cat
411 2794 646 2841 relationem,
668 2795 756 2843 quia
780 2807 858 2831 non
889 2794 1023 2831 dicitur
1042 2793 1218 2830 relative:
1247 2792 1387 2840 signifi-

325 2855 384 2883 cat
413 2859 502 2894 ergo
533 2847 794 2884 substantiam.
820 2848 1016 2897 Ingenitus
1039 2847 1150 2895 igitur
1179 2854 1214 2883 et
1241 2846 1389 2896 genitus

323 2901 535 2937 secundum
556 2900 805 2937 substantiam
822 2900 1010 2937 differunt.
1029 2900 1145 2937 Filius
1160 2907 1300 2945 autem,
1322 2899 1387 2948 qui

323 2961 378 2990 est
406 2953 571 3001 genitus,
602 2951 681 2990 non
710 2953 833 2990 differt
861 2966 882 2990 a
910 2954 1021 2990 Patre
1056 2953 1269 2990 secundum
1298 2953 1386 2989 sub-

323 3006 509 3043 stantiam.
531 3008 642 3043 Pater
671 3018 759 3054 ergo
789 3019 867 3043 non
897 3006 1009 3043 debet
1037 3006 1110 3044 dici
1139 3005 1336 3054 ingenitus.

376 3072 412 3106 4.
434 3061 666 3107 PRAETEREA,
687 3059 885 3108 proprium
915 3067 970 3096 est
989 3059 1094 3108 quod
1113 3059 1179 3096 uni
1199 3058 1269 3095 soli
1298 3070 1387 3095 eon-

323 3113 438 3150 venit.
461 3113 536 3150 Sed
567 3125 654 3149 cum
682 3113 756 3150 sint
791 3113 917 3161 plures
947 3113 994 3149 ab
1033 3112 1106 3149 alio
1134 3111 1388 3161 procedentes

324 3166 361 3202 in
392 3165 539 3213 divinis,
561 3165 651 3202 nihil
670 3165 822 3203 videtur
841 3166 1045 3214 prohibere
1069 3165 1161 3215 quin
1182 3165 1295 3202 etiarn
1316 3164 1389 3201 sint

324 3219 450 3267 plures
471 3219 518 3255 ab
539 3219 612 3255 alio
642 3231 721 3256 non
742 3218 954 3255 existentes.
975 3219 1067 3255 Non
1095 3218 1205 3267 igitur
1225 3225 1281 3255 est
1298 3229 1386 3266 pro-

324 3272 450 3320 prium
479 3272 579 3308 Patri
610 3284 692 3309 esse
721 3271 940 3320 ingenitum.

382 3326 414 3362 5.
435 3326 669 3372 PRAETEREA,
699 3325 795 3362 sicut
821 3325 934 3361 Pater
963 3332 1018 3361 est
1045 3323 1274 3373 principium
1302 3335 1387 3372 per-

325 3390 442 3414 sonae
461 3377 620 3426 genitae,
637 3378 687 3415 ita
707 3386 743 3415 et
760 3390 948 3427 personae
967 3377 1219 3426 procedentis.
1237 3376 1276 3414 Si
1297 3388 1386 3424 ergo

325 3438 480 3479 propter
508 3431 791 3480 oppositionem
821 3443 938 3479 quam
967 3431 1082 3467 habet
1105 3430 1155 3467 ad
1182 3441 1388 3479 personam

389 1975 400 1981 κ
441 1967 515 2011 μή(

360 1990 399 2006 *a'a
448 1990 499 2029 Ἐῗψ

371 2052 375 2059 ,

379 3544 406 3576 α)
426 3544 580 3577 ingenitum.
597 3558 617 3563 —
636 3544 768 3578 ingenitus
788 3545 899 3569 codices.

380 3578 405 3611 β)
424 3580 564 3604 creaturis.
583 3593 597 3598 -
617 3580 713 3605 creatis
732 3580 854 3604 ACEFG.

378 3616 405 3648 γ)
425 3614 566 3639 invenitur.
583 3628 602 3634 —
621 3615 720 3640 dicitur
744 3615 844 3640 codices
864 3620 889 3639 et
907 3615 958 3640 ab.
975 3628 994 3634 -
1012 3614 1083 3647 quod
1102 3617 1141 3639 est
1164 3614 1246 3639 Pater
1263 3617 1290 3639 et
1309 3613 1388 3646 prin—

1442 1943 1630 1991 genitam,
1661 1943 1860 1992 proprium
1889 1943 2009 1980 Patris
2037 1942 2193 1992 ponitur
2221 1955 2303 1981 esse
2332 1943 2439 1992 quod
2467 1943 2514 1981 sit
2553 1938 2563 1941 s

1442 1997 1650 2045 ingenitus;
1682 1996 1795 2033 etiarn
1816 1996 2014 2046 proprium
2036 1996 2116 2033 eius
2145 1997 2259 2034 debet
2285 1996 2377 2046 poni
2405 1996 2512 2046 quod

1444 2050 1491 2087 sit
1518 2050 1828 2098 improcessibilis.

1498 2104 1572 2140 SED
1611 2114 1757 2140 CONTRA
1794 2114 1860 2139 EST
1896 2103 2002 2151 quod
2037 2102 2126 2140 dicit
2162 2102 2349 2150 Hilarius,
2386 2103 2437 2140 IV
2463 2103 2510 2141 de

1447 2157 1483 2193 T
1479 2156 1550 2192 rin.
1572 2156 1609 2192 *ε
1637 2157 1708 2193 Est
1725 2168 1822 2192 unus
1849 2156 1898 2193 ab
1918 2168 2006 2202 uno,
2028 2155 2168 2193 scilicet
2187 2156 2235 2193 ab
2255 2155 2422 2204 ingenito
2447 2167 2512 2204 ge·
2536 2169 2546 2180 ·

1444 2209 1553 2255 nitus,
1578 2210 1810 2258 proprietate
1827 2209 2000 2246 videlicet
2026 2210 2062 2246 in
2091 2219 2316 2258 unoquoque
2343 2214 2379 2246 et
2404 2209 2512 2247 inna-

1441 2262 1646 2298 scibilitatis
1673 2268 1710 2298 et
1735 2262 1906 2311 originis.

1498 2315 1723 2351 RESPONDEO
1752 2326 1937 2351 DICENDUM
1965 2313 2085 2363 quod,
2115 2314 2210 2351 sicut
2238 2313 2276 2351 in
2297 2314 2476 2352 creaturis
2493 2313 2512 2344 Ρ

1443 2367 1634 2404 invenitur
1666 2367 1893 2416 principium
1926 2367 2093 2416 primum
2128 2374 2164 2404 et
2192 2367 2423 2416 principium
2451 2379 2508 2404 se-

1443 2421 1631 2468 cundum,
1660 2420 1710 2457 ita
1738 2420 1776 2457 in
1804 2420 1979 2469 personis
2008 2419 2166 2467 divinis,
2196 2420 2235 2457 in
2263 2420 2403 2468 quibus
2430 2432 2510 2458 non

1444 2481 1500 2510 est
1526 2473 1631 2522 prius
1656 2481 1692 2510 et
1717 2473 1918 2522 posterius,
1939 2473 2131 2510 invenitur
2149 2478 2164 2499 ⁷
2177 2473 2408 2522 principium
2434 2485 2509 2511 non

1443 2527 1489 2564 de
1506 2527 1706 2575 principio,
1723 2527 1829 2575 quod
1849 2533 1905 2563 est
1923 2527 2046 2573 Pater,
2068 2533 2104 2563 et
2115 2526 2346 2575 principium
2365 2538 2390 2563 α
2404 2527 2510 2575 prin·

1443 2580 1551 2628 cipio,
1572 2579 1678 2628 quod
1698 2587 1754 2616 est
1774 2579 1903 2616 Filius.
1934 2581 1976 2616 In
2005 2579 2119 2616 rebus
2137 2586 2265 2616 autem
2294 2579 2428 2616 creatis
2447 2579 2512 2616 ali-

1443 2634 1548 2682 quod
1585 2632 1814 2682 principium
1848 2632 2017 2682 primum
2054 2632 2255 2669 innotescit
2287 2631 2510 2682 dupliciter:

1444 2698 1522 2723 uno
1553 2685 1711 2734 quidem
1749 2685 1868 2723 modo
1885 2714 1894 2732 ,
1928 2686 2156 2734 inquantum
2195 2693 2251 2722 est
2283 2684 2512 2735 principium

1442 2738 1611 2788 primurn
1642 2751 1712 2788 per
1739 2740 1814 2776 hoc
1842 2739 1946 2787 quod
1985 2739 2102 2776 habet
2135 2738 2358 2776 relationem
2386 2738 2436 2776 ad
2462 2750 2510 2776 ea

1444 2804 1542 2841 quae
1579 2792 1628 2829 ab
1657 2792 1740 2840 ipso
1779 2800 1885 2838 sunt;
1916 2792 1990 2829 alio
2019 2791 2161 2839 modo,
2192 2791 2418 2840 inquantum
2454 2799 2511 2829 est

1443 2845 1611 2894 primum
1640 2842 1654 2867 δ
1680 2845 1908 2894 principium
1937 2857 2007 2894 per
2033 2845 2109 2882 hoc
2136 2845 2241 2894 quod
2269 2857 2348 2882 non
2376 2852 2433 2882 est
2459 2843 2508 2882 ab

1444 2898 1529 2935 alio.
1561 2898 1622 2935 Sic
1650 2898 1759 2946 igitur
1779 2906 1815 2935 et
1840 2899 1951 2935 Pater
1977 2897 2175 2935 innotescit
2201 2897 2358 2946 quidem
2385 2905 2509 2947 pater-

1443 2951 1556 2989 nitate
1586 2958 1622 2988 et
1651 2951 1849 2988 communi
1877 2951 2093 3000 spiratione,
2118 2962 2188 3000 per
2215 2957 2429 3000 respectum
2459 2950 2508 2988 ad

1441 3016 1626 3054 personas
1655 3005 1703 3041 ab
1733 3004 2085 3053 eo·procedentes:
2114 3003 2341 3052 inquantum
2379 3011 2508 3041 autem

1445 3065 1500 3095 est
1527 3057 1757 3106 principium
1795 3069 1873 3094 non
1901 3057 1949 3095 de
1976 3056 2183 3106 principio,
2213 3056 2414 3095 innotescit
2440 3068 2510 3106 per

1442 3111 1529 3158 hoc,
1550 3110 1655 3160 quod
1677 3122 1755 3147 non
1775 3118 1831 3147 est
1850 3111 1898 3147 ab
1919 3110 2011 3147 alio:
2041 3110 2146 3159 quod
2163 3110 2325 3158 pertinet
2352 3109 2402 3147 ad
2419 3121 2508 3159 pro-

1442 3164 1641 3212 prietatem
1661 3163 1968 3210 innascibilitatis,
1990 3175 2107 3212 quam
2132 3162 2318 3211 significat
2345 3163 2420 3200 hoc
2439 3175 2508 3200 no-

1443 3229 1533 3253 men
1563 3217 1760 3266 ingenitus.

1496 3271 1555 3306 AD
1584 3281 1721 3307 patmum
1740 3281 1838 3306 ERGO
1858 3280 2042 3307 mCENDUM
2063 3268 2167 3317 quod
2194 3268 2349 3317 quidam
2379 3268 2508 3306 dicunt

1443 3322 1549 3370 quod
1577 3322 1867 3370 innascibilitas,
1897 3333 2013 3372 quam
2042 3321 2227 3370 significat
2260 3322 2336 3359 hoc
2363 3333 2507 3359 nomen

1443 3375 1641 3425 ingenitus,
1672 3375 1886 3412 secundum
1913 3374 2018 3424 quod
2048 3383 2103 3412 est
2130 3374 2340 3424 proprietas
2368 3374 2505 3422 Patris,

1443 3441 1521 3465 non
1551 3428 1686 3466 dicitur
1723 3436 1870 3465 tantum
1903 3427 2096 3475 negative;
2127 3427 2196 3465 sed
2229 3427 2410 3477 importat
2443 3427 2506 3464 vel

1441 3542 1539 3582 ciprum
1564 3550 1582 3567 a
1602 3542 1738 3574 principio
1762 3541 1856 3566 omittit
1879 3541 1957 3566 editio
1981 3548 2012 3570 a‚·
2036 3549 2082 3574 pro
2105 3548 2123 3566 a
2142 3541 2294 3574 principio,
2318 3540 2352 3566 de
2370 3539 2505 3573 principio

1443 3578 1664 3644 c0d¹8c)e31;rimum.
1682 3626 1700 3630 -
1719 3612 1780 3637 Om.
1800 3612 1821 3636 E
1828 3620 1835 3643 ;
1851 3612 2014 3644 principium
2033 3619 2087 3637 om.
2105 3611 2230 3637 ACDFG.

1800 3669 1824 3680 *a

2559 2168 2631 2192 Num.
2644 2175 2679 2198 33.
