2768 4178
48 2484 51 2487 ·
77 2479 87 2488 ·
102 2477 161 2499 Vide
171 2477 203 2498 III
212 2477 288 2499 Meta-

310 269 385 305 206

1024 270 1290 318 QUAESTIO
1320 270 1420 317 XVI,
1450 268 1746 306 ARTICULUS
1778 269 1792 304 Ι

885 477 1293 556 QUAESTIO
1330 477 1930 534 DECIMASEXTA

1192 608 1276 648 DE
1308 607 1619 648 VERITATE

1087 720 1126 744 IN
1163 718 1275 745 OCTO
1313 718 1550 744 ARTICULOS
1587 718 1725 743 DIVISA

172 892 188 908 α
415 881 683 918 siderationem
713 881 889 918 scientiae
909 881 981 918 Dei
1000 888 1030 928 α,
1060 881 1108 918 de
1135 879 1293 916 veritate
1323 879 1378 915 in—

76 939 138 987 {gg-
147 945 186 967 ‘³¹¹-
196 945 242 982 ffly
252 938 290 960 1¹²·
317 934 546 983 quirendum
576 942 631 971 est
657 934 688 971 ²³⁶.

318 988 427 1024 Circa
456 999 572 1036 quarn
602 994 833 1035 quaeruntur
860 994 958 1023 octo.

371 1040 518 1077 Primo:
548 1048 676 1076 utrum
703 1040 841 1077 veritas
870 1039 914 1076 sit
941 1039 980 1076 in
1008 1051 1059 1086 re,
1083 1039 1145 1075 vel
1174 1045 1321 1075 tantum
1341 1037 1379 1074 in

423 1093 623 1130 intellectu.

177 1151 191 1184 β
371 1145 568 1182 Secundo:
598 1153 726 1182 utrum
746 1145 791 1182 sit
810 1153 958 1182 tantum
972 1144 990 1174 ’Β
1013 1145 1052 1182 in
1070 1145 1258 1182 intellectu
1278 1155 1381 1180 com-

422 1206 588 1247 ponente
619 1206 654 1235 et
682 1198 886 1236 dividente.

319 825 550 931 QUONJAM
571 835 699 865 autem
719 828 874 865 scientia
892 840 1074 865 verorum
1095 834 1160 874 est,
1181 834 1268 875 post
1288 838 1377 863 con-

1487 827 1637 864 Tertio:
1667 828 1715 865 de
1745 828 2031 877 comparatione
2059 828 2141 866 veri
2170 827 2220 865 ad
2249 839 2315 865 ens
2331 832 2356 864 ⁷.
2627 839 2644 865 τ

1488 880 1656 926 Quarto:
1687 881 1734 918 de
1764 881 2049 929 comparatione
2078 881 2159 918 veri
2189 881 2238 918 ad
2265 881 2423 918 bonum.

1489 932 1655 979 Quinto:
1684 941 1811 970 utrum
1842 935 1948 970 Deus
1977 934 2023 970 sit
2049 934 2201 971 veritas.

1489 986 1627 1022 Sexto:
1656 994 1784 1022 utrum
1823 985 1954 1023 omnia
1982 986 2054 1024 sint
2081 999 2174 1024 vera
2206 987 2363 1025 veritate
2401 999 2499 1034 una,

1541 1038 1603 1075 vel
1631 1038 1813 1087 pluribus.

1490 1091 1684 1140 Septimo:
1716 1091 1763 1128 de
1792 1091 2011 1128 aeternitate
2038 1092 2217 1130 veritatis.

1490 1144 1661 1181 Octavo:
1692 1144 1739 1182 de
1767 1144 2145 1182 incommutabilitate
2174 1144 2303 1193 ipsius.

1129 1306 1448 1348 ARTICULUS
1480 1306 1685 1348 PRIMUS

890 1399 1046 1430 UTRUM
1070 1399 1254 1430 VERITAS
1278 1399 1345 1430 εῖτ
1368 1399 1556 1430 TANTUM
1580 1399 1622 1429 IN
1647 1398 1926 1430 INTELLECTU

458 1480 467 1504 1
487 1480 569 1509 Sent„
590 1479 648 1504 dist.
667 1487 716 1509 xm,
736 1487 780 1512 qu.
794 1486 819 1510 v,
835 1484 881 1503 art.
899 1486 906 1503 1
917 1485 924 1509 ;
944 1478 953 1502 Ι
975 1479 1051 1503 Cont.
1067 1479 1153 1507 Gent„
1173 1486 1229 1511 cap.
1242 1485 1288 1508 Lx;
1308 1478 1350 1502 De
1374 1477 1462 1508 Verit„
1476 1485 1520 1510 qu.
1535 1485 1552 1508 1,
1567 1483 1613 1503 art.
1630 1485 1659 1508 2;
1679 1478 1688 1502 1
1707 1478 1861 1507 Periherm„
1877 1479 1934 1503 lect.
1953 1486 1981 1503 111
1988 1487 1995 1510 ;
2015 1479 2048 1503 VI
2067 1479 2230 1513 Aletaphys„
2250 1480 2307 1504 lect.
2326 1486 2360 1505 w.

368 1585 410 1617 '⁸¹
434 1590 487 1616 ,αἶς

529 1580 550 1604 D
580 1580 716 1605 PR1MUM
745 1580 797 1604 su:
818 1579 1056 1604 PROCEmTUR.
1087 1566 1247 1603 Videtur
1275 1565 1381 1615 quod

377 1617 391 1639 ³
441 1610 504 1682 ’ᾗ
527 1620 666 1658 veritas
686 1633 764 1657 non
783 1620 828 1657 sit
848 1628 995 1657 tantum
1023 1620 1061 1656 in
1089 1615 1291 1666 intellectu,
1313 1619 1380 1656 sed

351 1669 367 1720 ,¹
468 1664 648 1722 “‚magis
681 1673 719 1710 in
753 1674 877 1710 rebus.
907 1673 1140 1720 Augustinus
1181 1673 1307 1719 enim,
1342 1671 1380 1708 in

405 1719 447 1735 'Y
483 1718 624 1763 Klibro
654 1726 803 1775 Soliloq.
825 1726 855 1774 ²¹²,
886 1727 1063 1775 reprobat
1090 1726 1190 1762 hanc
1213 1723 1226 1746 δ
1254 1725 1379 1762 notifi-

318 1778 506 1815 cationem
533 1780 631 1826 veri,
660 1792 793 1817 verum
822 1785 876 1816 est
902 1780 941 1816 id
969 1779 1070 1827 quod
1095 1779 1261 1815 videtur:
1290 1778 1380 1826 quia

179 1842 189 1859 ε
317 1832 529 1869 secundum
558 1833 644 1880 hoc,
673 1832 818 1882 lapides
847 1832 912 1880 qui
940 1840 1026 1869 sunt
1050 1838 1060 1852 ‘
1079 1832 1117 1868 in
1146 1831 1379 1868 abditissimo

316 1892 437 1921 terrae
475 1885 578 1932 sinu,
609 1898 688 1923 non
723 1893 847 1922 essent
874 1885 955 1922 veri
988 1884 1149 1934 lapides,
1184 1885 1273 1932 quia
1301 1897 1380 1921 non

316 1937 503 1975 videntur.
535 1939 730 1987 Reprobat
759 1938 872 1975 etiam
900 1938 1024 1983 istam,
1053 1949 1185 1975 verum
1210 1944 1264 1974 est
1280 1937 1381 1986 quod

316 1991 367 2027 ita
394 2002 434 2026 se
460 1992 571 2028 hahet
597 1998 638 2028 ut
657 1992 803 2028 videtur
830 1991 1028 2041 cognitori,
1053 1991 1088 2027 si
1103 1991 1192 2028 velit
1208 1996 1244 2027 et
1262 1991 1383 2039 possit

317 2055 563 2093 cognoscere:
592 2044 680 2092 quia
700 2044 912 2082 secundum
931 2045 1006 2081 hoc
1026 2051 1247 2093 sequeretur
1275 2044 1380 2092 quod

316 2096 406 2133 nihil
442 2105 540 2134 esset
566 2110 724 2145 verum,
754 2098 784 2134 si
817 2098 941 2134 nullus
973 2104 1103 2146 posset
1136 2109 1379 2145 cognoscere.

317 2150 365 2186 Et
394 2150 525 2187 definit
549 2150 601 2187 sic
629 2163 783 2188 verum:
810 2162 941 2187 verum
971 2156 1023 2187 est
1046 2150 1085 2187 id
1111 2151 1213 2198 quod
1238 2156 1300 2187 est.
1331 2151 1379 2186 Et

317 2202 369 2239 sic
396 2203 547 2240 videtur
579 2203 686 2252 quod
708 2203 847 2240 veritas
876 2203 920 2240 sit
949 2203 987 2240 in
1016 2203 1141 2250 rebus,
1171 2210 1207 2239 et
1234 2215 1312 2239 non
1342 2203 1380 2240 in

316 2255 517 2293 intellectu.

371 2321 405 2347 2.
436 2310 676 2355 Pam-Eam,
714 2308 897 2357 quidquid
936 2315 991 2345 est
1023 2319 1182 2354 verum,
1221 2308 1379 2346 veritate

315 2373 452 2399 verum
482 2369 547 2399 est.
579 2361 620 2398 Si
648 2360 759 2409 igitur
777 2361 916 2398 veritas
941 2368 997 2398 est
1016 2361 1054 2398 in
1073 2361 1263 2398 intellectu
1282 2362 1377 2410 solo,

316 2406 407 2451 nihil
435 2415 502 2451 erit
528 2427 665 2451 verum
693 2415 763 2451 nisi
787 2414 999 2451 secundum
1020 2414 1126 2462 quod
1145 2413 1378 2462 intelligitur:

316 2467 420 2517 quod
450 2475 505 2504 est
525 2480 629 2504 error
648 2468 891 2516 antiquorum
911 2467 1229 2516 philosophorum
1253 2467 1284 2515 ²⁸,
1314 2467 1379 2516 qui

317 2520 492 2558 dicebant
511 2520 525 2547 ς
554 2533 669 2558 omne
698 2521 802 2570 quod
830 2521 996 2567 videtur,
1027 2532 1110 2557 esse
1137 2533 1286 2558 verum.
1317 2521 1379 2558 Ad

317 2574 422 2622 quod
437 2573 605 2623 sequitur
624 2573 915 2611 contradictoria
935 2574 1046 2610 simul
1064 2586 1145 2610 esse
1160 2586 1268 2610 vera:
1291 2587 1378 2611 cum

175 2638 190 2667 ζ
318 2627 608 2664 contradictoria
622 2627 734 2664 simul
750 2640 771 2664 a
789 2627 946 2664 diversis
960 2639 1053 2664 vera
1069 2639 1151 2663 esse
1165 2626 1377 2664 videantur.

372 2682 406 2718 3.
428 2681 669 2727 PRAETEREA,
693 2686 850 2728 propter
877 2680 978 2728 quod
1004 2680 1314 2728 unumquodque,
1345 2686 1382 2717 et

79 2738 288 2787 's.‘³1‘³1?.'i¹e'0¹t¹.'v¹1⁵.''
317 2733 409 2770 illud
435 2733 570 2782 magis,
590 2741 631 2770 ut
649 2741 751 2782 patet
771 2735 784 2770 I
805 2734 944 2770 Poster.
965 2733 985 2755 ’¹‘
1003 2739 1028 2770 ”.
1051 2733 1128 2770 Sed
1149 2745 1198 2769 ex
1216 2746 1260 2770 eo
1280 2734 1381 2782 quod

175 2802 190 2825 η
317 2798 376 2822 res
408 2792 461 2823 est
495 2787 555 2823 vel
586 2799 659 2822 non
693 2792 769 2832 est,
804 2792 857 2823 est
888 2787 1012 2835 opinio
1046 2786 1106 2823 vel
1138 2787 1258 2823 oratio
1286 2798 1377 2824 vera

314 2839 375 2876 vel
399 2839 528 2888 falsa,
560 2839 773 2876 secundum
802 2839 1081 2888 Philosophum
1112 2839 1150 2876 in
1177 2839 1378 2876 Praedica-

316 2892 448 2929 mentis
475 2892 505 2929 ²¹².
528 2892 630 2939 Ergo
659 2892 798 2930 veritas
827 2892 948 2940 magis
978 2899 1033 2929 est
1058 2892 1096 2929 in
1122 2893 1234 2930 rebus
1263 2905 1378 2942 quam

177 2946 190 2972 ⁰
316 2945 354 2982 in
382 2945 571 2982 intellectu
587 2943 610 2981 ⁰.

370 2999 443 3035 SED
464 3010 609 3035 CONTRA
628 3010 693 3035 EST
713 2998 818 3046 quod
833 2998 1088 3047 Philosophus
1109 2998 1207 3045 dicit,
1224 2999 1275 3035 VI
1291 2998 1376 3035 Me-

315 3052 460 3100 taphys.
481 3051 512 3099 *‚
533 3051 638 3100 quod
665 3063 797 3088 verum
817 3052 1011 3099 etfalsum
1041 3064 1114 3088 non
1142 3057 1229 3088 sunt
1255 3051 1291 3088 in
1321 3063 1378 3087 re-

315 3105 393 3150 bus,
421 3105 488 3141 sed
514 3105 550 3141 in
580 3104 773 3141 intellectu.

368 3158 593 3194 RESPONDEO
623 3169 805 3194 D1CENDUM
832 3157 949 3205 quod,
971 3157 1065 3194 sicut
1084 3158 1231 3194 bonum
1255 3156 1379 3193 nomi-

315 3218 379 3247 nat
406 3210 443 3247 id
472 3210 510 3247 in
540 3210 644 3259 quod
673 3210 792 3247 tendit
820 3210 1031 3259 appetitus,
1066 3210 1115 3247 ita
1143 3222 1280 3247 verum
1312 3222 1379 3246 no—

314 3263 431 3300 minat
461 3263 498 3300 id
527 3263 565 3300 in
594 3263 698 3312 quod
726 3263 844 3300 tendit
876 3263 1095 3300 intellectus.
1136 3264 1222 3299 Hoc
1250 3270 1378 3300 autem

94 2504 153 2532 hys„
165 2510 216 2532 cap.
225 2511 245 2531 v,
252 2510 288 2531 v13

124 2536 175 2578 c31p.
190 2537 220 2556 vi,
236 2537 258 2552 n.
272 2537 288 2552 1.

78 2569 90 2573 -
101 2547 126 2579 S.
159 2557 181 2578 h.
197 2557 237 2579 lib.
248 2557 288 2584 ιν,

78 2584 159 2605 lect.1x
166 2584 288 2612 seqq.;X1,

80 2611 130 2632 lect.
142 2616 163 2631 v.

82 2902 90 2910 ·
106 2901 163 2930 Cap.
178 2908 209 2929 m,
224 2908 247 2924 n.
255 2908 289 2924 22.

78 3060 87 3068 ⁰
104 3058 129 3080 S.
139 3059 288 3082 Th.1ect.1v.

80 3085 287 3115 -Did.1ib.v‚cap.

76 3117 108 3139 lv,
124 3118 146 3134 n.
158 3118 174 3134 ι.

368 3378 394 3409 α)
414 3378 539 3402 scientiae
560 3377 618 3402 Dei.
635 3391 655 3396 -
673 3377 779 3402 divinae
798 3377 922 3402 scientiae
941 3377 994 3401 FG.

369 3411 394 3444 β)
413 3416 526 3437 tantum.
543 3426 563 3431 -
581 3413 642 3437 Om.
661 3413 771 3437 codiceS.

367 3448 393 3480 γ)
417 3447 505 3472 Tertio
560 3455 613 3473 ens.
632 3462 650 3466 —
674 3447 762 3473 Tertio
782 3452 871 3473 utrum
892 3454 982 3472 verum
1002 3451 1027 3472 et
1046 3455 1091 3473 ens
1110 3450 1302 3473 convertantur
1320 3446 1351 3471 G.

367 3482 392 3514 ὃ)
412 3483 487 3508 hanc.
506 3497 524 3502 -—
543 3483 604 3508 Om.
623 3483 743 3508 ACDEF.

368 3519 389 3550 ε)
410 3518 454 3550 qui
472 3522 541 3543 sunt.
559 3532 578 3536 —
597 3519 657 3543 Om.
684 3519 799 3548 codices;
819 3519 876 3542 edd.
898 3518 936 3543 ab
956 3524 1056 3550 ponunt
1078 3521 1142 3542 sunt
1166 3523 1224 3550 post
1243 3521 1340 3543 terrae.
1358 3529 1378 3536 -·

314 3553 364 3577 Pro
381 3553 554 3582 abditissimo,
573 3554 701 3578 altissimo
720 3554 883 3585 ACDEGpF.

367 3588 391 3620 ζ)
412 3588 541 3613 dicebant.
560 3603 579 3607 —
598 3596 688 3613 verum
709 3596 764 3614 esse
783 3589 879 3613 addunt
898 3589 951 3613 BD.

368 3623 394 3655 η)
416 3627 443 3648 u‘t
458 3627 534 3655 patet
556 3624 571 3648 Ι
586 3624 687 3648 Foster.
705 3637 724 3644 ι-
742 3624 802 3648 Om.
818 3625 920 3649 codices
939 3630 964 3648 et
983 3624 1023 3650 ed.
1037 3632 1062 3648 a.

1436 1565 1546 1602 distat
1573 1565 1669 1603 inter
1697 1566 1904 1615 appetitum
1934 1574 1969 1603 et
1997 1566 2240 1614 intellectum,
2262 1567 2342 1605 sive
2367 1579 2502 1616 quam-

1437 1631 1602 1668 cumque
1629 1619 1898 1667 cognitionem,
1919 1619 2009 1669 quia
2030 1619 2192 1668 cognitio
2214 1627 2269 1657 est
2288 1620 2502 1658 secundum

1436 1671 1541 1721 quod
1571 1672 1763 1720 cognitum
1794 1681 1849 1709 est
1867 1672 1905 1709 in
1926 1681 2200 1721 cognoscente:
2230 1673 2417 1722 appetitus
2436 1685 2501 1710 au-

1435 1732 1513 1761 tem
1543 1732 1598 1762 est
1626 1726 1838 1763 secundum
1867 1726 1972 1775 quod
2001 1734 2183 1775 appetens
2203 1733 2211 1746 ²
2238 1726 2437 1763 inclinatur
2463 1726 2502 1763 in
2633 1741 2643 1756 τ

1435 1778 1558 1827 ipsam
1579 1790 1660 1816 rem
1680 1778 1886 1827 appetitam
1905 1778 1935 1815 *.
1958 1779 2006 1815 Et
2026 1779 2078 1815 sic
2096 1779 2280 1816 terminus
2299 1780 2501 1828 appetitus,
2529 1788 2538 1798 ·
2553 1787 2585 1812 D·

1435 1831 1541 1879 quod
1558 1839 1613 1868 est
1628 1832 1787 1879 bonum,
1810 1839 1865 1868 est
1883 1831 1920 1868 in
1937 1844 1977 1868 re
1993 1831 2201 1881 appetibili:
2231 1832 2299 1869 sed
2318 1832 2502 1870 terminus

1436 1883 1671 1932 cognitionis,
1692 1884 1798 1932 quod
1819 1892 1873 1921 est
1892 1897 2041 1932 verum,
2063 1892 2118 1921 est
2136 1884 2174 1921 in
2194 1885 2277 1934 ipso
2297 1885 2498 1923 intellectu.

1491 1937 1595 1974 Sicut
1614 1945 1742 1974 autern
1768 1937 1916 1974 bonurn
1937 1945 1993 1974 est
2012 1937 2050 1975 in
2070 1950 2121 1986 re,
2143 1937 2369 1987 inquantum
2387 1938 2503 1976 habet

1436 1989 1610 2027 ordinem
1639 1991 1688 2028 ad
1717 1990 1949 2039 appetitum;
1979 1997 2016 2027 et
2043 1997 2199 2040 propter
2217 1991 2292 2028 hoc
2317 1991 2412 2028 ratio
2432 1991 2503 2028 bo-

1435 2042 1558 2080 nitatis
1588 2043 1780 2080 derivatur
1799 2056 1822 2080 a
1842 2056 1881 2080 re
1910 2043 2103 2092 appetibili
2130 2043 2169 2081 in
2198 2043 2419 2093 appetitum,
2445 2056 2503 2082 se—

1436 2096 1605 2133 cundum
1635 2097 1740 2145 quod
1769 2096 1956 2145 appetitus
1986 2097 2121 2134 dicitur
2145 2097 2283 2146 bonus,
2303 2104 2418 2146 prout
2446 2104 2502 2135 est

1435 2149 1543 2186 boni:
1572 2149 1634 2196 ita,
1665 2161 1754 2186 cum
1782 2161 1918 2187 verum
1945 2149 1990 2186 sit
2009 2150 2047 2187 in
2066 2150 2255 2187 intellectu
2290 2150 2503 2188 secundum

1436 2202 1542 2250 quod
1557 2202 1818 2239 conformatur
1837 2202 1890 2238 rei
1909 2202 2129 2250 intellectae,
2146 2215 2302 2240 necesse
2323 2211 2378 2241 est
2396 2204 2503 2253 quod

1436 2254 1529 2292 ratio
1549 2255 1631 2292 veri
1654 2255 1702 2291 ab
1731 2254 1918 2292 intellectu
1933 2261 1946 2275 ’²
1970 2255 2018 2292 ad
2047 2268 2129 2292 rem
2157 2255 2385 2304 intellectam
2406 2256 2503 2294 deri·
2628 2269 2646 2286 ’t

1434 2315 1557 2355 vetur,
1577 2315 1618 2344 ut
1638 2319 1697 2344 res
1726 2307 1839 2344 etiam
1868 2308 2055 2345 intellecta
2074 2321 2167 2345 vera
2188 2308 2344 2356 dicatur,
2365 2321 2500 2347 secun-

1436 2361 1530 2414 dum
1549 2361 1656 2408 quod
1673 2360 1790 2397 habet
1809 2360 1974 2410 aliquem
1991 2361 2165 2398 ordinem
2187 2361 2236 2399 ad
2255 2362 2499 2399 intellectum.

1488 2415 1565 2451 Res
1594 2421 1722 2450 autem
1751 2413 1936 2451 intellecta
1958 2412 1970 2434 λ
1999 2414 2046 2451 ad
2076 2414 2305 2462 intel-lectum
2333 2415 2500 2463 aliquem
2626 2417 2645 2443 λ

1421 2474 1559 2521 ,potest
1585 2466 1727 2503 habere
1756 2466 1931 2504 ordinem
1950 2468 2012 2503 vel
2037 2479 2106 2516 per
2133 2479 2186 2515 se,
2215 2468 2278 2505 vel
2305 2479 2376 2516 per
2403 2468 2500 2504 acci-

1418 2518 1539 2565 v2‘dens.
1574 2521 1648 2557 Per
1676 2532 1716 2556 se
1746 2519 1902 2568 quidem
1929 2520 2044 2557 habet
2073 2520 2247 2557 ordinem
2277 2521 2325 2558 ad
2359 2520 2499 2558 intelle-

1434 2580 1536 2610 ctum
1558 2585 1580 2610 a
1600 2585 1675 2622 quo
1710 2573 1901 2621 dependet
1928 2573 2139 2610 secundum
2160 2586 2274 2610 suum
2303 2586 2403 2611 esse:
2431 2586 2501 2623 per

1434 2626 1610 2663 accidens
1645 2633 1771 2662 autem
1808 2627 1855 2663 ad
1889 2626 2120 2663 intellectum
2146 2631 2166 2653 Ι·
2193 2639 2215 2663 a
2244 2639 2322 2675 quo
2358 2638 2499 2675 cogno·
2623 2639 2647 2665 l*

1434 2679 1571 2716 scibilis
1600 2686 1665 2716 est.
1697 2679 1802 2716 Sicut
1829 2678 1859 2715 si
1889 2679 2061 2716 dicamus
2094 2680 2198 2728 quod
2225 2679 2364 2717 domus
2393 2691 2500 2717 com-

1432 2740 1586 2781 paratur
1613 2731 1660 2769 ad
1689 2733 1919 2769 intellectum
1949 2732 2101 2769 artificis
2129 2745 2198 2781 per
2226 2745 2266 2770 se
2287 2739 2313 2780 ¹¹,
2341 2745 2412 2783 per
2438 2745 2499 2770 ac·
2625 2748 2639 2765 ν

1434 2785 1563 2823 cidens
1598 2792 1726 2822 autem
1762 2793 2006 2834 comparatur
2033 2786 2080 2823 ad
2110 2785 2339 2823 intellectum
2368 2798 2391 2823 a
2418 2798 2497 2835 quo

1433 2851 1511 2876 non
1531 2838 1732 2887 dependet.
1755 2838 1941 2875 Iudicium
1962 2846 2090 2876 autern
2110 2839 2157 2876 de
2178 2851 2218 2876 re
2237 2851 2316 2876 non
2337 2838 2498 2876 sumitur

1433 2891 1645 2929 secundum
1680 2891 1718 2928 id
1750 2891 1855 2940 quod
1888 2889 2016 2928 inest‘
2045 2891 2078 2928 ei
2105 2904 2175 2941 per
2202 2891 2399 2939 accidens,
2429 2891 2497 2929 sed
2573 2926 2576 2930 ,
2623 2895 2637 2927 ξ

1433 2944 1645 2982 secundum
1681 2943 1719 2981 id
1753 2944 1858 2992 quod
1887 2945 1983 2982 inest
2011 2944 2044 2981 ei
2076 2957 2145 2994 per
2173 2956 2224 2981 se.
2263 2944 2374 2981 Unde
2403 2956 2496 2981 una-

1433 3006 1607 3047 quaeque
1628 3009 1686 3034 res
1707 2997 1839 3034 dicitur
1853 3010 1945 3034 vera
1965 2998 2149 3043 absolute,
2166 2996 2377 3034 secundum
2398 2997 2498 3034 ordi—

1433 3063 1522 3087 nem
1542 3050 1590 3087 ad
1611 3050 1847 3103 intellectumv
1860 3063 1882 3087 a
1901 3063 1978 3099 quo
2006 3049 2194 3100 dependet
2207 3049 2238 3086 ²¹⁸.
2265 3050 2315 3086 Et
2333 3049 2421 3087 inde
2443 3057 2498 3087 est
2522 3058 2534 3070 ⁴
2549 3057 2578 3080 D·

1433 3104 1537 3152 quod
1567 3116 1626 3140 res
1655 3103 1865 3140 artificiales
1894 3104 2069 3141 dicuntur
2086 3114 2200 3140 verae
2224 3114 2293 3151 per
2321 3103 2497 3140 ordinem

1433 3156 1480 3193 ad
1500 3156 1730 3193 intellectum
1751 3164 1941 3193 nostrum:
1962 3155 2094 3194 dicitur
2114 3155 2214 3192 enim
2236 3157 2376 3194 domus
2389 3168 2495 3204 vera,

1433 3221 1531 3258 quae
1563 3209 1774 3257 assequitur
1811 3209 2092 3246 similitudinem
2125 3209 2270 3246 formae
2305 3221 2403 3258 quae
2442 3215 2498 3246 est

1432 3262 1470 3299 in
1499 3270 1626 3298 mente
1656 3261 1828 3310 artificis;
1860 3270 1895 3299 et
1919 3261 2053 3300 dicitur
2071 3261 2190 3298 oratio
2211 3274 2315 3310 vera,
2337 3262 2495 3310 inquan-

2595 3064 2653 3087 59⁴·-

1483 3374 1506 3408 θ)
1526 3383 1605 3408 quam
1625 3377 1650 3401 in
1671 3376 1813 3402 intellectu.
1830 3390 1849 3395 —
1868 3376 1929 3401 Om.
1947 3376 2058 3400 codices.

1484 3412 1502 3443 ι)
1522 3415 1655 3444 appetens.
1673 3426 1693 3431 —
1710 3412 1844 3444 appetitus
1863 3411 2008 3436 ABCDEG.

1484 3447 1509 3478 κ)
1529 3447 1561 3471 ab
1581 3447 1722 3472 intellectu.
1740 3461 1759 3466 -
1777 3447 1838 3471 Om.
1857 3445 2014 3471 ACEFGab.

1483 3480 1511 3513 λ)
1532 3482 1671 3507 intellecta.
1690 3495 1708 3501 —
1727 3482 1787 3507 Om.
1807 3481 1909 3506 codices
1929 3485 1953 3505 et
1972 3488 1988 3505 a
2000 3481 2022 3506 b.

1484 3517 1511 3550 μ.)
1527 3524 1579 3548 per
1596 3517 1719 3542 accidens
1736 3520 1825 3542 autem
1845 3516 1882 3540 ad
1901 3516 2070 3542 intellectum.
2089 3531 2107 3536 -
2126 3518 2187 3543 Om.
2206 3518 2307 3543 codices
2333 3522 2358 3542 et
2376 3517 2417 3542 ed.
2436 3524 2462 3542 α.
2475 3530 2494 3535 -

1432 3553 1499 3576 Ante
1518 3559 1534 3576 α
1554 3559 1605 3583 quo
1623 3553 1643 3576 B
1664 3552 1731 3576 addit
1750 3555 1784 3577 et.

1486 3587 1509 3618 ν)
1524 3594 1576 3619 per
1594 3594 1629 3612 se.
1648 3600 1667 3606 -
1685 3587 1746 3612 Om.
1766 3586 1867 3611 codices
1887 3592 1912 3612 et
1931 3587 1971 3612 cd.
1984 3595 2009 3612 α.

1487 3621 1510 3654 ξ)
1522 3622 1621 3647 frmi.-
1630 3625 1670 3647 est
1680 3622 1856 3654 BDCEFGpA
1868 3628 1918 3647 eta
1926 3623 1973 3647 b.-
1983 3623 2033 3647 Pro
2044 3631 2100 3657 seq.
2111 3624 2185 3652 inest,
2196 3626 2236 3648 est
2246 3622 2398 3654 CDEFGpA
2410 3627 2434 3647 et
2445 3629 2461 3646 a
2469 3622 2492 3647 b.
