2768 4178
0 3814 21 3843 ,

1054 298 1322 345 QUAESTIO
1351 299 1458 345 XXI,

362 374 587 413 siderandus
614 375 653 412 in
682 376 806 413 rebus.
838 377 957 422 Unus,
983 388 1060 425 quo
1090 376 1232 425 aliquid
1261 383 1431 413 creatum

362 427 559 466 ordinatur
578 429 626 466 ad
655 429 758 466 aliud
777 437 968 467 creatum:
996 429 1092 466 sicut
1108 437 1235 478 partes
1256 428 1431 466 ordinan—

361 489 422 518 tur
441 481 490 518 ad
509 488 644 530 totum,
666 490 703 519 et
730 482 937 519 accidentia
956 482 1006 519 ad
1025 482 1263 528 substantias,
1285 489 1321 519 et
1338 495 1431 519 una-

363 547 540 583 quaeque
569 548 630 572 res
668 536 717 572 ad
751 547 865 572 suum
897 535 1029 572 finem.
1064 535 1172 572 Alius
1200 535 1314 582 ordo,
1353 548 1430 584 quo

364 587 495 625 omnia
523 596 650 625 creata
678 587 903 626 ordinantur
929 588 970 624 in
997 589 1138 625 Deum.
1170 588 1232 625 Sic
1258 588 1368 636 igitur
1397 596 1433 625 et

364 640 535 678 debitum
555 641 697 678 attendi
715 648 840 689 potest
863 640 1059 689 dupliciter
1077 641 1115 678 in
1135 641 1357 690 operatione
1378 641 1431 678 di-

362 694 454 731 vina
469 693 508 730 *z
538 701 604 731 aut
622 694 836 730 secundum
856 695 961 742 quod
982 694 1124 742 aliquid
1144 694 1305 731 debetur
1328 695 1430 741 Deo;

363 754 428 783 aut
455 747 669 784 secundum
698 747 802 795 quod
831 746 972 796 aliquid
1005 748 1166 785 debetur
1193 747 1246 784 rei
1270 756 1430 785 creatae.

362 800 412 837 Et
434 806 595 848 utroque
625 799 744 837 modo
764 801 871 836 Deus
901 800 1072 838 debitum
1094 800 1227 838 reddit.
1249 802 1430 838 Debitum

363 851 466 889 enim
495 860 551 889 est
579 853 677 899 Deo,
697 860 740 889 ut
756 848 959 902 impleatur
978 854 1015 891 in
1036 854 1149 891 rebus
1168 854 1207 891 id
1226 856 1332 902 quod
1352 855 1431 892 eius

364 905 546 954 sapientia
579 913 616 942 et
647 906 826 943 voluntas
858 907 985 954 habet,
1016 914 1053 944 et
1084 907 1191 956 quod
1224 920 1334 944 suam
1363 909 1431 945 bo-

362 958 519 995 nitatem
539 958 774 996 manifestat:
810 967 847 997 et
879 960 1092 997 secundum
1112 961 1187 997 hoc
1205 960 1342 998 iustitia
1361 961 1432 998 Dei

363 1011 515 1061 respicit
543 1011 757 1050 decentiam
778 1013 907 1062 ipsius,
929 1014 1143 1050 secundum
1163 1026 1280 1062 quam
1309 1014 1433 1051 reddit

220 1072 236 1089 ²
363 1064 434 1102 sibi
453 1065 559 1114 quod
588 1065 658 1102 sibi
678 1066 848 1104 debetur.
869 1067 1052 1104 Debitum
1082 1066 1196 1103 etiam
1217 1074 1272 1103 est
1291 1067 1400 1104 alicui
1419 1074 1432 1088 ²

364 1118 420 1168 rei
447 1126 607 1165 creatae,
629 1119 734 1167 quod
762 1120 902 1157 habeat
926 1120 964 1157 id
988 1120 1095 1168 quod
1114 1119 1162 1157 ad
1183 1120 1306 1168 ipsam
1336 1120 1432 1157 ordi-

364 1178 492 1208 natur:
522 1172 617 1208 sicut
635 1172 794 1220 homini,
824 1174 928 1222 quod
947 1173 1087 1210 habeat
1105 1185 1255 1219 manus,
1272 1180 1309 1209 et
1328 1173 1432 1221 quod

365 1224 399 1261 ei
426 1225 498 1262 alia
526 1225 705 1265 animalia
725 1226 902 1263 serviant.
923 1227 973 1263 Et
1001 1226 1055 1262 sic
1074 1225 1188 1262 etiam
1217 1227 1323 1262 Deus
1343 1238 1434 1274 ope-

364 1284 468 1315 ratur
494 1278 691 1325 iustitiam,
720 1279 876 1327 quando
916 1279 980 1316 dat
1015 1278 1220 1326 unicuique
1254 1278 1360 1327 quod
1399 1278 1434 1315 ei

365 1330 525 1368 debetur
543 1332 756 1369 secundum
777 1331 963 1368 rationem
993 1343 1083 1368 suae
1108 1339 1264 1368 naturae
1290 1339 1326 1368 et
1346 1344 1434 1368 con-

365 1383 516 1421 ditionis
543 1383 567 1421 ².
590 1385 667 1422 Sed
695 1385 770 1421 hoc
798 1384 969 1422 debitum
995 1384 1186 1433 dependet
1215 1397 1259 1421 ex
1288 1385 1434 1433 primo:

121 697 134 709 ⁴
147 697 176 720 D.
191 697 255 725 1065.

418 1515 444 1548 κ)
462 1515 552 1540 alicui.
568 1528 588 1535 —
605 1515 718 1541 alicuius
736 1515 835 1541 ABCE.

417 1549 446 1584 λ)
465 1550 635 1576 conditionis.
653 1565 671 1570 —
689 1558 754 1575 suae
771 1551 933 1576 conditionis
951 1551 1052 1576 ACDE.

1488 298 1784 335 ARTICULUS
1814 300 1845 335 II

1486 376 1575 425 quia
1601 377 1677 413 hoc
1695 376 1900 425 unicuique
1930 377 2098 425 debetur,
2119 378 2225 428 quod
2249 386 2305 414 est
2333 378 2549 414 ordinatum

2474 301 2548 347 259

1486 429 1534 466 ad
1562 429 1689 478 ipsum
1709 431 1922 467 secundum
1943 431 2116 468 ordinem
2145 431 2297 468 divinae
2331 431 2561 479 sapientiae..

1486 483 1535 520 Et
1554 483 1640 520 licet
1667 484 1774 520 Deus
1793 483 1868 519 hoc
1896 484 2014 520 modo
2038 484 2207 521 debitum
2237 484 2346 520 alicui
2376 483 2450 530 det,
2471 496 2550 520 non

1485 543 1614 573 tamen
1642 536 1721 585 ipse
1742 544 1798 573 est
1817 535 1980 573 debitor:
2007 537 2095 585 quia
2122 537 2203 585 ipse
2224 537 2272 574 ad
2300 537 2372 573 alia
2393 549 2470 573 non
2490 549 2550 573 or-

1487 589 1647 636 dinatur,
1669 589 1737 626 sed
1763 589 1891 638 potius
1911 589 1984 626 alia
2003 589 2041 626 in
2059 597 2078 617 ¹⁴
2098 590 2235 638 ipsum.
2255 591 2305 626 Et
2331 589 2418 626 ideo
2448 590 2549 626 iusti-

1485 642 1536 679 tia
1564 642 1797 691 quandoque
1836 642 1971 680 dicitur
1998 642 2036 679 in
2064 644 2149 679 Deo
2180 643 2426 679 condecentia
2459 655 2549 680 suae

1485 694 1679 741 bonitatis;
1700 695 1933 745 quandoque
1952 708 2046 732 vero
2067 695 2258 732 retributio
2274 708 2344 744 pro
2365 696 2504 732 meritis
2518 695 2548 732 ²¹³.

1486 749 1535 785 Et
1563 756 1768 796 utrumque
1797 748 1960 785 modum
1979 748 2096 796 tangit
2119 750 2336 795 Anselmus,
2366 749 2494 786 dicens
2512 749 2549 786 *z

1487 813 1572 838 cum
1595 802 1711 850 punis
1738 801 1879 848 malos,
1910 802 2045 838 iustum
2075 807 2146 846 est,
2181 802 2269 850 quia
2298 801 2447 838 illorum
2476 814 2551 838 me-

1486 855 1566 891 ritis
1593 855 1783 899 convenit;
1812 866 1898 891 cum
1926 866 2016 891 vero
2030 854 2160 902 parcis
2188 854 2310 900 malis,
2332 854 2467 891 iustum
2487 861 2550 901 est,

1487 908 1575 956 quia
1603 908 1761 945 bonitati
1786 913 1872 944 tuae
1900 907 2103 944 condecens
2132 913 2194 944 est.

1540 963 1599 998 An
1620 972 1793 1003 QUARTUM
1816 972 2000 997 DICENDUM
2020 960 2139 1008 quod,
2163 960 2247 997 licet
2274 959 2409 996 iustitia
2438 960 2552 1009 respi-

1488 1013 1560 1050 ciat
1579 1021 1717 1060 actum,
1741 1026 1820 1050 non
1839 1021 1968 1050 tamen
1987 1026 2056 1062 per
2074 1014 2148 1050 hoc
2169 1013 2378 1050 excluditur
2397 1013 2488 1061 quin
2508 1014 2553 1050 sit

1489 1066 1649 1104 essentia
1677 1066 1766 1103 Dei:
1796 1066 1886 1114 quia
1914 1067 2028 1104 etiam
2048 1067 2086 1104 id
2111 1066 2217 1114 quod
2237 1074 2293 1103 est
2326 1066 2374 1103 de
2394 1066 2552 1102 essentia

1488 1120 1562 1167 rei,
1591 1127 1716 1168 potest
1744 1132 1826 1156 esse
1854 1119 2082 1168 principium
2108 1119 2275 1156 actionis.
2307 1119 2384 1156 Sed
2404 1119 2552 1156 bonum

1488 1185 1566 1209 non
1595 1184 1748 1221 semper
1782 1172 1931 1221 respicit
1959 1181 2102 1209 actum:
2134 1173 2221 1221 quia
2249 1172 2390 1220 aliquid
2419 1172 2554 1209 dicitur

1490 1238 1572 1262 esse
1592 1226 1752 1272 bonum,
1778 1238 1857 1262 non
1877 1227 2001 1263 solum
2021 1226 2232 1262 secundum
2256 1225 2360 1274 quod
2380 1225 2464 1273 agit,
2486 1226 2553 1262 sed

1491 1278 1604 1315 etiam
1633 1278 1844 1315 secundum
1874 1279 1980 1327 quod
2003 1279 2042 1315 in
2062 1291 2129 1315 sua
2159 1279 2320 1315 essentia
2342 1279 2552 1327 perfectum

1492 1339 1557 1368 est.
1588 1331 1637 1367 Et
1664 1339 1820 1380 propter
1846 1332 1920 1367 hoc
1948 1331 2090 1368 ibidem
2117 1331 2250 1368 dicitur
2282 1331 2386 1380 quod
2406 1332 2552 1368 bonum

1492 1391 1735 1432 comparatur
1759 1384 1807 1421 ad
1827 1384 1980 1431 iustum,
2003 1385 2097 1421 sicut
2116 1385 2289 1431 generale
2311 1384 2358 1421 ad
2379 1383 2551 1433 speciale.

1545 1517 1572 1551 μ.)
1593 1517 1629 1541 ἰη.
1646 1530 1666 1535 -
1684 1517 1721 1541 ad
1739 1516 1836 1541 BCDF.

1052 1639 1384 1672 Commentaria
1407 1639 1656 1672 cardinalis
1679 1639 1877 1672 Caietani

424 1737 546 1764 nunus,
574 1733 611 1759 ut
633 1727 697 1758 iam
720 1733 806 1768 patet
829 1737 866 1758 ex
889 1727 979 1759 dictis
1001 1728 1031 1765 *,
1058 1728 1181 1769 quaerit
1211 1734 1321 1759 utrum
1345 1728 1434 1759 iusti-

424 1771 467 1802 tia
489 1772 529 1802 sit
551 1771 724 1803 formaliter
746 1771 779 1801 in
802 1771 883 1802 Deo.

417 1815 453 1846 In
477 1826 610 1856 corpore
634 1816 699 1847 duo
732 1815 815 1846 facit.
839 1816 946 1847 Primo
971 1817 1057 1848 enim
1086 1817 1250 1857 distinguit
1280 1816 1433 1847 iustitiam

363 1859 397 1890 in
421 1859 499 1890 duas
527 1860 662 1901 species:
688 1860 806 1891 scilicet
836 1862 1116 1898 commutativam,
1137 1868 1167 1892 et
1191 1861 1433 1892 distributivam.

363 1903 522 1940 Secunde,
546 1905 718 1955 respondet
740 1904 884 1945 quaesito
909 1905 1032 1936 duabus
1056 1905 1328 1942 conclusionibus,
1348 1905 1434 1936 iuxta

363 1958 537 1979 numerum
560 1949 737 1989 specierum
760 1948 905 1979 iustitiae.

422 1993 460 2024 ΙΙ.
483 1993 590 2023 Prima
618 1993 781 2024 conclusio
807 2001 852 2024 est
880 1985 1038 2033 negativa:
1068 1995 1104 2025 In
1127 1995 1196 2025 Deo
1221 2004 1287 2024 non
1316 2000 1363 2024 est
1385 1994 1432 2024 iu-

363 2036 447 2068 stitia
471 2038 708 2068 commutativa.
735 2056 754 2060 -
777 2038 933 2068 Probatur
955 2039 1140 2070 auctoritate
1163 2037 1330 2079 Apostoli:
1361 2039 1433 2079 quis

357 2082 454 2122 prior
477 2088 535 2112 etc.

415 2125 560 2157 Secunda
575 2133 622 2157 est
637 2125 836 2156 affirmativa:
857 2127 893 2157 In
909 2127 978 2157 Deo
995 2133 1041 2158 est
1055 2126 1173 2158 iustitia
1192 2125 1397 2157 distributiva.
1411 2144 1432 2148 -

363 2170 405 2200 Et
428 2171 588 2210 probatur.
606 2170 727 2201 Iustitia
742 2170 938 2201 distributiva
954 2178 1010 2207 est,
1027 2171 1204 2202 secundum
1220 2181 1318 2211 quam
1342 2171 1433 2201 datur

364 2214 537 2255 unicuique
561 2215 738 2245 secundum
755 2225 846 2245 suam
869 2215 1070 2255 dignitatem:
1095 2225 1169 2255 ergo
1190 2215 1270 2245 ordo
1294 2214 1431 2245 universi

364 2259 560 2289 demonstrat
582 2259 642 2289 Dei
666 2258 834 2290 iustitiam:
859 2259 954 2299 igitur
977 2259 1011 2289 in
1032 2269 1070 2290 eo
1090 2266 1136 2290 est
1159 2258 1286 2289 iustitia.
1306 2276 1327 2281 -
1343 2258 1432 2290 Con-

364 2302 528 2344 sequentia
550 2303 703 2343 probatur
718 2313 756 2334 ex
778 2303 1026 2344 proportionali:
1051 2303 1126 2344 quia
1150 2303 1231 2334 sicut
1246 2303 1326 2333 ordo
1342 2302 1432 2333 fami-

362 2347 423 2378 liae
454 2356 614 2387 congruus
645 2348 783 2378 ostendit
815 2347 967 2379 iustitiam
989 2348 1023 2378 in
1045 2348 1258 2388 gubernante,
1285 2347 1327 2378 ita
1351 2347 1431 2377 ordo

364 2391 502 2422 universi
526 2398 584 2422 etc.
604 2392 646 2422 Et
668 2391 874 2423 confirmatur
896 2392 1080 2423 auctoritate
1103 2391 1259 2433 Dionysii.

420 2435 472 2466 111.
493 2435 585 2467 Circa
599 2436 736 2476 primam
756 2437 996 2467 conclusionem
1012 2436 1147 2467 dubium
1163 2443 1218 2467 est.
1235 2437 1324 2466 Tum
1351 2446 1432 2476 quo-

363 2479 452 2511 niam
474 2480 591 2511 falsum
613 2480 738 2511 videtur
766 2480 799 2511 in
822 2481 892 2511 Deo
924 2491 991 2511 non
1015 2491 1081 2511 esse
1111 2481 1263 2512 iustitiam
1287 2490 1432 2510 commu-

363 2524 504 2555 tativam.
529 2524 694 2562 Quoniam
715 2525 819 2555 forma
843 2524 939 2555 divini
957 2525 1066 2556 iudicii
1088 2525 1124 2556 fit
1146 2526 1322 2556 secundum
1345 2524 1433 2567 iusti-

364 2568 443 2599 tiam
467 2569 738 2605 commutativam,
759 2569 838 2599 dum
860 2577 1080 2610 recompensat
1096 2577 1127 2601 et
1149 2570 1288 2610 praemia
1303 2569 1432 2605 meritis,

367 2619 398 2643 et
421 2612 576 2652 supplicia
599 2613 747 2653 peccatis;
771 2620 807 2643 ut
829 2623 972 2654 expresse
995 2616 1117 2645 Auctor
1141 2614 1215 2645 dicit
1238 2614 1271 2644 in
1295 2614 1337 2644 Ha
1359 2614 1431 2650 11³0,

367 2666 422 2697 qu.
438 2667 499 2693 ιιι,
516 2664 572 2687 art.
587 2666 619 2696 4,
635 2657 675 2687 ad
697 2668 722 2687 1.
739 2674 758 2680 -
781 2658 870 2688 Turn
889 2658 1043 2699 quoniam
1059 2658 1205 2698 probatio
1230 2669 1296 2689 non
1311 2658 1434 2689 videtur

368 2699 536 2732 sufficiens.
553 2701 717 2738 Quoniam
733 2701 773 2731 ad
789 2702 941 2733 iustitiam
957 2703 1217 2734 commutativam
1233 2709 1352 2743 spectat
1367 2712 1433 2732 non

368 2745 476 2776 solum
498 2745 679 2782 retributio,
705 2746 760 2776 sed
783 2746 878 2776 etiam
907 2746 976 2787 ipsa
999 2747 1086 2787 prior
1109 2747 1211 2778 datio:
1237 2757 1303 2778 non
1326 2747 1434 2777 solum

1137 2900 1457 2943 ARTICULUS

1489 1728 1576 1758 enim
1599 1728 1730 1768 emptio,
1756 1728 1810 1758 sed
1834 1727 1928 1758 etiam
1951 1729 2091 1759 venditio
2115 1729 2233 1760 iustitia
2260 1730 2484 1761 commutativa
2507 1741 2553 1761 re-

1489 1772 1624 1813 gulatur.
1650 1773 1691 1803 Et
1714 1779 1879 1813 propterea
1899 1782 1935 1802 ex
1958 1773 2124 1812 negatione
2154 1774 2283 1804 secundi
2306 1781 2393 1805 actus
2416 1774 2449 1804 in
2473 1775 2552 1814 Deo,

1489 1827 1556 1847 non
1579 1816 1703 1847 videtur
1725 1816 1915 1847 sufficienter
1942 1816 2027 1847 illata
2055 1818 2180 1857 negatio
2203 1818 2272 1848 talis
2295 1818 2447 1849 iustitiae:
2472 1829 2553 1859 quo-

1488 1861 1575 1891 niam
1599 1861 1735 1891 salvatur
1759 1860 1854 1891 etiam
1876 1860 1909 1890 in
1934 1861 2038 1900 primo
2062 1869 2143 1892 actu.

1540 1905 1593 1936 1V.
1614 1905 1665 1935 Ad
1688 1905 1764 1935 haec
1780 1905 1962 1944 retrogrado
1979 1905 2088 1936 ordine
2105 1907 2321 1946 respondetur,
2339 1907 2428 1947 quod
2443 1914 2554 1937 neuter

1487 1956 1576 1980 actus
1606 1949 1852 1980 commutativae
1881 1948 2016 1980 iustitiae
2046 1950 2155 1980 locum
2182 1950 2276 1981 habet
2305 1950 2338 1980 in
2368 1951 2453 1981 Deo:
2479 1951 2553 1991 quia

1488 1993 1568 2024 sicut
1584 2003 1650 2024 non
1675 2000 1780 2034 potest
1796 1993 1868 2022 dare
1893 2003 1950 2033 pro
1975 1994 2119 2034 acceptis,
2136 1994 2179 2025 ita
2202 2005 2259 2025 nec
2278 2001 2383 2034 potest
2402 1995 2474 2025 dare
2493 2005 2552 2035 pro

1487 2038 1694 2077 accipiendis;
1718 2038 1797 2068 nihil
1821 2037 1906 2067 enim
1930 2037 1987 2067 sibi
2012 2048 2049 2068 ex
2071 2038 2217 2069 creaturis
2241 2049 2412 2072 accrescere
2435 2046 2550 2078 potest.

1487 2082 1672 2113 Excluditur
1695 2092 1836 2123 quoque,
1854 2091 1891 2111 ex
1909 2082 1971 2112 hoc
1987 2082 2077 2122 quod
2100 2093 2195 2113 nemo
2212 2090 2316 2122 potest
2331 2083 2416 2123 prius
2433 2083 2552 2123 aliquid

1488 2126 1560 2156 dare
1583 2126 1663 2163 Deo,
1681 2133 1814 2167 uterque
1830 2131 1917 2155 actus
1941 2127 1979 2156 ab
2003 2126 2092 2166 ipso:
2114 2127 2277 2167 quoniam,
2295 2128 2320 2157 si
2337 2137 2431 2157 nemo
2449 2134 2552 2167 potest

1487 2170 1574 2210 prius
1598 2171 1680 2206 dare,
1698 2179 1895 2211 consequens
1919 2177 1965 2200 est
1988 2171 2077 2210 quod
2101 2181 2196 2201 nemo
2225 2172 2325 2211 possit
2352 2171 2551 2212 aequivalens

1487 2215 1629 2250 reddere;
1650 2221 1680 2245 et
1700 2221 1928 2255 consequenter
1951 2215 2040 2254 quod
2059 2215 2145 2245 Deus
2169 2225 2234 2245 non
2254 2215 2354 2255 possit
2369 2225 2427 2255 pro
2444 2215 2550 2255 aequi-

1487 2258 1609 2289 valente
1633 2259 1815 2299 accipiendo
1840 2259 1922 2288 dare.
1943 2259 1984 2288 Et
2007 2259 2050 2289 sic
2074 2259 2302 2290 commutativa
2323 2259 2449 2295 iustitia,
2471 2269 2552 2300 quae

1487 2303 1709 2343 aequalitatem
1732 2303 1812 2333 inter
1836 2303 1946 2333 datum
1974 2310 2004 2333 et
2027 2310 2192 2344 acceptum
2215 2303 2302 2340 facit,
2325 2304 2434 2334 locum
2457 2303 2490 2333 in
2513 2313 2551 2334 eo

1486 2346 1600 2377 habere
1623 2357 1689 2378 non
1712 2353 1826 2387 potest.

1540 2391 1591 2421 Ad
1614 2391 1750 2432 primam
1773 2401 1848 2421 vero
1873 2391 1994 2428 dicitur,
2011 2392 2099 2432 quod
2123 2391 2195 2421 inde
2219 2402 2285 2422 non
2304 2398 2408 2432 potest
2430 2391 2550 2427 haberi,
2572 2420 2575 2423 ,

2676 598 2694 623 μ.

2579 703 2587 711 ·
2602 701 2630 723 D.
2646 702 2698 724 802.

2579 756 2588 764 ”
2603 754 2728 783 Proslogii
2737 761 2758 776 c.

1488 2435 1547 2466 nisi
1571 2433 1660 2476 quod
1683 2436 1814 2476 quidam
1830 2436 1946 2466 modus
1970 2436 2214 2466 commutativae
2233 2436 2368 2467 iustitiae
2391 2436 2425 2466 in
2447 2436 2553 2466 divina
2580 2453 2585 2459 ι

1488 2480 1707 2510 distributione
1731 2486 1878 2516 servatur,
1895 2480 1974 2510 dum
1997 2490 2055 2520 pro
2079 2480 2237 2510 demeritis
2260 2480 2422 2520 supplicia,
2440 2487 2470 2510 et
2493 2490 2551 2520 pro

1488 2524 1607 2555 meritis
1630 2524 1770 2564 praemia
1793 2524 1961 2563 dispensat.
1989 2524 2050 2554 Hic
2080 2530 2187 2554 autem
2210 2524 2382 2555 intenditur
2408 2525 2496 2565 quod
2520 2524 2552 2554 in

1487 2569 1557 2599 Deo
1581 2579 1648 2599 non
1672 2575 1717 2599 est
1739 2568 1808 2608 ipsa
1831 2568 1948 2598 iustitia
1971 2568 2206 2599 commutativa.

1545 2613 1582 2644 V.
1604 2613 1638 2642 In
1662 2612 1868 2652 responsione
1891 2612 1930 2642 ad
1953 2612 2090 2648 tertium,
2112 2613 2236 2643 adverte
2261 2612 2437 2643 doctrinam
2460 2612 2552 2642 tradi-

1488 2663 1553 2687 tam
1568 2657 1601 2687 in
1621 2657 1646 2686 Il
1669 2656 1760 2687 Cont.
1783 2656 1887 2693 Germ,
1904 2656 1937 2685 in
1956 2666 2023 2696 cap.
2040 2666 2133 2686 xxvm
2149 2663 2179 2687 et
2193 2666 2278 2687 xxm:
2301 2663 2332 2687 et
2347 2657 2460 2687 melius
2476 2657 2552 2686 haec

1488 2701 1651 2740 intelliges,
1668 2701 1778 2730 videns
1802 2700 1890 2740 quod
1911 2700 1972 2730 hoc
1995 2700 2102 2740 potius
2126 2707 2172 2731 est
2187 2701 2308 2732 iustum
2332 2701 2552 2731 condecentiae

1488 2745 1520 2776 in
1545 2745 1655 2776 ordine
1679 2745 1718 2775 ad
1742 2745 1857 2780 Deum,
1875 2754 1973 2785 quam
1996 2744 2178 2785 simpliciter
2201 2745 2330 2776 iustum.

1488 2899 1788 2941 SECUNDUS

982 2994 1170 3025 UTRUM
1201 2993 1445 3025 IUSTITIA
1476 2993 1565 3024 DEI
1599 2992 1682 3023 SIT
1714 2991 1940 3023 VERITAS

1151 3073 1185 3097 1v
1205 3073 1287 3102 Sent„
1310 3072 1368 3098 dist.
1386 3080 1458 3103 xxm,
1479 3079 1524 3104 qu.
1542 3079 1560 3100 1.
1580 3076 1626 3096 art.
1645 3079 1665 3102 r,
1686 3072 1733 3103 qu·
1750 3070 1774 3095 3.

412 3179 469 3219 :⁵
511 3190 521 3199 ,
556 3174 607 3199 n
626 3174 816 3199 SECUNDUM
835 3173 888 3198 sm
903 3173 1140 3199 PROCEmTUR.
1156 3162 1316 3199 Videtur
1355 3161 1435 3198 uod

406 3174 720 3269 Qiustitia
741 3215 813 3252 Dei
833 3227 911 3252 non
935 3215 981 3252 sit
997 3215 1149 3253 veritas.
1171 3215 1313 3252 Iustitia
1330 3174 1435 3252 {nim

391 3204 526 3345 ’ζῖςς
524 3251 555 3308 ’ἦ
586 3276 642 3306 est
659 3268 698 3305 in
716 3269 928 3306 voluntate:
960 3275 1015 3304 est
1043 3268 1145 3305 enim
1164 3269 1343 3305 rectitudo
1371 3279 1435 3304 νο-

432 3332 443 3346 *
431 3293 754 3367 ffwwuntatis,
783 3329 826 3358 ut
864 3320 950 3358 dicit
985 3322 1190 3358 Anselmus
1221 3321 1256 3357 ²¹².
1287 3321 1435 3358 Veritas

374 3381 502 3412 autem
521 3381 576 3411 est
594 3374 633 3411 in
651 3374 854 3422 intellectu,
871 3375 1082 3411 secundum
1101 3374 1405 3423 Philosophum
1397 3386 1436 3410 1n

373 3428 425 3464 VI
444 3427 660 3476 Metaphys.
680 3427 712 3474 *,
743 3434 779 3464 et
805 3427 844 3464 in
862 3427 914 3464 VI
933 3427 1053 3464 Ethic.
1069 3426 1140 3448 *³³⁵⁸
1169 3428 1270 3476 Ergo
1299 3427 1436 3464 iustitia

374 3493 453 3518 non
481 3480 643 3529 pertinet
670 3481 719 3517 ad
745 3480 956 3518 veritatem.

429 3545 464 3570 2.
485 3534 722 3580 PRAETEREA,
750 3533 901 3581 veritas,
927 3532 1138 3570 secundum
1158 3532 1436 3581 Philosophum

132 3330 187 3385 ῑᾶῗξ
186 3330 334 3385 ‘effi

131 3404 229 3480 Scin}
230 3406 282 3459 ,θξῖῐ
291 3411 345 3459 gp.

233 3490 346 3513 1¹¹¹··-3

230 3511 281 3533 lect.
295 3517 319 3533 ιι.

230 3547 248 3564 α

280 3330 346 3352 eVe-

133 3431 161 3453 D*

134 3463 204 3484 rv..n

133 3474 237 3533 §.tr-1

1490 3160 1528 3198 in
1559 3161 1609 3196 IV
1627 3159 1747 3196 Ethic.
1763 3158 1794 3206 ³¹²,
1822 3166 1878 3196 est
1904 3159 2095 3208 quaedam
2125 3158 2195 3195 alia
2222 3158 2340 3195 virtus
2360 3171 2382 3195 a
2402 3158 2550 3196 iustitia.

1491 3214 1582 3250 Non
1611 3225 1700 3260 ergo
1727 3211 1867 3249 veritas
1893 3211 2055 3271 pertinet
2073 3211 2122 3248 ad
2141 3211 2326 3248 rationem
2354 3211 2524 3248 iustitiae.

1545 3267 1619 3302 SED
1635 3277 1780 3302 CONTRA
1794 3277 1861 3302 Esr
1875 3265 2002 3314 quod
1994 3277 2033 3301 ιιι
2051 3265 2204 3300 Psalmo
2219 3276 2350 3300 Lxxxw
2364 3263 2384 3286 '¹‘
2403 3264 2552 3302 dicitur.

1490 3318 1747 3356 misericordia
1775 3324 1812 3355 et
1836 3319 1974 3355 veritas
1999 3318 2245 3354 obviaverunt
2265 3317 2353 3362 sibi;
2382 3326 2418 3354 et
2445 3318 2553 3367 poni-

1490 3380 1549 3409 tur
1577 3371 1628 3408 ibi
1655 3371 1793 3408 veritas
1819 3383 1890 3420 pro
1919 3370 2066 3407 iustitia.

1544 3426 1769 3461 REsponnEo
1798 3435 1980 3461 monimum
2010 3422 2114 3472 quod
2150 3422 2289 3460 veritas
2318 3423 2484 3460 consistit
2515 3423 2553 3460 in

1491 3477 1767 3525 adaequatione
1795 3477 2003 3513 intellectus
2037 3483 2073 3512 et
2101 3475 2165 3523 rei,
2191 3475 2285 3512 sicut
2313 3488 2427 3525 supra
2453 3476 2473 3498 '¹‘
2500 3476 2553 3514 di-

1493 3540 1594 3568 ctum
1630 3538 1695 3567 est.
1736 3530 1947 3566 Intellectus
1981 3537 2108 3566 autem
2146 3529 2210 3577 qui
2245 3536 2299 3566 est
2334 3541 2446 3566 causa
2480 3529 2550 3576 rei,

430 3648 457 3681 α)
476 3650 503 3672 et
521 3647 548 3672 in
571 3646 611 3671 VI
621 3646 707 3671 Ethic.
719 3660 738 3666 —-
755 3647 796 3671 vel
815 3646 970 3671 Etht'corum
989 3647 1065 3676 ΑΕΒ,
1082 3648 1123 3672 vel
1142 3647 1168 3672 in
1188 3646 1228 3671 VI
1242 3647 1397 3672 Ethicorum
1416 3646 1460 3676 Fh,
1479 3653 1532 3670 om.
1551 3645 1647 3670 BDGa.

2581 3166 2661 3214 ⁸3⁰3:
2667 3172 2712 3214 12¹2.
2716 3172 2766 3214 Ἢ

2581 3280 2672 3302 'Vers.
2684 3286 2710 3301 ιι.

2581 3485 2590 3494 ‘
2606 3483 2654 3511 Qu.
2664 3488 2709 3510 xvi,
2724 3486 2767 3504 art.
