2768 4178
59 1513 70 1523 ⁸
85 1512 151 1534 νει-ι.
162 1518 182 1541 3.

60 1725 70 1735 '
86 1725 153 1747 Vers.
164 1731 197 1751 4¹·

58 2048 67 2058 ⁴
84 2048 135 2069 Art.
150 2053 170 2068 2.

298 260 369 296 126

292 339 378 388 plus
406 337 622 385 intelligere.
662 336 740 374 Sed
773 348 909 373 omnes
936 335 1112 374 videntes
1139 337 1268 373 Deum
1294 347 1364 385 per

294 390 518 438 essentiam,
555 389 766 438 intelligunt
802 389 875 426 Dei
913 389 1136 426 essentiam:
1174 389 1364 426 intellectu

295 444 396 482 enim
414 443 567 482 videtur
586 443 705 490 Deus,
726 453 806 479 non
825 455 940 480 sensu
958 441 988 490 β,
1017 449 1058 479 ut
1077 454 1192 490 supra
1211 441 1231 463 ’¹‘
1258 441 1364 479 habi-

293 505 377 535 tum
397 504 463 534 est.
493 497 596 545 Ergo
615 495 829 534 videntium
854 495 1025 533 divinam
1046 494 1245 532 essentiam
1264 507 1363 532 unus

297 550 370 589 alio
399 562 479 587 non
507 548 644 586 clarius
671 548 786 586 videt.

351 605 385 641 3.
414 604 658 650 Pium-mm,
688 603 823 652 quod⁷
846 601 989 651 aliquid
1017 601 1135 638 altero
1163 601 1364 649 perfectius

293 656 480 704 videatur,
497 668 543 693 ex
557 655 711 693 duobus
726 655 944 703 contingere
957 661 1100 704 potest:
1119 654 1183 691 vel
1199 665 1242 690 ex
1258 661 1364 703 parte

296 709 434 747 obiecti
469 707 649 756 visibilis;
677 709 740 746 vel
778 720 824 745 ex
856 715 962 757 parte
997 706 1190 756 potentiae
1218 707 1364 744 visivae

294 762 471 801 videntis.
501 763 560 799 Ex
587 769 694 811 parte
723 768 854 798 autem
882 760 1032 808 obiecti,
1060 772 1130 809 per
1156 760 1231 797 hoc
1260 761 1365 809 quod

297 816 491 854 obiectum
519 814 722 864 perfectius
748 814 788 852 in
815 813 969 852 vidente
997 813 1191 862 recipitur,
1226 812 1367 850 scilicet

297 869 510 907 secundum
541 867 808 918 perfectiorem
841 866 1137 904 similitudinem.
1177 866 1296 913 Quod
1328 866 1366 903 in

296 922 494 972 proposito
522 922 653 959 locum
673 933 752 958 non
779 920 914 957 habet:
944 921 1050 957 Deus
1072 919 1176 956 enim
1195 931 1275 956 non
1298 931 1367 968 per

297 975 465 1024 aliquam
498 974 804 1020 similitudinem,
839 973 906 1010 sed
939 985 1009 1022 per
1045 972 1125 1009 eius
1164 972 1367 1010 essentiam

295 1041 479 1078 praesens
516 1034 572 1064 est
608 1026 812 1064 intellectui
850 1025 1053 1064 essentiam
1092 1025 1172 1063 eius
1208 1025 1365 1063 videnti.

297 1081 537 1129 Relinquitur
572 1092 661 1128 ergo
690 1080 795 1129 quod
816 1077 846 1127 ὃ,
876 1079 907 1116 si
935 1091 1034 1116 unus
1062 1079 1136 1116 alio
1165 1078 1368 1128 perfectius

298 1147 388 1172 eum
407 1134 549 1181 videat,
578 1132 683 1182 quod
711 1133 786 1170 hoc
805 1132 851 1170 sit
879 1131 1092 1170 secundum
1112 1132 1367 1170 differentiam

296 1187 489 1237 potentiae
517 1185 780 1223 intellectivae.
810 1187 859 1223 Et
877 1185 929 1222 ita
948 1185 1117 1235 sequitur
1134 1186 1242 1235 quod
1261 1185 1368 1223 cuius

296 1240 468 1290 potentia
486 1239 714 1277 intellectiva
742 1238 960 1276 naturaliter
982 1246 1038 1276 est
1065 1239 1274 1287 sublimior,
1295 1239 1367 1276 cla-

299 1294 374 1331 rius
409 1306 498 1331 eum
524 1292 666 1331 videat.
705 1293 824 1340 Quod
852 1300 908 1330 est
944 1292 1240 1341 inconveniens,
1280 1305 1369 1330 cum

298 1346 518 1384 hominibus
552 1346 794 1396 promittatur
825 1345 864 1383 in
893 1345 1124 1384 beatitudine
1162 1345 1368 1395 aequalitas

300 1401 536 1449 angelorum.

355 1454 429 1490 SED
459 1464 605 1490 CONTRA
633 1465 699 1490 EST
727 1452 833 1501 quod
860 1451 939 1489 vita
972 1459 1126 1489 aeterna
1153 1451 1193 1490 in
1220 1452 1368 1490 visione

300 1507 373 1544 Dei
402 1505 589 1554 consistit,
628 1506 841 1543 secundum
877 1505 970 1542 illud
999 1506 1104 1543 Ioan.
1124 1505 1248 1543 xvn*:
1277 1507 1370 1543 haec

299 1566 353 1598 est
379 1560 455 1597 vita
478 1565 645 1606 aeterna,
666 1567 736 1597 etc.
761 1567 772 1583 ε
801 1560 931 1607 Ergo„
947 1559 978 1596 si
1002 1571 1139 1596 omnes
1164 1559 1371 1607 aequaliter

300 1613 372 1650 Dei
410 1613 614 1651 essentiam
650 1612 808 1661 vident,
846 1612 885 1649 in
921 1611 1001 1650 vita
1038 1620 1192 1650 aeterna
1233 1625 1370 1650 omnes

302 1674 410 1703 erunt
429 1667 619 1714 aequales.
651 1666 769 1703 Cuius
789 1665 1021 1703 contrarium
1042 1665 1130 1703 dicit
1148 1667 1369 1715 Apostolus,

302 1722 314 1756 1
342 1721 429 1757 Cor.
450 1720 549 1757 xv*:
578 1719 684 1757 stella
712 1719 840 1770 differt
865 1731 889 1756 a
916 1719 1021 1756 stella
1050 1719 1087 1756 in
1117 1719 1297 1756 claritate.

356 1774 582 1810 RESPONDEO
602 1785 787 1811 melerinum
802 1771 909 1821 quod
922 1771 1137 1810 videntium
1153 1773 1281 1810 Deum
1302 1785 1372 1822 per

303 1826 506 1863 essentiam
524 1839 624 1864 unus
643 1825 716 1864 alio
736 1825 938 1875 perfectius
959 1838 1048 1862 eum
1067 1825 1223 1864 videbit.
1254 1825 1372 1873 Quod

302 1879 459 1928 quidem
488 1892 567 1917 non
597 1880 665 1917 erit
691 1891 760 1928 per
787 1878 955 1927 aliquam
983 1879 1056 1916 Dei
1084 1878 1371 1916 similitudinem

301 1932 567 1982 perfectiorem
597 1933 635 1970 in
663 1945 743 1970 uno
764 1943 881 1982 quarn
900 1931 940 1969 in
959 1932 1055 1969 alio:
1086 1944 1175 1969 curn
1195 1932 1256 1969 illa
1273 1931 1371 1970 visio

302 1998 381 2023 non
396 1986 441 2023 sit
461 1986 586 2023 futura
605 1998 674 2035 per
688 1985 856 2035 aliquam
876 1984 1176 2033 similitudinem,
1191 1993 1233 2022 ut
1248 1993 1372 2023 osten-

302 2051 388 2076 sum
419 2046 474 2076 est
486 2039 518 2077 *.
549 2039 626 2077 Sed
654 2040 729 2076 hoc
758 2039 914 2088 erit·per
931 2038 1018 2087 hoc,
1039 2038 1146 2088 quod
1165 2038 1374 2076 intellectus

300 2092 414 2130 unius
442 2092 599 2130 habebit
632 2092 820 2130 maiorem
849 2092 1030 2131 virtutem
1059 2105 1127 2130 seu
1156 2092 1373 2130 facultatem

301 2146 351 2183 ad
378 2145 592 2184 videndum
620 2147 770 2192 Deum,
809 2159 927 2195 quam
956 2145 1108 2183 alterius
1134 2145 1159 2183 ς.
1198 2146 1228 2183 F
1232 2146 1374 2183 acultas

302 2206 431 2236 autern
469 2199 626 2237 videndi
665 2200 793 2236 Deum
832 2212 911 2236 non
949 2198 1130 2247 competit
1171 2198 1373 2236 intellectui

357 2331 382 2364 β)
401 2338 487 2357 sensu.
506 2345 525 2350 -
543 2331 600 2356 visu
620 2331 696 2361 ΑΘΕ,
710 2338 788 2356 sensu
808 2332 848 2356 vel
867 2331 924 2356 visu
944 2331 974 2356 B.

354 2368 381 2401 γ)
401 2367 480 2399 quod.
499 2381 517 2386 -
536 2371 565 2392 ut
583 2367 612 2391 B.
630 2380 650 2385 -
667 2366 718 2391 Pro
736 2367 832 2397 altero,
846 2366 901 2392 alio
920 2366 974 2392 BD.
989 2381 1007 2385 -
1019 2366 1070 2391 Pro
1089 2366 1222 2395 videatur,
1238 2366 1327 2391 videat
1341 2367 1374 2390 A.

355 2402 379 2435 δ)
398 2402 478 2436 quod.
496 2416 515 2421 -
535 2402 596 2427 Om.
612 2402 723 2427 codices.
741 2416 759 2421 -
778 2403 829 2427 Pro
847 2402 1000 2432 secundum,
1011 2409 1063 2434 per
1082 2401 1203 2427 ABCDE.

355 2439 376 2470 ε)
397 2441 446 2463 etc.
464 2452 483 2457 -
502 2441 531 2463 ut
549 2441 714 2471 cognoscant
732 2441 759 2463 te
778 2438 865 2463 Deum
884 2444 977 2463 verum
996 2437 1140 2463 ABCDEF.

354 2474 380 2507 ζ)
399 2474 519 2499 alterius.
536 2486 556 2492 —
574 2473 643 2498 alius
661 2473 823 2498 ABCDEFa.

354 2511 381 2541 η)
401 2509 444 2534 ibi.
465 2523 482 2528 —
500 2509 562 2534 Om.
575 2508 718 2534 ABCDEF.

991 257 1259 304 QUAESTIO
1289 257 1377 305 XII,
1407 258 1704 295 ARTICULUS
1720 258 1783 301 ,Vl

1418 343 1545 373 creato
1573 337 1786 374 secundum
1806 349 1916 374 suam
1941 344 2134 385 naturam,
2164 337 2232 375 sed
2260 350 2330 387 per
2356 338 2488 376 lumen

1417 389 1571 438 gloriae,
1592 390 1697 439 quod
1715 390 1948 428 intellectum
1979 390 2017 427 in
2047 390 2215 439 quadam
2236 390 2487 429 deiformitate

1419 442 1619 491 constituit,
1639 450 1682 480 ut
1701 455 1747 480 ex
1774 443 2035 493 superioribus
2053 443 2073 465 ²⁸
2099 450 2214 493 patet.
2244 443 2355 482 Unde
2383 444 2488 482 intel-

1418 496 1536 533 lectus
1564 497 1650 545 plus
1676 496 1906 546 participans
1935 497 1983 534 de
2011 496 2157 534 lumine
2177 497 2338 546 gloriae,
2365 498 2488 546 perfe-

1419 549 1513 587 ctius
1546 550 1675 587 Deum
1702 549 1859 588 videbit.
1897 551 1989 588 Plus
2017 558 2146 588 autem
2174 549 2412 599 participabit
2440 551 2488 588 de

1418 602 1562 639 lumine
1590 602 1743 651 gloriae,
1773 603 1839 652 qui
1866 604 1952 652 plus
1979 604 2096 641 habet
2123 603 2171 641 de
2196 603 2370 641 caritate:
2399 603 2489 652 quia

1418 655 1485 692 ubi
1515 662 1570 692 est
1595 655 1719 693 maior
1738 657 1884 704 caritas,
1905 656 1956 693 ibi
1971 665 1987 688 ἰ
2008 664 2063 694 est
2086 657 2210 694 maius
2239 656 2487 704 desiderium3

1420 716 1456 745 et
1489 708 1720 746 desiderium
1758 710 2050 759 quodammodo
2085 710 2172 747 facit
2209 709 2488 748 desiderantem

1420 768 1553 810 aptum
1582 769 1620 799 et
1646 770 1823 811 paratum
1842 760 1856 783 ⁰
1883 762 1933 800 ad
1962 763 2245 813 susceptionem
2274 763 2487 801 desiderati.

1420 813 1533 851 Unde
1571 815 1636 863 qui
1671 816 1756 863 plus
1792 816 1948 853 habebit
1985 817 2032 854 de
2070 816 2223 854 caritate
2239 846 2248 864 ,
2286 816 2489 866 perfectius

1421 867 1550 904 Deum
1573 874 1581 888 ·
1607 867 1764 915 videbit,
1796 876 1833 905 et
1860 869 2006 906 beatior
2033 870 2112 907 erit.

1474 921 1533 956 An
1562 931 1700 957 Palmum
1728 932 1826 958 ERGO
1858 934 2043 960 mesanum
2073 923 2196 972 quod,
2232 935 2320 960 cum
2354 923 2490 961 dicitur

1420 972 1629 1010 videbimus
1657 985 1743 1010 eum
1770 973 1881 1010 sicuti
1906 980 1970 1021 est,
1999 976 2074 1012 hoc
2103 975 2328 1014 adverbium
2355 976 2464 1014 sicuti
2476 982 2490 997 ¹³

1422 1025 1650 1064 determinat
1685 1027 1848 1064 modum
1879 1026 2038 1065 visionis
2067 1041 2113 1066 ex
2144 1037 2252 1078 parte
2280 1029 2335 1067 rei
2361 1029 2489 1076 visae3

1421 1086 1463 1116 ut
1490 1078 1537 1116 sit
1565 1091 1720 1127 sensus,
1748 1080 1956 1118 videbimus
1983 1093 2070 1118 eum
2099 1081 2150 1119 ita
2177 1094 2257 1120 esse
2282 1083 2392 1120 sicuti
2417 1088 2491 1129 est,

1422 1132 1512 1182 quia
1540 1132 1668 1182 ipsum
1698 1145 1782 1170 esse
1816 1133 1896 1171 eius
1923 1132 2162 1182 videbimus,
2192 1135 2299 1184 quod
2327 1143 2384 1173 est
2411 1135 2493 1173 eius

1423 1185 1598 1223 essentia.
1628 1186 1720 1223 Non
1749 1193 1877 1223 autern
1907 1186 2134 1224 determinat
2151 1188 2316 1226 modum
2333 1188 2493 1226 visionis

1423 1251 1469 1276 ex
1496 1246 1603 1288 parte
1622 1238 1798 1288 videntis,
1818 1247 1860 1277 ut
1879 1240 1925 1277 sit
1953 1252 2098 1288 sensus,
2120 1241 2226 1290 quod
2244 1240 2295 1278 ita
2315 1241 2383 1279 erit
2408 1253 2494 1291 per-

1422 1293 1543 1330 fectus
1571 1292 1712 1330 modus
1730 1292 1900 1342 videndi,
1930 1293 2026 1331 sicut
2045 1302 2102 1331 est
2129 1293 2168 1332 in
2195 1295 2281 1331 Deo
2304 1294 2494 1344 perfectus

1422 1345 1563 1384 modus
1591 1345 1754 1384 essendi.

1477 1399 1527 1436 Et
1543 1399 1709 1448 per‘hoc
1737 1399 1850 1436 etiam
1864 1397 1877 1420 ³
1899 1407 2002 1449 patet
2029 1400 2167 1437 solutio
2187 1401 2238 1438 ad
2265 1400 2493 1439 secundum.

1424 1452 1527 1490 Cum
1563 1451 1666 1489 enim
1705 1452 1840 1490 dicitur
1873 1453 1979 1502 quod
2013 1465 2095 1491 rem
2132 1465 2251 1491 unam
2288 1466 2388 1492 unus
2421 1454 2495 1492 alio

1424 1505 1561 1542 melius
1590 1517 1668 1543 non
1683 1511 1703 1532 ‘⁴
1729 1505 1909 1554 intelligit,
1930 1507 2005 1544 hoc
2032 1507 2149 1544 habet
2166 1506 2368 1545 veritatem
2387 1506 2418 1545 si
2438 1518 2495 1545 re·

1424 1559 1564 1596 feratur
1593 1558 1643 1596 ad
1670 1558 1833 1596 modum
1862 1559 1916 1596 rei
1945 1559 2171 1597 intellectae:
2206 1559 2295 1610 quia
2322 1560 2495 1610 quicum-

1425 1624 1501 1662 que
1527 1611 1695 1660 intelligit
1723 1625 1805 1650 rem
1835 1625 1918 1650 esse
1946 1612 2052 1650 aliter
2080 1625 2198 1661 quam
2227 1613 2285 1661 sit,
2305 1625 2384 1652 non
2402 1625 2495 1652 vere

1424 1665 1602 1714 intelligit.
1624 1666 1718 1703 Non
1736 1673 1866 1703 autem
1886 1665 1917 1703 si
1937 1666 2119 1704 referatur
2138 1666 2188 1704 ad
2206 1666 2371 1704 modum
2390 1666 2498 1705 intel-

1424 1719 1584 1767 ligendi:
1613 1718 1702 1768 quia
1726 1719 1930 1768 intelligere
1949 1719 2062 1757 unius
2082 1726 2138 1757 est
2155 1719 2359 1769 perfectius
2378 1731 2496 1770 quam

1426 1771 1631 1821 intelligere
1659 1772 1822 1810 alterius.
2004 1820 2006 1823 r
2374 1814 2378 1817 ,

1479 1827 1538 1863 An
1566 1837 1727 1863 reanum
1755 1837 1939 1863 mcennum
1972 1826 2079 1874 quod
2107 1825 2304 1864 diversitas
2341 1825 2499 1864 videndi

1427 1891 1505 1916 non
1534 1878 1603 1916 erit
1631 1890 1677 1915 ex
1704 1886 1810 1927 parte
1848 1878 2006 1926 obiecti,
2040 1878 2130 1927 quia
2161 1879 2266 1917 idem
2303 1879 2498 1919 obiectum

1427 1931 1609 1969 omnibus
1632 1931 1947 1981 praesentabitur,
1964 1931 2105 1969 scilicet
2123 1931 2196 1969 Dei
2216 1932 2399 1970 essentia:
2427 1944 2500 1970 nec

1428 1997 1474 2022 ex
1501 1984 1652 2023 diversa
1689 1985 1976 2035 participatione
2013 1985 2151 2022 obiecti
2174 1997 2254 2035 per
2282 1983 2500 2024 differentes

1427 2037 1712 2076 similitudines:
1747 2039 1815 2077 sed
1849 2038 1918 2076 erit
1943 2050 2013 2088 per
2051 2038 2243 2076 diversam
2281 2038 2500 2077 facultatem

1427 2091 1647 2139 intellectus,
1668 2103 1748 2129 non
1767 2091 1924 2141 quidem
1949 2092 2174 2141 naturalem,
2195 2091 2263 2130 sed
2282 2091 2500 2141 gloriosam,

1428 2153 1469 2183 ut
1497 2144 1641 2183 dictum
1671 2152 1726 2182 est
1745 2144 1776 2182 ³³⁶.

1481 2329 1505 2363 θ)
1524 2333 1619 2363 aptum
1638 2334 1664 2356 et
1679 2334 1818 2363 paratum.
1836 2345 1855 2350 —
1872 2334 1997 2363 apertum
2016 2334 2043 2356 et
2057 2332 2184 2364 patulum
2197 2331 2320 2364 ACEFG,
2332 2334 2456 2364 apertum
2474 2335 2502 2358 et

1424 2366 1537 2399 paulum
1556 2366 1588 2395 D,
1602 2369 1726 2399 apertum
1745 2370 1772 2392 et
1785 2369 1916 2399 paratum
1935 2367 1975 2392 ed.
1991 2374 2016 2392 a.

1482 2402 1500 2434 ι)
1522 2401 1618 2427 Deum.
1635 2415 1654 2421 —
1672 2409 1732 2427 eum
1751 2401 1895 2427 ABCDEF.

1481 2437 1508 2469 x)
1527 2437 1577 2462 hoc
1594 2437 1751 2462 adverbium
1770 2437 1858 2463 sicuti.
1876 2451 1894 2456 -
1912 2437 2067 2463 adverbium
2086 2437 2134 2463 Fa.

1481 2471 1511 2503 λ)
1530 2472 1620 2498 etiam.
1639 2487 1658 2492 -
1676 2473 1738 2498 Om.
1757 2473 1811 2498 BD.

1483 2509 1511 2542 μ)
1531 2508 1624 2534 melius
1644 2515 1705 2534 non.
1723 2522 1741 2528 -
1761 2515 1812 2533 non
1834 2508 1919 2542 magis
1939 2508 2050 2534 codices.

984 2605 1318 2639 commentaria
1340 2604 1592 2638 Oannnalis
1613 2604 1814 2638 Caietam

365 2714 472 2734 nunus
501 2703 614 2734 clarus.
645 2720 663 2726 -
693 2703 727 2733 In
760 2713 893 2744 corpore
927 2703 995 2734 tria.
1027 2703 1155 2742 Primo,
1184 2703 1376 2744 proponitur

306 2716 529 2779 Tconclusio
557 2747 740 2788 responsiva
763 2748 907 2789 quaesito
937 2747 1135 2784 affirmative,
1162 2747 1295 2779 scilicet:
1320 2747 1375 2778 Vi-

304 2792 449 2824 dentium
479 2792 585 2823 Deum
614 2801 697 2822 unus
730 2791 899 2832 perfectius
925 2792 1044 2823 videbit
1074 2802 1173 2833 quam
1201 2791 1291 2823 alius.
1318 2792 1373 2823 Se-

304 2837 428 2874 cundo,
454 2836 630 2867 excluditur
655 2835 732 2866 falsa
755 2835 851 2867 huius
876 2846 978 2868 causa.
1013 2837 1139 2876 Tertio,
1163 2837 1316 2878 probatur
1339 2847 1375 2867 ex

305 2891 378 2912 vera
402 2891 505 2912 causa.

361 2925 398 2956 11.
416 2925 533 2963 Quoad
549 2924 736 2961 secundum,
761 2925 886 2956 adverte
903 2926 992 2966 quod
1016 2925 1102 2956 idem
1122 2925 1284 2957 obiectum
1308 2935 1375 2957 me-

304 2970 366 3001 lius
390 2970 427 3000 ab
452 2979 519 3000 uno
543 2969 641 3000 videri
665 2979 763 3010 quam
787 2970 825 3000 ab
850 2969 922 3005 alio,
947 2979 984 3000 ex
1007 2970 1136 3001 duobus
1159 2969 1234 3001 oriri
1258 2976 1373 3011 potest.

305 3014 424 3050 Primo,
441 3013 516 3054 quia
532 3023 588 3054 per
603 3013 831 3054 limpidiorem—
843 3014 981 3054 speciem
1001 3014 1039 3045 ab
1055 3024 1120 3045 uno
1137 3014 1260 3045 videtur
1275 3024 1375 3055 quam

306 3059 344 3089 ab
369 3058 445 3088 alio:
470 3058 551 3089 sicut
574 3057 754 3098 experimur
769 3058 858 3099 quod
883 3068 938 3099 per
954 3058 1091 3099 speciem
1115 3059 1147 3089 in
1171 3068 1241 3089 aere
1260 3058 1374 3089 melius

305 3103 450 3133 videmus
466 3112 564 3144 quam
580 3112 636 3143 per
652 3111 723 3133 eam
746 3102 778 3132 in
802 3112 894 3143 aqua,
912 3110 942 3133 et
956 3113 1012 3143 per
1028 3103 1160 3134 meliora
1181 3102 1321 3134 ocularia
1335 3102 1374 3133 si-

306 3147 431 3178 militer.
448 3146 596 3178 Secundo
613 3145 708 3177 etiam
732 3146 805 3177 oriri
822 3153 926 3187 potest
942 3157 978 3177 ex
994 3147 1135 3178 acutiore
1150 3147 1230 3178 visu.
1243 3165 1263 3170 -
1274 3147 1373 3178 Patet.

306 3191 412 3223 Stante
437 3201 577 3232 namque
600 3190 761 3222 identitate
789 3190 918 3222 visibilis
943 3201 1017 3222 cum
1049 3191 1236 3233 aequalitate
1259 3191 1374 3232 speciei

306 3242 337 3267 et
359 3235 474 3266 visivae
498 3235 631 3272 virtutis,
647 3234 843 3276 impossibile
867 3242 913 3266 est
936 3235 1052 3276 fingere
1076 3236 1162 3267 unde
1185 3235 1299 3266 melior
1321 3234 1375 3266 fiat

306 3279 402 3310 visio:
428 3279 574 3311 distantia
592 3289 731 3320 namque
755 3286 786 3310 et
809 3279 962 3316 medium,
980 3287 1048 3317 etc.,
1069 3280 1178 3311 omnia
1196 3280 1237 3311 ad
1259 3279 1374 3320 speciei

307 3323 491 3365 qualitatem
515 3330 665 3365 spectant.
679 3341 698 3346 -
709 3323 826 3355 Littera
842 3334 916 3364 ergo
933 3324 1069 3365 primam
1086 3334 1215 3356 causam
1239 3323 1375 3355 excludit

307 3367 505 3404 sufficienter,
523 3378 559 3399 ex
582 3368 643 3399 hoc
667 3368 757 3410 quod
772 3368 852 3399 visio
877 3368 930 3398 illa
947 3378 1013 3399 non
1030 3376 1076 3400 est
1099 3369 1206 3401 futura
1228 3378 1285 3410 per
1303 3378 1373 3409 spe-

308 3412 402 3443 ciem:
428 3413 601 3444 secundam
624 3419 732 3444 autem
755 3412 964 3454 amplectitur.

1483 2703 1536 2735 111.
1560 2703 1677 2742 Quoad
1701 2703 1848 2739 tertium,
1873 2703 2025 2744 probatur
2048 2702 2213 2734 conclusio
2236 2703 2290 2735 sic.
2315 2702 2501 2735 videntium

1430 2747 1537 2779 Deum
1567 2757 1651 2779 unus
1683 2747 1746 2778 alio
1777 2747 1871 2779 habet
1894 2747 2049 2778 maiorem
2082 2747 2256 2779 caritatem:
2287 2757 2362 2789 ergo
2396 2747 2500 2779 maius

1431 2791 1638 2823 desiderium:
1664 2801 1739 2832 ergo
1763 2798 1810 2823 est
1832 2792 1934 2832 magis
1949 2798 2042 2833 aptus
2066 2799 2096 2824 et
2119 2798 2246 2834 paratus
2263 2792 2304 2823 ad
2326 2790 2501 2834 susceptio-

1429 2846 1504 2868 nem
1526 2835 1602 2867 Dei:
1628 2845 1703 2876 ergo
1719 2836 1814 2867 habet
1829 2836 1932 2867 maius
1956 2836 2066 2868 lumen
2089 2835 2223 2877 gloriae:
2249 2845 2324 2876 ergo
2344 2836 2500 2868 maiorem

1429 2880 1611 2912 facultatem
1643 2880 1683 2911 ad
1710 2880 1886 2911 videndum
1918 2881 2045 2912 Deum:
2077 2890 2153 2922 ergo
2184 2879 2352 2922 perfectius
2381 2878 2501 2912 videbit

1429 2925 1535 2956 Deum
1558 2935 1657 2967 quarn
1680 2924 1771 2956 alius.
1788 2942 1806 2948 -
1822 2925 2020 2956 Antecedens
2041 2924 2243 2966 supponitur.
2267 2923 2373 2955 Prima
2389 2933 2498 2956 conae-

1429 2969 1558 3011 quentia
1582 2976 1658 3001 nota
1677 2976 1723 3000 est
1746 2979 1782 3000 ex
1798 2969 1950 3006 terminis,
1967 2979 2042 3000 cum
2064 2969 2203 3000 secunda
2218 2974 2249 2999 et
2263 2968 2364 3001 tertia.
2377 2967 2500 3000 Caritas

1429 3014 1515 3045 enim
1538 3014 1608 3055 ipsa
1631 3021 1676 3045 est
1700 3013 1892 3045 desiderium
1915 3013 1992 3044 Dei:
2022 3012 2213 3045 desiderium
2243 3019 2352 3044 autem
2375 3018 2499 3044 constat

1428 3058 1702 3099 praeparationem
1734 3068 1884 3098 magnam
1915 3068 1982 3089 esse
2013 3057 2053 3088 ad
2085 3056 2250 3088 desiderati
2283 3056 2498 3098 complexum.

1428 3103 1555 3134 Lumen
1578 3112 1653 3133 vero
1681 3102 1800 3143 gloriae
1823 3102 1901 3133 nihil
1925 3102 2011 3133 aliud
2034 3111 2101 3133 esse
2124 3111 2223 3143 quam
2254 3100 2499 3143 dispositionem

1429 3147 1468 3177 ad
1491 3146 1550 3177 Dei
1574 3146 1820 3187 susceptionem,
1844 3146 1908 3177 iam
1931 3146 2053 3178 dictum
2076 3153 2123 3177 est
2144 3145 2177 3175 *2
2203 3152 2234 3177 et
2252 3152 2419 3187 propterea
2446 3145 2498 3176 de-
2526 3150 2537 3162 ⁸

1428 3190 1533 3222 siderii
1562 3190 1729 3232 quantitati
1762 3191 1952 3232 respondere
1976 3195 2117 3232 oportet,
2142 3190 2222 3221 sicut
2254 3189 2500 3231 dispositionem

1428 3234 1597 3276 aptitudini
1613 3241 1644 3266 et
1660 3234 1900 3276 praeparationi.
1919 3235 2039 3273 Quarta
2054 3240 2163 3265 autem
2182 3234 2409 3276 consequentia
2427 3243 2499 3275 pro-

1428 3280 1535 3310 batur:
1561 3279 1637 3321 quia
1660 3289 1725 3310 non
1749 3286 1889 3316 naturae,
1908 3278 1963 3310 sed
1985 3278 2104 3319 gloriae
2127 3278 2236 3310 lumen
2261 3277 2424 3310 constituit
2446 3277 2495 3309 in-

1428 3323 1588 3355 tellectum
1612 3325 1645 3354 in
1669 3324 1809 3365 quadam
1839 3322 2066 3359 deiformitate;
2092 3332 2127 3353 ex
2155 3323 2216 3354 hoc
2247 3332 2386 3365 namque
2408 3322 2498 3364 quod

1428 3367 1552 3399 divinae
1577 3374 1706 3399 naturae
1730 3367 1896 3409 participes
1920 3366 2025 3404 fimus,
2050 3377 2223 3408 possumus
2247 3367 2355 3409 ipsum
2381 3365 2496 3398 videre.

1428 3411 1548 3443 Ultima
1572 3419 1679 3444 autem
1702 3418 1797 3454 patet.

1496 3560 1549 3567 m

2516 456 2525 465 ·
2539 456 2591 477 Art.
2606 455 2711 483 praeced.
