2768 4178
92 1566 101 1575 ⁹
116 1565 154 1586 Ps.
164 1571 219 1592 cxn,
229 1571 252 1591 4.

90 2419 100 2429 ·
115 2417 182 2439 Vers.
194 2423 225 2444 ¹4-

92 2632 100 2640 ·
117 2630 184 2652 Vers.
197 2636 226 2652 12.

340 277 388 312 82
1044 275 1313 322 QUAESTIO
1342 276 1446 323 VIII,
1476 276 1775 314 ARTICULUS
1807 278 1820 312 I

1044 449 1459 527 QUAESTIO
1499 451 1834 506 OCTAVA

849 566 943 605 DE
992 563 1449 605 EXISTENTIA
1497 565 1620 605 DEI
1668 565 1739 605 IN
1789 566 2027 607 REBUS

1135 671 1169 695 IN
1200 670 1371 701 QUATUOR
1398 671 1601 697 ARTICULOS
1629 673 1746 697 DIVISA

465 825 608 874 ubique
643 831 680 861 et
707 824 747 861 in
775 822 954 860 omnibus
983 821 1048 865 sit,
1084 820 1407 858 considerandum

337 887 392 916 est
419 887 549 915 utrum
577 878 654 915 hoc
681 879 768 915 Deo
798 875 1003 913 conveniat
1022 882 1050 911 α.

336 933 385 970 Et
414 932 512 969 circa
540 932 615 968 hoc
644 938 878 980 quaeruntur
906 936 1083 978 quatuor.

387 985 542 1022 Primo:
571 993 699 1022 utrum
727 985 833 1020 Deus
862 982 908 1019 sit
936 982 974 1019 in
1004 980 1182 1019 omnibus
1212 980 1337 1017 rebus.

342 743 526 880 Qum
557 783 652 808 vero
686 770 834 807 infinito
872 768 1077 806 convenire
1111 767 1264 805 videtur
1300 769 1408 817 quod

1517 768 1720 805 Secundo:
1750 776 1878 805 utrum
1908 770 2014 806 Deus
2042 769 2088 806 sit
2116 770 2270 819 ubique.

1516 821 1671 859 Tertio:
1700 829 1829 858 utrum
1855 822 1966 859 Deus
1994 822 2040 859 sit
2062 823 2206 883 ubique
2234 836 2305 874 per
2331 823 2536 862 essentiam

1571 881 1607 910 et
1625 872 1642 902 Ρ
1661 874 1874 923 potentiam
1903 883 1940 912 et
1966 877 2238 925 praesentiam.

1517 926 1687 973 Quarto:
1717 934 1846 964 utrum
1876 940 1958 966 esse
1986 929 2130 979 ubique
2155 930 2202 967 sit
2220 931 2420 980 proprium
2450 930 2535 968 Dei.

1157 1089 1478 1132 ARTICULUS
1510 1089 1719 1132 PRIMUS

1020 1183 1176 1214 UTRUM
1200 1182 1312 1213 DEUS
1336 1182 1404 1214 SIT
1429 1182 1471 1213 IN
1496 1182 1688 1214 OMNIBUS
1712 1184 1850 1215 Rssssus

950 1263 959 1287 1
980 1263 1064 1292 Sent„

364 1360 427 1406 μὴ»
452 1387 455 1392 ,
467 1368 521 1418 ξ(
545 1358 566 1383 D
595 1356 733 1382 PRIMUM
762 1356 815 1381 5ιο
845 1355 1085 1381 PRocEmTUR.
1115 1343 1275 1381 Videtur
1298 1343 1423 1392 quod

363 1389 524 1459 &55⁴
544 1400 650 1436 Deus
670 1410 749 1435 non
768 1397 815 1434 sit
833 1397 872 1434 in
901 1397 1081 1434 omnibus
1101 1397 1216 1434 rebus
1231 1401 1257 1433 ⁷.
1286 1396 1405 1443 Quod

348 1432 511 1532 ’μγ-«ι
481 1437 657 1489 ''enim
674 1459 729 1488 est
749 1463 865 1500 supra
883 1450 1027 1498 omnia,
1048 1463 1127 1488 non
1149 1458 1204 1487 est
1223 1450 1262 1487 in
1281 1449 1405 1487 omni-

387 1481 485 1539 '‘I-³²)
501 1498 616 1542 &bus
645 1505 771 1541 rebus.
803 1503 881 1541 Sed
910 1505 1016 1541 Deus
1041 1511 1098 1541 est
1117 1515 1233 1552 supra
1259 1503 1402 1551 omnia,

331 1559 544 1596 secundum
573 1558 665 1595 illud
694 1557 837 1594 Psalmi
855 1557 895 1593 *ε
925 1557 1108 1594 Excelsus
1135 1568 1249 1606 super
1276 1568 1406 1594 omnes

329 1618 459 1663 gentes
478 1612 678 1658 Dominus,
697 1618 765 1648 etc.
793 1611 895 1659 Ergo
921 1612 1028 1648 Deus
1048 1623 1127 1648 non
1147 1619 1204 1648 est
1223 1610 1261 1647 in
1282 1610 1405 1647 omni-

331 1667 403 1703 bus
431 1666 558 1703 rebus.

386 1732 420 1757 2.
451 1720 695 1765 PRAETEREA,
725 1716 832 1766 quod
862 1724 916 1754 est
944 1717 983 1754 in
1012 1716 1162 1766 aliquo,
1192 1716 1405 1754 continetur

331 1774 379 1810 ab
409 1785 468 1810 eo.
509 1772 587 1809 Sed
619 1773 726 1808 Deus
760 1782 840 1807 non
878 1770 1093 1807 continetur
1120 1782 1143 1807 a
1171 1771 1305 1818 rebus,
1336 1770 1405 1807 sed

331 1826 451 1875 magis
471 1825 640 1862 continet
659 1837 719 1861 res
739 1821 763 1861 ὃ.
794 1824 896 1871 Ergo
917 1824 1024 1860 Deus
1044 1836 1123 1861 non
1144 1831 1200 1861 est
1219 1824 1256 1861 in
1276 1824 1403 1870 rebus,

331 1880 400 1917 sed
428 1879 549 1927 magis
578 1891 637 1915 res
666 1886 753 1914 sunt
780 1876 819 1914 in
848 1889 908 1913 eo.
939 1877 1051 1915 Unde
1081 1877 1334 1926 Augustinus,
1365 1853 1404 1914 iri

330 1934 427 1970 libro
470 1932 668 1982 Octoginta
706 1931 820 1967 trium
854 1930 1003 1972 Quaest.
1024 1930 1064 1978 *,
1095 1930 1184 1968 dicit
1221 1930 1327 1980 quod
1366 1931 1403 1967 in

331 1987 410 2035 ipso
426 1994 436 2010 ⁵
461 1986 588 2034 potius
619 1990 707 2021 sunt
733 1983 874 2029 omnia,
904 1995 1019 2032 quam
1049 1984 1127 2032 ipse
1153 1984 1303 2021 alicubi.

386 2041 421 2077 3.
447 2040 681 2084 PRAETEREA,
703 2044 846 2086 quanto
876 2037 1031 2086 aliquod
1051 2049 1168 2085 agens
1188 2044 1243 2074 est
1261 2037 1404 2074 virtuo-

331 2093 420 2140 sius,
441 2099 546 2129 tanto
567 2091 616 2128 ad
636 2091 649 2117 ἔ
677 2090 800 2139 magis
825 2089 967 2127 distans
996 2090 1077 2127 eius
1101 2090 1200 2128 actio
1218 2090 1402 2140 procedit.

332 2147 410 2184 Sed
437 2147 544 2183 Deus
573 2151 629 2181 est
655 2143 978 2181 virtuosissimum
1016 2156 1144 2192 agens.
1189 2145 1292 2192 Ergo
1322 2143 1403 2180 eius

330 2198 428 2236 actio
448 2194 661 2248 pertingere
680 2204 805 2246 potest
824 2197 874 2234 ad
893 2209 940 2233 ea
960 2196 1074 2234 etiam
1089 2202 1102 2219 ’¹
1131 2209 1230 2245 quae
1251 2197 1299 2234 ab
1318 2196 1403 2246 ipso

331 2252 485 2290 distant:
515 2263 586 2288 nec
615 2257 766 2299 oportet
793 2250 898 2298 quod
926 2249 972 2286 sit
998 2249 1038 2286 in
1066 2249 1258 2287 omnibus.

383 2317 420 2352 4.
451 2306 686 2351 ΡΚΑΕΤΕΚΕΑ,
709 2303 921 2340 daemones
941 2315 1001 2339 res
1020 2302 1168 2351 aliquae
1188 2310 1286 2340 sunt.
1318 2303 1404 2339 Nec

330 2366 461 2395 tamen
498 2359 604 2394 Deus
633 2363 688 2393 est
720 2356 759 2393 in
793 2355 1069 2393 daemonibus:
1108 2368 1187 2393 non
1217 2355 1319 2393 enim
1349 2363 1405 2392 est

331 2411 525 2448 conventio
541 2410 634 2447 lucis
648 2410 701 2446 ad
713 2410 896 2457 tenebras,
909 2417 950 2446 ut
965 2408 1100 2446 dicitur
1116 2410 1147 2446 11
1163 2409 1216 2446 ad
1233 2410 1401 2446 Cor.vl.
1369 2409 1390 2431 *

332 2465 433 2512 Ergo
463 2465 568 2501 Deus
597 2475 676 2500 non
705 2470 762 2500 est
789 2462 827 2500 in
856 2461 1037 2500 omnibus
1065 2463 1191 2500 rebus.

386 2519 460 2555 SED
490 2528 656 2562 CONTRA,
686 2516 923 2564 ubicumque
953 2523 1134 2564 operatur
1161 2515 1320 2565 aliquid,
1350 2515 1403 2552 ibi

332 2579 398 2608 est.
436 2571 513 2608 Sed
541 2571 648 2607 Deus
676 2577 857 2618 operatur
885 2569 923 2606 in
953 2569 1152 2616 omnibus,
1189 2569 1403 2606 secundum

330 2625 422 2661 illud
452 2623 570 2660 Isaiae
598 2635 681 2659 xxvi
701 2622 737 2659 *ε
768 2623 896 2659 omnia
925 2634 1041 2671 opera
1070 2628 1198 2659 nostra
1227 2628 1404 2671 operatus

331 2690 369 2714 es
394 2678 430 2714 in
452 2677 569 2722 nobis,
599 2676 774 2713 Domine.
805 2677 908 2724 Ergo
938 2677 1045 2712 Deus
1075 2683 1130 2713 est
1158 2675 1196 2713 in
1221 2676 1402 2713 omnibus

332 2730 457 2767 rebus.

386 2785 613 2820 RESPONDEO
633 2793 818 2819 mcENDUM
837 2783 943 2830 quod
963 2783 1070 2820 Deus
1090 2790 1146 2820 est
1165 2782 1203 2820 in
1222 2782 1403 2820 omnibus

332 2837 458 2885 rebus,
487 2848 566 2873 non
590 2835 748 2885 quidem
768 2835 865 2872 sicut
883 2847 970 2884 pars
1000 2836 1197 2884 essentiae,
1216 2836 1279 2873 vel
1309 2835 1405 2873 sicut

331 2889 518 2936 accidens,
541 2889 609 2926 sed
628 2888 724 2925 sicut
742 2900 858 2936 agens
887 2890 992 2926 adest
1011 2887 1024 2909 ⁰
1052 2889 1086 2926 ei
1115 2889 1152 2926 in
1181 2889 1286 2938 quod
1315 2889 1399 2938 agit.

332 2944 496 2992 Oportet
533 2941 636 2979 enim
669 2953 786 2978 omne
816 2953 931 2990 agens
960 2942 1138 2991 coniungi
1167 2942 1200 2979 ei
1230 2942 1267 2980 in
1296 2942 1403 2991 quod

330 2995 551 3034 immediate
580 2994 674 3044 agit,
714 3002 751 3032 et
779 3007 848 3031 sua
875 2994 1014 3032 virtute
1045 2996 1138 3034 illud
1166 2996 1401 3044 contingere:

92 3060 202 3088 ·-¹-Cap1
211 3060 301 3082 -sTh
330 3049 432 3087 unde
461 3049 500 3086 in
527 3049 596 3086 VII
622 3048 771 3097 Pnysic.
788 3047 808 3069 '¹‘
835 3048 1020 3097 probatur
1047 3049 1153 3098 quod
1186 3057 1338 3086 motum
1367 3057 1404 3086 et

91 3088 141 3109 lect
158 3093 190 3115 ιιι,
206 3093 227 3109 ιν

331 3114 494 3140 movens
514 3108 666 3151 oportet
685 3113 768 3138 esse
796 3101 921 3138 simul.
953 3102 1053 3138 Cum
1074 3110 1203 3140 autem
1232 3103 1338 3139 Deus
1357 3102 1404 3139 sit

285 3179 289 3185 -
331 3156 456 3205 ipsum
477 3167 559 3193 esse
575 3166 645 3205 per
664 3166 774 3192 suam
795 3154 1011 3202 essentiam,
1028 3163 1179 3204 oportet
1198 3155 1304 3205 quod
1319 3167 1401 3192 esse

332 3217 502 3246 creatum
531 3208 575 3246 sit
602 3207 780 3258 proprius
817 3207 974 3244 effectus
1003 3208 1104 3254 eius;
1135 3208 1230 3246 sicut
1257 3208 1375 3257 ignire
1397 3215 1405 3229 ⁴

332 3270 387 3299 est
405 3261 582 3311 proprius
612 3260 770 3299 effectus
798 3261 905 3310 ignis.
937 3261 1050 3298 Hunc
1073 3269 1202 3300 autem
1224 3261 1403 3299 effectum

333 3323 461 3352 causat
485 3316 591 3352 Deus
610 3315 649 3352 in
669 3315 795 3362 rebus,
826 3326 905 3352 non
934 3315 1059 3352 solum
1091 3315 1247 3364 quando
1274 3314 1401 3364 primo

387 3429 414 3459 α)
434 3428 483 3453 hoc
505 3428 561 3453 Deo
580 3429 729 3454 conveniat.
748 3441 767 3448 -
785 3428 849 3454 haec
869 3428 927 3453 Deo
945 3429 1106 3454 conveniant
1124 3430 1153 3454 B.

386 3462 411 3495 β)
431 3466 465 3488 et.
483 3477 502 3482 —
516 3471 568 3495 per
586 3465 614 3493 F.
633 3472 686 3489 om.
700 3464 786 3490 ceteri.

385 3500 411 3532 γ)
432 3499 516 3523 rebus.
534 3512 554 3518 —
572 3500 632 3524 Om.
646 3499 796 3531 ABCEFG;
817 3498 880 3524 infra
900 3504 1011 3532 utroque
1032 3499 1090 3524 loco
1108 3508 1161 3525 om.
1175 3500 1287 3526 codices.

385 3533 410 3565 δ)
431 3541 481 3558 res.
499 3547 517 3552 —
535 3541 580 3559 eas
599 3535 742 3559 ABCDEF.
761 3548 779 3553 -
797 3535 848 3559 Pro
867 3541 906 3564 eo,
928 3535 986 3559 Deo
1004 3534 1059 3559 FG.

386 3570 408 3601 ε)
429 3569 494 3601 ipso.
512 3583 531 3588 —
550 3569 595 3594 illo
614 3570 724 3599 codices,
745 3571 768 3595 1¹⁰
784 3571 824 3595 ed.
837 3577 863 3595 α.
877 3583 896 3589 -
910 3571 977 3595 Ante
996 3570 1094 3595 alicubi
1113 3571 1209 3596 addunt
1227 3571 1263 3596 sir
1281 3570 1402 3596 ABCDE.

385 3603 411 3635 ζ)
431 3605 475 3629 ad.
494 3618 513 3624 —-
529 3605 567 3629 ad
585 3605 687 3637 aliquid
707 3606 735 3630 B.

386 3640 413 3671 η)
432 3640 521 3664 etiam.
539 3654 558 3659 -
577 3641 638 3665 Om.
653 3640 774 3665 ABCDE.

1085 1262 1144 1287 dist.
1163 1269 1254 1291 xxxva.
1275 1269 1319 1294 qu.
1338 1269 1356 1292 ι,
1376 1266 1422 1286 art.
1440 1269 1466 1292 1;
1486 1261 1518 1286 111
1540 1262 1616 1286 Cont.
1639 1263 1727 1291 Gent„
1748 1270 1803 1294 cap.
1824 1270 1910 1287 vam.

1461 1354 1543 1379 esse
1573 1343 1769 1392 incipiunt,
1790 1344 1859 1381 sed
1879 1344 2051 1393 quandiu
2070 1344 2110 1381 in
2130 1356 2214 1381 esse
2243 1352 2536 1394 conservantur3

1460 1395 1556 1433 sicut
1582 1396 1715 1434 lumen
1739 1405 1917 1434 causatur
1944 1397 1983 1434 in
2012 1410 2101 1435 aere
2121 1410 2144 1434 a
2163 1399 2244 1435 sole
2273 1397 2444 1447 quandiu
2471 1411 2539 1437 aer

1459 1448 1692 1487 illuminatus
1716 1458 1859 1488 manet.
1889 1450 2072 1498 Quandiu
2095 1451 2207 1499 igitur
2226 1463 2286 1488 res
2304 1452 2422 1490 habet
2441 1464 2537 1501 esse,

1459 1502 1593 1540 tandiu
1632 1511 1783 1553 oportet
1820 1504 1927 1553 quod
1965 1505 2071 1542 Deus
2104 1504 2201 1542 adsit
2229 1505 2284 1552 ei,
2323 1506 2537 1543 secundum

1460 1556 1624 1594 modum
1653 1569 1731 1606 quo
1771 1570 1854 1595 esse
1891 1557 2018 1595 habet.
2057 1559 2153 1595 Esse
2183 1565 2313 1596 autem
2348 1566 2405 1596 est
2441 1559 2535 1597 illud

1461 1610 1568 1658 quod
1597 1618 1654 1647 est
1682 1610 1803 1659 magis
1831 1611 2014 1649 *intimum
2048 1611 2220 1659 cuilibet,
2251 1619 2288 1649 et
2314 1613 2420 1661 quod
2446 1625 2536 1663 pro-

1459 1663 1614 1701 fundius
1643 1664 1823 1701 omnibus
1851 1664 1964 1702 inest:
1991 1677 2081 1702 cum
2106 1665 2153 1702 sit
2179 1665 2341 1703 formale
2360 1674 2537 1716 respectu

1460 1716 1637 1754 omniurn
1675 1730 1775 1766 quae
1812 1717 1851 1755 in
1880 1730 1919 1755 re
1948 1724 2056 1766 sunt,
2091 1726 2133 1756 ut
2161 1731 2208 1756 ex
2235 1731 2352 1768 supra
2379 1719 2400 1741 '¹‘
2427 1720 2536 1758 dictis

1458 1778 1574 1819 patet.
1614 1771 1727 1808 Unde
1756 1779 1907 1820 oportet
1934 1772 2041 1820 quod
2078 1773 2184 1809 Deus
2213 1772 2260 1809 sit
2285 1772 2325 1810 in
2354 1774 2537 1812 omnibus

1460 1824 1587 1872 rebus,
1618 1831 1654 1860 et
1682 1824 1826 1862 intime.

1513 1879 1572 1914 An
1602 1889 1740 1915 PRiMUM
1769 1888 1868 1915 ERoo
1887 1889 2074 1916 memnon
2093 1879 2201 1928 quod
2219 1879 2326 1917 Deus
2346 1887 2402 1918 est
2420 1892 2536 1931 supra

1460 1930 1592 1967 omnia
1618 1942 1690 1979 per
1718 1930 1980 1968 excellentiam
2010 1943 2101 1968 suae
2130 1939 2309 1970 naturae:
2341 1941 2378 1970 et
2405 1941 2536 1972 tamen

1460 1991 1516 2021 est
1534 1983 1573 2021 in
1593 1983 1775 2021 omnibus
1795 1984 1952 2029 rebus1,
1982 1992 2024 2022 ut
2044 1997 2206 2023 causans
2233 1985 2409 2024 omnium
2439 1999 2535 2044 esse,

1459 2044 1501 2074 ut
1528 2049 1645 2086 supra
1663 2037 1683 2059 *
1711 2037 1857 2074 dictum
1887 2045 1953 2074 est.

1513 2092 1572 2127 Ao
1602 2102 1794 2127 SECUNDUM
1823 2102 2008 2128 mcENnuM
2037 2091 2164 2140 quod,
2199 2091 2288 2130 licet
2321 2093 2536 2143 corporalia

1460 2143 1633 2180 dicantur
1653 2155 1735 2180 esse
1755 2143 1794 2180 in
1813 2143 1942 2192 aliquo
1971 2143 2068 2181 sicut
2086 2143 2125 2181 in
2145 2144 2376 2195 continente,
2405 2154 2535 2185 tamen

1459 2195 1666 2245 spiritualia
1682 2196 1878 2234 continent
1897 2209 1943 2233 ea
1962 2197 2001 2234 in
2021 2197 2160 2245 quibus
2180 2206 2280 2246 sunt,
2295 2199 2393 2238 sicut
2406 2198 2537 2245 anima

1459 2249 1627 2286 continet
1655 2261 1806 2298 corpus.
1837 2249 1948 2287 Unde
1969 2257 2006 2286 et
2034 2251 2142 2288 Deus
2172 2259 2228 2289 est
2246 2251 2285 2289 in
2305 2253 2419 2291 rebus
2438 2253 2536 2292 sicut

1459 2302 1657 2339 continens
1686 2314 1757 2339 res.
1797 2303 1970 2349 Tamen,
1999 2315 2070 2352 per
2097 2304 2294 2365 quandam
2323 2306 2535 2345 similitudi-

1458 2367 1548 2392 nem
1579 2356 1853 2404 corporalium,
1885 2355 2060 2393 dicuntur
2088 2357 2220 2395 omnia
2254 2370 2337 2396 esse
2366 2359 2405 2397 in
2437 2361 2533 2409 Deo,

1458 2408 1685 2458 inquantum
1716 2408 1958 2446 continentur
1985 2410 2034 2446 ab
2064 2409 2160 2459 ipso.

1511 2463 1570 2499 Αι)
1585 2473 1746 2499 τεκτιυΜ
1762 2474 1945 2500 ιιιεΕΝῡυΜ
1962 2463 2067 2522 quod
2082 2463 2221 2501 nullius
2236 2465 2393 2514 agentis,
2409 2467 2531 2516 quan-

1457 2523 1709 2564 tumcumque
1742 2515 1923 2562 virtuosi,
1962 2515 2061 2554 actio
2099 2517 2272 2565 procedit
2304 2519 2352 2556 ad
2389 2520 2534 2570 aliquid

1458 2568 1618 2615 distans,
1649 2568 1720 2605 nisi
1748 2569 1975 2618 inquantum
2005 2570 2042 2606 in
2071 2569 2162 2608 illud
2190 2583 2260 2620 per
2289 2572 2419 2610 media
2445 2573 2532 2622 agit.

1458 2622 1545 2658 Hoc
1573 2629 1703 2659 autem
1731 2622 1780 2659 ad
1809 2623 2020 2660 maximam
2049 2623 2230 2662 virtutem
2259 2625 2331 2662 Dei
2357 2626 2533 2700 pertinet,

1458 2674 1564 2724 quod
1601 2675 1823 2712 immediate
1859 2675 1897 2713 in
1926 2675 2107 2714 omnibus
2145 2677 2230 2726 agit.
2269 2677 2414 2717 Unde¹
2424 2678 2535 2719 nihil

1459 2735 1514 2766 est
1546 2728 1688 2766 distans
1717 2729 1766 2766 ab
1796 2741 1865 2776 eo,
1895 2730 2003 2779 quasi
2030 2730 2075 2768 in
2103 2742 2144 2768 se
2173 2731 2266 2770 illud
2293 2733 2423 2770 Deum
2450 2745 2531 2772 non

1457 2782 1607 2819 habeat.
1628 2781 1817 2820 Dicuntur
1835 2790 1964 2820 tamen
1984 2795 2043 2821 res
2064 2783 2203 2822 distare
2222 2797 2245 2823 a
2263 2785 2350 2823 Deo
2368 2798 2440 2835 per
2459 2786 2534 2825 dis-

1458 2835 1744 2872 similitudinem
1774 2843 1930 2873 naturae
1959 2837 2021 2873 vel
2051 2838 2193 2885 gratiae
2212 2844 2247 2874 μ.
2276 2838 2373 2876 sicut
2391 2847 2428 2876 et
2451 2839 2533 2889 ipse

1459 2896 1515 2926 est
1542 2900 1658 2938 super
1685 2888 1815 2926 omnia
1842 2901 1912 2938 per
1950 2890 2210 2928 excellentiam
2239 2903 2332 2928 suae
2361 2899 2530 2930 naturae.

1511 2944 1571 2979 An
1592 2953 1766 2985 QUARTUM
1795 2953 1979 2980 monimum
2009 2943 2143 2994 quod
2134 2955 2173 2982 in
2193 2944 2451 2984 daemonibus
2476 2945 2531 2985 in-

1457 2995 1631 3044 telligitur
1661 3002 1696 3033 et
1714 3002 1861 3048 natura,
1891 3008 1990 3045 quae
2011 3004 2067 3035 est
2085 3010 2108 3035 a
2127 2997 2226 3046 Deo,
2254 3005 2290 3035 et
2309 2997 2532 3039 deformitas

1459 3049 1610 3098 culpae,
1639 3061 1740 3098 quae
1768 3061 1848 3086 non
1878 3057 1934 3086 est
1961 3051 2010 3087 ab
2038 3050 2135 3100 ipso.
2174 3051 2223 3088 Et
2250 3050 2339 3088 ideo
2367 3064 2448 3090 non
2476 3061 2533 3092 est

1457 3102 1632 3139 absolute
1652 3102 1945 3140 concedendum
1975 3104 2080 3153 quod
2098 3104 2205 3141 Deus
2234 3104 2280 3141 sit
2307 3104 2347 3142 in
2372 3105 2532 3144 daemo-

1458 3155 1591 3203 nibus,
1627 3156 1696 3193 sed
1725 3167 1814 3193 cum
1843 3156 1915 3193 hac
1944 3157 2156 3205 additione,
2195 3157 2418 3206 inquantum
2445 3164 2535 3198 sunt

1457 3220 1517 3245 res
1554 3209 1752 3257 quaedam.
1793 3210 1836 3246 In
1875 3210 1989 3248 rebus
2026 3216 2154 3248 autern
2192 3222 2292 3258 quae
2330 3211 2531 3252 nominant

1457 3269 1634 3299 naturam
1653 3274 1733 3299 non
1753 3262 2021 3312 deformatam,
2041 3262 2213 3301 absolute
2244 3263 2450 3303 dicendum
2475 3274 2531 3305 est

1459 3316 1586 3352 Deum
1615 3327 1708 3352 esse.

1511 3429 1536 3462 0)
1555 3430 1640 3456 adest.
1658 3443 1677 3450 -
1695 3430 1762 3456 inest
1782 3431 1814 3455 Α.

1512 3466 1530 3498 ι)
1551 3465 1646 3498 ignire.
1665 3479 1683 3484 -
1701 3465 1786 3499 igniri
1803 3464 1947 3490 ABCDEF.
1965 3478 1985 3484 -
2001 3465 2052 3490 Pro
2071 3465 2150 3498 ignis,
2171 3466 2254 3498 ipsius
2272 3467 2344 3500 iguis
2362 3466 2407 3492 Pb.

1512 3501 1537 3533 κ)
1558 3501 1644 3526 rebus.
1661 3514 1681 3520 -
1698 3501 1761 3526 Om.
1776 3500 1878 3526 codices
1898 3505 1924 3525 et
1943 3500 2001 3525 edd.
2019 3501 2071 3526 ab.
2089 3515 2107 3520 -
2126 3501 2177 3526 Pro
2194 3508 2310 3528 causam
2327 3502 2448 3528 omnium
2464 3510 2528 3534 esse,

1457 3543 1552 3561 creans
1570 3536 1688 3561 omnium
1707 3542 1763 3561 esse
1782 3535 1825 3560 (ΖΕ
1844 3540 1869 3560 et
1887 3535 1946 3560 edd.
1965 3536 2013 3561 ab.
2031 3549 2051 3556 -
2068 3536 2119 3561 Pro
2138 3539 2168 3562 ut
2185 3544 2269 3570 supra
2283 3537 2383 3563 dictum
2397 3541 2444 3568 est,
2459 3539 2529 3564 sicut

1458 3571 1511 3596 iam
1531 3571 1631 3596 dictum
1651 3574 1691 3596 est
1709 3570 1738 3600 C,
1757 3570 1827 3595 sscut
1845 3570 1944 3596 dictum
1964 3574 2003 3596 est
2022 3573 2108 3597 ceter-l.

1510 3605 1538 3639 λ)
1562 3606 1644 3631 Unde.
1662 3619 1682 3625 -
1699 3605 1763 3630 dum
1782 3605 1880 3631 ABCE.
1897 3619 1917 3626 —
1935 3606 2002 3631 illud
2019 3615 2073 3632 om.
2087 3607 2188 3633 codIces
2208 3612 2234 3633 et
2251 3609 2293 3633 ed.
2304 3615 2332 3633 α.

1513 3642 1541 3676 μ)
1561 3641 1676 3674 gratiae.
1694 3654 1714 3660 -
1730 3641 1835 3673 gloriae
1855 3641 1883 3665 Ρ.

2563 1723 2640 1779 adq:-
2653 1729 2684 1752 π’
2698 1728 2741 1747 m
2757 1730 2765 1746 ¹

2563 2047 2614 2070 'ln
2628 2052 2737 2076 corpore.
