2768 4178
25 519 36 531 '⁵
45 518 148 541 nomilia
158 524 195 544 xv,
208 517 237 539 de

24 544 91 567 Fide.

24 935 34 946 ³
48 934 115 956 Vere.
130 939 159 963 ¹5·

22 2052 32 2062 ·
47 2033 183 2080 Ωιι.ἰινιι,
196 2054 237 2074 ιη.

22 2084 48 2106 2;
56 2084 96 2107 qu.
104 2083 185 2105 xxvm,
195 2081 238 2100 nrt.

26 2640 37 2651 ·
51 2639 120 2664 Vern.
133 2639 171 2663 28.

25 2843 36 2855 ·
50 2835 119 2866 νικά.
132 2843 156 2866 6.

27 3386 40 3399 ⁴
53 3387 75 3409 11
92 3387 127 3409 ad
145 3387 201 3410 Cor.
217 3395 224 3410 ι
233 3404 240 3416 ,

27 3419 124 3463 aar·

915 273 1183 320 QUAESTIO
1213 274 1394 322 XXXIII,
1424 274 1720 312 ARTICULUS
1751 276 1800 311 III

264 364 355 388 nem
370 351 548 389 videntur
568 352 641 389 dici
660 352 872 389 secundum
893 354 997 400 quod
1016 364 1182 401 persona
1201 352 1329 389 divina

266 412 321 442 est
348 406 462 442 Pater
490 405 589 452 Filii,
621 412 656 442 et
684 405 896 442 secundum
925 405 1030 453 quod
1057 412 1136 442 tota
1163 405 1329 442 Trinitas

265 464 322 494 est
348 459 461 495 Pater
488 465 617 495 noster
633 458 697 494 vel
718 465 909 494 creaturae
928 456 962 494 βε
994 471 1095 505 cum,
1117 458 1329 495 secundum

265 510 447 548 Basilium
465 510 505 558 ²¹²,
534 511 705 559 accipere
739 510 784 547 sit
820 522 1028 547 commune
1067 519 1259 548 creaturae
1296 519 1331 548 et

266 563 372 600 Filio.
403 565 505 612 Ergo
526 576 604 600 non
622 576 692 612 per
719 563 823 611 prius
852 563 986 600 dicitur
1003 565 1117 600 Pater
1135 564 1174 601 in
1194 564 1330 601 divinis

266 616 479 654 secundum
499 616 606 664 quod
626 616 787 652 sumitur
815 616 1071 664 essentialiter,
1092 629 1210 665 quam
1231 622 1243 643 ⁷
1272 629 1329 654 se-

266 669 436 706 cundum
464 669 570 718 quod
599 668 759 706 sumitur
785 669 1044 717 personaliter.

321 723 355 759 3.
377 723 610 768 PRAETEREA,
631 721 728 758 inter
756 733 802 757 ea
830 733 929 769 quae
958 719 1037 758 no'n
1071 722 1245 760 dicuntur
1273 735 1329 759 se-

266 774 434 812 eundum
463 774 650 811 rationem
688 786 824 821 unam,
854 787 933 811 non
960 782 1087 823 potest
1115 788 1196 812 esse
1226 788 1330 813 com-

263 827 422 876 paratio.
463 827 540 864 Sed
569 826 684 864 Filius
713 835 956 876 comparatur
984 835 1177 865 creaturae
1206 829 1244 866 in
1273 841 1330 866 ra-

263 880 366 917 tione
393 879 585 916 filiationis
612 881 675 917 vel
703 880 968 928 generationis,
999 883 1212 918 secundum
1240 882 1331 919 illud

270 933 409 970 Coloss.
427 932 488 969 1³⁸:
513 933 588 974 Qui
604 938 659 970 est
675 934 804 983 imago
824 934 900 970 Dei
916 934 1120 982 invisibilis,
1135 936 1329 985 primoge-

264 986 362 1023 nitus
375 986 503 1022 omnis
522 992 730 1023 creaturae.
762 988 863 1034 Ergo
888 999 966 1023 non
985 999 1054 1036 per
1072 988 1175 1037 prius
1195 988 1330 1025 dicitur

264 1039 303 1076 in
331 1038 468 1076 divinis
495 1039 700 1087 paternitas
736 1040 986 1088 personaliter
1014 1049 1182 1089 sumpta,
1213 1053 1329 1090 quarn

265 1091 527 1138 essentialiter;
558 1092 626 1129 sed
653 1093 866 1130 secundum
895 1093 1081 1131 rationem
1111 1094 1288 1131 eandem.

319 1146 394 1182 SED
423 1157 569 1182 CONTRA
597 1157 663 1182 EST
681 1146 787 1195 quod
815 1153 1013 1183 aeternum
1032 1147 1137 1195 prius
1162 1155 1217 1184 est
1235 1155 1330 1183 tem-

263 1198 396 1248 porali.
435 1198 496 1235 Ab
526 1206 680 1235 aeterno
709 1206 837 1235 autem
866 1200 972 1236 Deus
1003 1207 1058 1236 est
1085 1201 1197 1236 Pater
1225 1200 1328 1237 Filii:

266 1263 311 1288 ex
339 1258 512 1300 ternpore
541 1259 670 1288 autem
699 1253 812 1288 Pater
831 1259 886 1288 est
906 1259 1110 1289 creaturae.
1140 1253 1242 1300 Ergo
1262 1265 1331 1302 per

263 1304 369 1353 prius
385 1302 519 1341 dicitur
533 1304 737 1353 paternitas
755 1305 794 1341 in
808 1306 893 1342 Deo
914 1312 1088 1353 respectu
1104 1305 1197 1352 Filii,
1214 1318 1330 1354 quam

265 1365 439 1406 respectu
468 1364 672 1395 creaturae.

318 1411 543 1447 Responnsso
580 1421 765 1447 DICENDUM
802 1410 908 1459 quod
944 1422 1014 1459 per
1055 1410 1160 1459 prius
1198 1411 1331 1448 dicitur

263 1475 409 1500 nornen
428 1463 475 1500 de
494 1463 558 1499 illo
578 1462 616 1499 in
636 1475 713 1511 quo
742 1463 910 1500 salvatur
937 1470 1015 1500 tota
1042 1463 1137 1500 ratio
1164 1464 1330 1501 nominis

262 1516 440 1565 perfecte,
462 1528 580 1564 quam
600 1515 647 1552 de
667 1515 730 1552 illo
758 1515 797 1553 in
816 1528 894 1564 quo
923 1517 1090 1554 salvatur
1117 1518 1329 1555 secundum

265 1569 427 1618 aliquid:
457 1569 506 1606 de
533 1569 608 1606 hoc
637 1569 740 1605 enim
769 1568 903 1606 dicitur
931 1570 1039 1617 quasi
1063 1567 1076 1590 ὃ
1103 1582 1173 1618 per
1200 1570 1331 1607 simili-

263 1621 436 1659 tudinem
473 1622 522 1658 ad
549 1621 589 1658 id
621 1622 660 1658 in
697 1634 776 1669 quo
812 1623 978 1671 perfecte
1015 1623 1200 1670 salvatur,
1240 1624 1329 1672 quia

265 1674 396 1713 omnia
423 1674 645 1723 imperfecta
673 1683 877 1712 sumuntur
904 1688 926 1712 a
952 1675 1138 1724 perfectis.
1169 1677 1218 1713 Et
1240 1677 1329 1714 inde

265 1735 321 1765 est
355 1727 459 1776 quod
496 1728 572 1764 hoc
609 1739 752 1764 nomen
785 1727 841 1765 leo
876 1741 947 1777 per
981 1729 1085 1778 prius
1120 1729 1254 1766 dicitur
1282 1730 1329 1767 de

264 1780 418 1818 animali
445 1780 484 1817 in
512 1793 590 1829 quo
625 1787 703 1817 tota
732 1781 825 1818 ratio
854 1782 975 1819 leonis
1007 1783 1194 1830 salvatur,
1225 1784 1330 1831 quod

263 1833 417 1883 proprie
447 1833 582 1871 dicitur
608 1834 686 1881 leo,
723 1847 839 1883 quam
869 1835 915 1871 de
944 1835 1070 1883 aliquo
1099 1836 1257 1873 homine
1290 1836 1330 1874 in

266 1899 343 1936 quo
372 1886 564 1924 invenitur
591 1886 731 1935 aliquid
759 1887 807 1924 de
835 1887 981 1925 ratione
1009 1888 1142 1936 leonis,
1172 1896 1213 1925 ut
1239 1897 1331 1938 puta

266 1939 426 1978 audacia
453 1940 515 1976 vel
543 1939 734 1987 fortitudo,
755 1941 817 1977 vel
846 1941 986 1989 aliquid
1013 1941 1252 1979 huiusmodi:
1284 1943 1330 1980 de

265 1994 341 2030 hoc
369 1992 471 2030 enim
500 2005 569 2041 per
596 1993 881 2030 similitudinem
910 1994 1055 2032 dicitur.

321 2046 568 2083 Manifestum
607 2054 662 2083 est
699 2054 828 2083 autem
858 2059 903 2083 ex
934 2047 1153 2096 praemissis
1177 2048 1197 2070 '¹‘
1225 2050 1330 2096 quod

265 2099 433 2148 perfecta
465 2099 560 2136 ratio
587 2099 820 2148 paternitatis
850 2107 886 2136 et
918 2100 1108 2138 filiationis
1142 2101 1333 2139 invenitur

266 2152 306 2190 in
333 2153 419 2189 Deo
448 2153 559 2191 Patre
589 2160 625 2188 et
652 2153 737 2189 Deo
775 2153 890 2190 Filio:
920 2154 1008 2202 quia
1033 2154 1156 2191 Patris
1186 2162 1220 2191 et
1250 2155 1332 2191 Filii

266 2218 344 2243 una
373 2213 429 2242 est
456 2212 590 2243 natura
618 2213 655 2243 et
681 2205 810 2254 gloria.
842 2206 920 2244 Sed
943 2206 982 2243 in
1011 2215 1182 2244 creatura
1200 2207 1331 2244 filiatio

266 2259 458 2296 invenitur
475 2266 650 2308 respectu
678 2259 763 2305 Dei,
794 2271 872 2296 non
891 2260 1104 2297 secundum
1123 2261 1332 2309 perfectam

266 2311 468 2359 rationem,
499 2324 588 2349 cum
617 2324 697 2349 non
729 2312 774 2349 sit
807 2325 884 2349 una
912 2320 1046 2350 natura
1080 2313 1268 2350 Creatoris
1297 2321 1334 2350 et

267 2372 479 2412 creaturae3
499 2365 568 2402 sed
588 2365 799 2402 seeundum
816 2365 1018 2414 aliqualem
1035 2366 1331 2404 similitudinem.

267 2418 378 2465 Quae
407 2426 550 2467 quanto
579 2418 781 2467 perfectior
808 2419 929 2466 fuerit,
950 2427 1054 2457 tanto
1082 2420 1333 2469 propinquius

267 2471 483 2509 acceditur·
503 2472 552 2509 ad
578 2484 713 2509 veram
740 2471 929 2509 filiationis
959 2472 1156 2510 rationem.
1187 2473 1334 2510 Dicitur

267 2524 370 2562 enim
399 2525 504 2561 Deus
524 2524 538 2551 ζ
566 2525 722 2562 alicuius
747 2532 940 2562 creaturae
960 2527 1083 2572 Pater,
1111 2534 1269 2575 propter
1288 2527 1333 2564 si-

267 2577 519 2614 militudinem
547 2577 694 2626 vestigii
720 2585 880 2625 tantum,
900 2586 1032 2627 utpote
1060 2579 1332 2616 irrationalium

269 2638 545 2676 creaturarum3
575 2631 788 2668 secundum
812 2631 903 2669 illud
931 2633 1001 2669 Iob
1018 2644 1152 2669 xxxvm
1171 2633 1208 2669 *ε
1243 2633 1334 2674 Quis

268 2689 323 2720 est
341 2683 497 2731 pluviae
523 2683 663 2720 Pater?
690 2690 758 2720 aut
789 2685 870 2732 quis
896 2685 1030 2734 genuit
1059 2685 1175 2723 stillas
1203 2685 1333 2722 roris?

267 2735 437 2773 Alicuius
472 2748 567 2774 vero
602 2744 814 2783 creaturae,
853 2737 993 2775 scilicet
1028 2739 1239 2785 rationalis,
1275 2751 1331 2775 se-

269 2789 438 2826 cundum
467 2789 751 2827 similitudinem
779 2790 972 2838 imaginis;
1003 2792 1214 2829 secundum
1242 2792 1333 2829 illud

266 2843 378 2880 Deut.
399 2854 494 2879 xxxn
513 2841 550 2879 *ε
579 2843 721 2880 Nonne
748 2844 824 2891 ipse
851 2849 907 2880 est
919 2845 1033 2881 Pater
1051 2851 1146 2890 tuus,
1167 2845 1233 2893 qui
1243 2857 1331 2892 pos-

322 2955 347 2990 β)
367 2959 456 2981 ηοεΐεν
474 2957 515 2981 vel
532 2959 683 2982 creaturae.
700 2971 719 2976 -
737 2960 828 2982 noster
845 2957 878 2989 G,
897 2962 1037 2984 creaturae
1056 2960 1142 2984 ceteri.

320 2992 346 3035 Ι)
366 2999 454 3024 quam.
473 3005 491 3012 —-
507 2992 555 3017 sed
573 2992 604 3022 D,
624 2995 650 3017 et
668 2992 746 3017 ceteri
765 2997 790 3017 et
808 2993 850 3018 ed.
863 3000 888 3022 a,
908 3001 991 3031 nequ-e
1010 2995 1049 3019 ed.
1065 2995 1087 3020 b.

320 3028 345 3060 ο)
365 3027 449 3060 quasi.
467 3041 486 3046 -
503 3027 566 3052 Om.
585 3027 697 3052 codices.

322 3063 344 3094 ε)
363 3062 508 3088 acceditur.
525 3075 544 3082 -κ
562 3063 713 3088 attenditur
731 3063 847 3096 ACEpB.

315 3097 346 3157 ἑ)
367 3098 449 3123 Deus.
467 3112 485 3116 —
503 3098 634 3123 Omittunt
653 3098 762 3123 codices.
780 3112 799 3118 -
817 3099 868 3123 Pro
886 3103 1034 3129 creaturae,
1054 3103 1168 3125 naturae
1185 3100 1239 3131 AC,
1258 3100 1334 3125 omit-

267 3133 298 3157 tit
339 3151 346 3158 .

2376 279 2444 314 361

1387 355 1481 391 sedit
1515 360 1550 391 et
1572 355 1673 403 fecit
1699 360 1735 391 et
1761 355 1902 392 creavit
1929 355 1990 392 te?
2017 355 2242 404 Aliquorum
2268 368 2362 393 vero
2397 364 2452 393 est

1387 408 1498 443 Pater
1517 415 1531 438 η
1553 408 1765 444 secundum
1785 408 2067 445 similitudinem
2083 408 2233 456 gratiae,
2256 409 2319 457 qui
2339 409 2451 446 etiam

1388 460 1563 497 dicuntur
1581 460 1648 497 filii
1667 461 1848 509 adoptivi,
1869 461 2080 504 secundum
2105 461 2210 509 quod
2231 462 2452 499 ordinantur

1387 513 1436 550 ad
1454 513 1726 550 haereditatem
1753 521 1928 550 aeternae
1948 514 2088 562 gloriae
2108 527 2176 563 per
2203 527 2342 551 munus
2370 527 2451 563 gra-

1386 565 1457 602 tiae
1487 574 1708 615 acceptum;
1738 567 1949 603 secundum
1978 567 2067 604 illud
2087 569 2199 604 Rom.
2220 567 2337 604 V111*:
2365 570 2452 617 Ipse

1386 619 1544 667 Spiritus
1572 620 1691 656 reddit
1722 620 1972 656 testimonium
2000 621 2148 668 spiritui
2174 627 2322 667 nostro,
2352 622 2453 669 quod

1385 684 1514 708 sumus
1529 672 1610 719 filii
1635 673 1727 717 Dei‚·
1753 673 1788 709 si
1812 678 1937 709 autem
1954 673 2034 720 filii
2050 671 2074 719 ⁰,
2096 679 2130 709 et
2156 674 2343 710 haeredes.
2373 674 2451 711 Ali-

1387 737 1552 773 quorum
1589 737 1682 762 vero
1721 725 1931 762 secundum
1965 725 2247 763 similitudinem
2285 727 2448 774 gloriae,

1385 786 1499 826 prout
1526 777 1603 814 iam
1623 778 1764 826 gloriae
1783 778 2057 816 haereditatem
2076 779 2288 827 possident;
2319 792 2451 816 secun-

1388 831 1480 868 dum
1509 830 1600 868 illud
1628 832 1741 868 Rom.
1762 844 1786 868 v
1804 831 1844 868 *ε
1879 831 2100 869 Gloriamur
2134 833 2170 868 in
2203 844 2268 880 spe
2303 833 2451 882 gloriae

1375 884 1551 932 filiorum
1579 884 1664 921 Dei.

1441 937 1503 973 Sic
1531 936 1640 984 igitur
1675 944 1779 985 patet
1806 937 1912 985 quod
1938 949 2008 985 per
2034 937 2138 986 prius
2164 937 2368 985 paternitas
2397 938 2451 974 di-

1388 989 1481 1026 citur
1508 989 1546 1026 in
1576 989 1712 1026 divinis
1747 990 1957 1026 secundum
1993 990 2099 1038 quod
2132 989 2357 1039 importatur
2394 1003 2451 1027 re-

1386 1040 1538 1090 spectus
1557 1043 1750 1079 Personae
1776 1042 1825 1079 ad
1844 1044 2069 1088 Personam,
2091 1055 2208 1091 quam
2237 1043 2450 1080 secundum

1386 1095 1491 1144 quod
1519 1095 1746 1143 importatur
1774 1103 1966 1144 respectus
1994 1096 2092 1132 Dei‘
2121 1096 2169 1133 ad
2198 1104 2423 1134 creaturam.

1439 1149 1498 1184 AD
1527 1160 1664 1184 PRIMUM
1688 1160 1786 1185 ERGO
1815 1160 1999 1186 DICENDUM
2020 1149 2123 1197 quod
2144 1150 2366 1186 communia
2386 1151 2450 1186 ab·

1387 1200 1508 1236 solute
1528 1201 1637 1247 dicta,
1659 1201 1871 1238 secundum
1898 1201 2071 1238 ordinem
2092 1202 2302 1238 intellectus
2321 1203 2449 1249 nostri,

1386 1260 1473 1289 sunt
1500 1253 1627 1301 priora
1662 1266 1778 1301 quam
1816 1254 1987 1302 propria:
2018 1254 2106 1303 quia
2142 1255 2385 1292 includuntur
2411 1255 2451 1293 in

1385 1305 1575 1342 intellectu
1599 1306 1856 1354 propriorum,
1877 1308 1945 1344 sed
1964 1319 2042 1343 non
2063 1320 2083 1344 e
2103 1320 2309 1354 converso;
2339 1309 2377 1345 in
2396 1309 2450 1345 in-

1386 1359 1536 1394 tellectu
1575 1359 1676 1395 enim
1705 1371 1892 1407 personae
1929 1360 2050 1396 Patris
2086 1360 2298 1408 intelligitur
2325 1363 2448 1407 Deus,

1387 1411 1454 1448 sed
1473 1423 1552 1448 non
1573 1412 1814 1449 convertitur.
1846 1412 1923 1449 Sed
1943 1413 2164 1450 communia
2193 1426 2291 1462 quae
2310 1414 2451 1463 impor-

1385 1471 1466 1500 tant
1494 1472 1709 1514 respectum
1741 1465 1789 1502 ad
1823 1472 2055 1512 creaturam,
2085 1478 2154 1515 per
2180 1467 2368 1515 posterius
2397 1467 2451 1504 di-

1387 1524 1522 1554 cuntur
1559 1530 1676 1565 quam
1704 1518 1858 1566 propria
1895 1531 1992 1566 quae
2021 1519 2227 1567 important
2259 1526 2451 1569 respectus

1384 1571 1626 1618 personales:
1657 1571 1745 1619 quia
1781 1584 1946 1620 persona
1974 1572 2187 1620 procedens
2224 1572 2262 1609 in
2292 1573 2448 1620 divinis,

1385 1623 1558 1672 procedit
1587 1631 1627 1660 ut
1649 1623 1877 1672 principium
1897 1625 2158 1673 productionis
2179 1632 2450 1662 creaturarum.

1387 1676 1492 1713 Sicut
1512 1676 1614 1713 enim
1632 1677 1797 1714 verbum
1827 1685 2056 1726 conceptum
2081 1678 2120 1715 in
2138 1686 2266 1715 mente
2287 1679 2449 1725 artificis,

1385 1741 1454 1778 per
1480 1729 1584 1778 prius
1611 1729 1822 1777 intelligitur
1848 1731 2057 1779 procedere
2086 1732 2134 1768 ab
2163 1732 2305 1768 artifice
2334 1744 2450 1780 quam

1387 1782 1648 1830 artificiatum,
1685 1783 1790 1831 quod
1826 1783 2048 1832 producitur
2085 1784 2134 1821 ad
2167 1784 2450 1821 similitudinem

1385 1835 1495 1872 verbi
1529 1836 1703 1885 concepti
1731 1836 1770 1873 in
1797 1844 1941 1883 mente;
1971 1836 2021 1873 ita
2048 1849 2117 1885 per
2148 1837 2252 1885 prius
2280 1838 2452 1886 procedit

1386 1888 1501 1925 Filius
1530 1901 1552 1925 a
1580 1890 1691 1926 Patre
1717 1902 1832 1938 quam
1863 1897 2043 1936 creatura,
2066 1890 2113 1927 de
2133 1902 2209 1938 qua
2237 1903 2380 1927 nomen
2407 1891 2452 1927 fi-

1386 1941 1548 1978 liationis
1570 1942 1704 1979 dicitur
1722 1942 1932 1980 secundum
1962 1944 2068 1990 quod
2087 1943 2228 1991 aliquid
2255 1943 2453 1992 participat

1387 1994 1435 2032 de
1463 1994 1703 2032 similitudine
1723 1996 1753 2032 F
1756 1995 1806 2032 ilii
1817 1989 1856 2041 ¹³‘;
1885 2003 1927 2032 ut
1944 2003 2048 2044 patet
2065 2008 2135 2044 per
2152 1996 2244 2033 illud
2264 1997 2368 2045 quod
2398 1996 2451 2034 di-

1389 2048 1482 2084 citur
1496 2049 1608 2085 Rom.
1626 2048 1738 2085 V111³¹⁸z
1773 2049 1873 2090 Quos
1886 2049 2101 2096 praescivit,
2117 2055 2153 2085 et
2159 2050 2454 2098 praedestinavit

1376 2101 1473 2149 fieri
1498 2103 1712 2150 conformes
1740 2102 1918 2151 imaginis
1944 2101 2034 2138 Filii
2059 2103 2148 2139 eius.

1442 2156 1500 2190 AD
1537 2166 1727 2192 SECUNDUM
1764 2167 1948 2192 DICENDUM
1982 2155 2086 2203 quod
2123 2155 2292 2203 accipere
2320 2155 2454 2193 dicitur

1389 2219 1472 2243 esse
1511 2220 1718 2244 commune
1757 2215 1949 2244 creaturae
1985 2215 2021 2244 et
2049 2207 2165 2255 Filio,
2203 2220 2282 2245 non
2320 2221 2453 2245 secun-

1389 2260 1482 2296 dum
1502 2260 1822 2308 univocationem,
1844 2262 1911 2298 sed
1930 2260 2143 2297 secundum
2171 2261 2453 2298 similitudinem

1389 2315 1584 2361 quandam
1604 2321 1803 2360 remotam,
1824 2314 1967 2350 ratione
1989 2313 2095 2350 cuius
2116 2313 2250 2351 dicitur
2261 2315 2454 2364 primoge-

1389 2366 1486 2403 nitus
1513 2372 1710 2403 creaturae
1727 2366 1759 2404 ²¹⁸.
1789 2367 1900 2404 Unde
1928 2367 1967 2403 in
1996 2367 2214 2404 auctoritate
2243 2367 2396 2404 inducta
2414 2367 2454 2388 ἧς*
2480 2369 2500 2404 t.

1389 2419 1580 2456 subditur:
1611 2426 1652 2456 ut
1675 2421 1723 2457 sit
1749 2420 1826 2468 ipse
1853 2420 2129 2469 primogenitus
2156 2421 2193 2456 in
2222 2421 2347 2457 multis
2369 2421 2453 2467 fra-

1387 2473 1525 2518 tribus,
1554 2472 1760 2521 postquam
1790 2473 1932 2510 dixerat
1959 2474 2171 2521 conformes
2187 2473 2284 2520 fieri
2308 2473 2453 2521 aliquos

1389 2525 1566 2575 imaginis
1580 2526 1670 2562 Filii
1681 2526 1764 2562 Dei.
1783 2526 1859 2562 Sed
1872 2525 1985 2562 Filius
2000 2525 2071 2561 Dei
2086 2524 2324 2562 naturaliter³
2338 2526 2453 2562 habet

1387 2578 1585 2626 quoddam
1613 2579 1797 2626 singulare
1825 2590 1917 2627 prae
1937 2578 2027 2625 aliis,
2049 2578 2188 2615 scilicet
2214 2579 2355 2615 habere
2383 2591 2452 2627 per

1388 2639 1563 2668 naturam
1581 2631 1619 2668 id
1639 2631 1745 2679 quod
1773 2631 1924 2679 accipit;
1953 2639 1996 2668 ut
2014 2631 2116 2668 idern
2136 2631 2296 2668 Basilius
2317 2632 2405 2669 dicit
2418 2632 2448 2668 ²¹⁶.
2477 2641 2486 2651 ·

1388 2685 1437 2720 Et
1474 2684 1686 2721 secundum
1719 2685 1795 2721 hoc
1830 2684 1963 2721 dicitur
2001 2685 2236 2734 unigenitus,
2272 2692 2314 2722 ut
2349 2693 2452 2734 patet

1388 2738 1491 2774 Ioan.
1514 2737 1576 2774 1²¹⁸:
1611 2738 1844 2786 Unigenitus,
1874 2737 1941 2785 qui
1966 2743 2020 2774 est
2046 2737 2082 2774 in
2111 2737 2195 2774 sinu
2218 2739 2353 2784 Patris,
2375 2739 2451 2787 ipse

1387 2790 1493 2827 nobis
1520 2791 1723 2827 enarravit.

1440 2845 1489 2881 Et
1515 2856 1584 2892 per
1611 2844 1686 2879 hoc
1712 2850 1815 2890 patet
1842 2843 1978 2880 solutio
2007 2843 2055 2880 ad
2083 2843 2244 2880 tertium.

1439 2958 1465 2990 η)
1481 2961 1521 2983 est
1532 2958 1622 2983 Pater.
1636 2971 1655 2977 —-
1669 2958 1730 2983 Orn.
1745 2957 1847 2982 codices
1861 2962 1886 2982 et
1900 2957 1942 2983 ed.
1951 2965 1975 2983 a.
1987 2971 2008 2977 -·
2019 2957 2070 2982 Pro
2084 2957 2226 2982 secundum
2240 2957 2449 2988 similitudinem,

1387 2994 1413 3019 in
1433 2993 1607 3018 similitudine
1625 2994 1655 3018 Β.

1440 3027 1464 3061 θ)
1484 3029 1508 3053 si
1525 3032 1614 3053 autem
1625 3029 1690 3061 filii.
1707 3042 1726 3047 -
1745 3028 1806 3053 Om.
1826 3028 1935 3053 codices.

1441 3065 1459 3096 ι)
1481 3065 1540 3089 Dei.
1559 3078 1577 3083 -
1594 3067 1735 3089 creaturae
1753 3063 1868 3095 ACEpB,
1891 3064 2028 3088 Creatoris
2046 3065 2089 3088 sB.

1441 3100 1466 3132 κ)
1486 3099 1557 3124 Filii.
1575 3114 1594 3117 —
1613 3100 1653 3124 vel
1671 3099 1762 3124 Patris
1781 3099 1838 3124 add.
1857 3099 1902 3123 Pb.

1439 3134 1467 3168 λ)
1488 3135 1658 3160 naturaliter.
1675 3148 1695 3154 -
1713 3134 1846 3159 naturalis
1868 3134 2040 3167 CDEFGpA,
2059 3134 2191 3159 naturalis
2210 3134 2309 3159 dicitur
2327 3134 2373 3166 qui
2390 3135 2449 3159 BsA

948 3211 1278 3245 Commentaria
1301 3211 1550 3246 Oardjnans
1572 3212 1772 3245 Caietam

298 3310 318 3330 N
334 3298 427 3330 titulo
445 3299 570 3330 adverte
585 3300 651 3331 tria.
672 3300 790 3337 Primo,
806 3299 838 3341 ly
853 3301 951 3331 Pater
965 3300 1138 3331 secundum
1155 3301 1239 3341 quod
1251 3311 1330 3341 per-

271 3311 463 3374 Isonaliter.
488 3344 586 3374 Pater
608 3344 694 3374 enim
717 3344 882 3384 dupliciter
905 3344 944 3374 de
966 3345 1035 3375 Deo
1060 3345 1189 3375 dicitur:
1214 3345 1331 3376 scilicet

268 3387 483 3428 personaliter,
497 3397 572 3418 cum
586 3387 699 3418 dicitur
709 3388 727 3408 *
738 3389 836 3419 Pater
846 3389 978 3419 Domini
989 3387 1091 3419 nostri
1103 3389 1179 3419 Iesu
1194 3389 1314 3420 Christi
1318 3397 1332 3427 ,·

269 3439 300 3463 et
322 3431 544 3468 essentialiter,
570 3441 644 3462 cum
667 3432 780 3463 dicitur
795 3430 810 3447 *
832 3434 931 3463 Pater
954 3433 1259 3463 misericordiarum.
1291 3434 1332 3464 Et

268 3476 341 3506 ideo
365 3486 431 3506 non
454 3475 613 3506 immerito
641 3476 766 3506 additur
788 3477 821 3517 ly
842 3477 1016 3508 secundum
1041 3477 1125 3517 quod
1148 3478 1331 3517 personali-

269 3525 326 3551 ter.
352 3538 372 3542 —
395 3520 560 3556 Secundo,
593 3519 626 3560 ly
648 3520 783 3551 dicatur.
814 3521 888 3551 Non
913 3521 998 3551 enim
1027 3521 1205 3561 quaeritur,
1235 3531 1275 3551 an
1298 3521 1331 3551 in

269 3564 381 3594 divinis
405 3564 492 3604 prius
517 3563 556 3594 sit
579 3573 645 3593 esse
669 3564 793 3594 Patrem
817 3565 855 3595 ad
879 3565 969 3601 intra,
994 3575 1034 3595 an
1058 3575 1124 3595 esse
1143 3566 1268 3596 Patrem
1292 3566 1331 3595 ad

269 3615 368 3639 extra:
394 3608 457 3644 sed,
483 3618 523 3638 an
546 3607 624 3638 ratio
648 3607 789 3638 formalis
811 3608 910 3639 Patris
925 3609 1056 3640 nomine
1079 3609 1260 3649 significata,
1277 3619 1333 3649 per

411 3671 520 3694 Summi-2
539 3669 640 3693 Tneot.
660 3669 690 3692 D.
704 3669 817 3693 Tuomss
836 3669 869 3694 T.
888 3670 906 3694 1.

1384 3301 1471 3342 prius
1500 3301 1621 3331 dicatur
1647 3301 1686 3331 de
1708 3301 1778 3331 Deo
1807 3308 1843 3332 ut
1871 3308 1917 3332 est
1943 3301 2034 3331 Pater
2061 3301 2157 3337 intra,
2187 3311 2284 3341 quarn
2313 3301 2351 3331 de
2379 3301 2448 3332 Deo

1385 3352 1421 3375 ut
1444 3351 1490 3375 est
1511 3345 1601 3375 Pater
1624 3351 1716 3376 extra.
1741 3363 1761 3367 -
1784 3345 1911 3382 Tertio,
1935 3345 1968 3386 ly
1986 3346 2091 3385 prius.
2116 3344 2269 3382 Quamvis
2300 3345 2385 3375 enim
2413 3355 2450 3376 ex

1385 3389 1506 3419 ratione
1529 3389 1562 3418 in
1585 3389 1770 3429 oppositum
1791 3389 1872 3420 facta
1894 3389 1927 3419 in
1949 3389 2066 3425 littera,
2090 3389 2285 3428 prioritatem
2307 3389 2449 3420 indistin-

1387 3439 1434 3463 cte
1457 3432 1630 3472 significare
1652 3433 1812 3469 videatur;
1844 3433 1958 3464 directe
1982 3440 2097 3469 tamen,
2122 3433 2155 3463 in
2178 3433 2361 3473 proposito,
2391 3440 2450 3464 stat

1386 3487 1444 3517 pro
1469 3477 1628 3517 prioritate
1652 3478 1828 3508 secundum
1851 3484 1980 3508 naturae
2004 3477 2158 3513 ordinem,
2179 3477 2234 3518 qui
2253 3477 2334 3508 inter
2349 3477 2449 3508 inten-

1386 3521 1487 3551 tiones
1511 3521 1606 3551 unius
1630 3521 1768 3551 nominis
1791 3521 1923 3551 inveniri
1947 3527 1993 3551 est
2014 3521 2134 3557 solitus,
2159 3528 2195 3551 ut
2217 3528 2302 3562 patet
2324 3521 2358 3552 in
2381 3529 2449 3552 toto

1386 3565 1414 3595 V
1438 3565 1612 3605 Metaphys
1637 3564 1666 3596 ⁴⁶.
1690 3583 1710 3587 —
1735 3565 1779 3596 Ita
1807 3565 1895 3606 quod
1924 3575 2033 3595 sensus
2062 3572 2127 3596 est:
2161 3568 2212 3596 An
2240 3565 2319 3596 ratio
2351 3566 2450 3596 Patris

1387 3609 1516 3639 nomine
1549 3608 1736 3649 significata,
1768 3609 1972 3649 personaliter
2004 3609 2101 3646 dicta,
2126 3609 2165 3640 sit
2187 3616 2317 3640 naturae
2340 3610 2450 3640 ordine

2271 3671 2306 3704 46

2478 577 2487 586 ·
2502 576 2569 598 Vers.
2584 577 2616 604 16,
2635 583 2666 605 ¹7-

2574 672 2587 697 Θ

2478 840 2488 849 ·
2503 838 2570 860 Vers.
2584 845 2605 860 2.

2479 2057 2488 2067 ·
2502 2058 2569 2080 Vers.
2585 2062 2621 2084 ²9·

2504 2367 2564 2389 Vide
2578 2373 2625 2394 arg.
2639 2373 2660 2396 3.

2515 2394 2583 2421 Resp.
2597 2394 2627 2415 ad
2641 2400 2658 2415 1.

2576 2531 2594 2556 λ

2502 2640 2565 2662 Loco
2580 2641 2657 2663 citato.

2477 2752 2488 2762 ⁸
2502 2751 2568 2773 Vers.
2583 2751 2615 2773 18.

2478 3576 2486 3584 “
2500 3574 2553 3595 Did.
2569 3574 2607 3595 lib.
2620 3574 2662 3595 1v.
