2768 4178
34 677 112 729 :tyul-
121 683 200 706 supra,
210 683 251 706 qu.

29 2340 53 2367 Ὺ*
66 2353 116 2384 Qu.
126 2360 174 2383 civ,
182 2358 227 2377 art.
237 2360 254 2377 ι.

247 2083 253 2089 ·
281 2045 395 2076 deinde
418 2043 544 2076 termini

985 242 1254 289 QUAESTIO
1283 242 1388 289 VIII,
1418 241 1716 278 ARTICULUS
1747 242 1759 276 I

2419 241 2468 277 83

949 386 1284 419 Commentaria
1307 385 1559 418 Cardinalis
1583 384 1784 417 Caietam·

307 506 328 526 N
351 488 462 532 titulo,
486 495 518 536 ly
541 495 633 526 Deus
654 493 792 525 sumitur
815 492 998 528 formaliter,
1023 499 1059 523 ut
1082 498 1128 522 est
1151 501 1270 521 nomen
1294 501 1348 520 na-

280 507 398 573 Iturae
422 539 546 570 divinae
561 545 598 570 ut
617 537 821 578 distinguitur
844 543 954 568 contra
975 535 1168 578 potentiam:
1192 534 1235 566 ita
1260 535 1350 575 quod

277 594 345 615 non
361 584 523 626 quaeritur
541 583 581 613 de
603 582 674 613 Deo
698 581 877 612 secundum
899 581 1078 622 potentiam
1099 589 1349 620 quamcumque,

277 629 333 660 sed
349 628 528 660 secundum
543 625 767 662 substantiam,
792 632 828 656 ut
847 631 934 666 patet
947 635 984 656 ex
999 623 1236 655 introductione
1255 623 1351 653 huius

277 672 490 714 quaestionis,
519 677 551 702 et
573 680 611 701 ex
633 669 727 701 titulo
755 669 854 701 totius
883 676 1031 701 tractatus
1047 668 1078 705 *,
1110 677 1212 708 usque
1236 668 1276 698 ad
1299 677 1350 697 x1v

278 716 509 758 quaestionem.
527 715 627 753 Quod
641 721 678 745 ut
692 714 809 747 melius
823 713 1025 754 intelligatur,
1042 712 1199 752 distingue
1214 712 1247 753 ly
1261 712 1352 743 Deus

278 760 462 802 dupliciter:
487 769 554 790 uno
578 759 689 795 modo,
706 758 881 790 secundum
905 759 1044 799 seipsum
1050 767 1065 796 ;
1089 757 1152 788 alio
1177 756 1287 793 modo,
1303 766 1351 787 se-

227 810 233 814 *
277 805 418 836 cundum
437 805 507 835 eius
529 803 683 844 diffusam
708 804 868 834 virtutem.
892 803 967 833 Non
992 810 1038 833 est
1061 801 1112 833 hic
1131 800 1286 842 quaestio,
1311 811 1351 830 an

277 849 377 880 virtus
400 848 507 879 divina
535 847 648 878 diffusa
671 847 711 878 sit
733 847 765 877 in
791 846 918 877 omnia:
943 847 999 877 sed
1022 857 1062 877 an
1085 846 1152 887 ipse
1175 846 1279 881 Deus,
1305 855 1350 875 se-

278 893 423 924 cundum
437 892 588 933 seipsum,
604 892 645 923 sit
666 892 699 922 in
723 891 884 923 omnibus.
902 909 921 914 -
938 892 986 932 Ly
1009 892 1051 922 sit
1075 892 1106 921 in
1131 900 1198 920 non
1214 889 1352 920 sumitur

278 937 484 970 determinate
507 947 567 977 pro
591 936 701 977 aliquo
730 935 858 977 speciali
881 936 981 966 modo
1006 934 1128 966 essendi
1151 936 1203 965 in:
1226 934 1281 964 sed
1304 933 1351 964 in-

277 981 432 1018 distincte,
450 988 480 1013 et
499 981 532 1012 in
556 980 733 1012 communi.
758 981 799 1011 Et
822 980 884 1011 hoc
908 981 987 1011 bene
1011 987 1103 1011 nota:
1128 978 1204 1020 quia
1227 978 1350 1014 Scotus‚

277 1026 312 1057 in
323 1026 483 1063 Secundo,
497 1025 568 1056 dist.
581 1036 614 1062 11,
627 1035 683 1066 qu.
694 1036 705 1055 1
719 1025 816 1065 partis
831 1025 987 1055 secundae
1003 1024 1088 1055 illius
1105 1022 1315 1054 distinctionis
1324 1020 1350 1058 *‚

277 1080 346 1102 non
373 1070 527 1101 intellexit
550 1070 636 1101 hunc
659 1069 799 1101 titulum.
831 1069 894 1100 Sed
917 1068 1088 1099 differenda
1111 1074 1158 1098 est
1181 1066 1248 1098 eius
1271 1066 1351 1097 ratio

245 1134 252 1146 ‚
278 1124 382 1156 usque
405 1115 445 1145 ad
468 1124 600 1145 examen
623 1113 837 1145 conclusionis
853 1113 879 1150 *‚
905 1121 941 1145 ut
964 1113 1079 1144 melius
1103 1110 1302 1153 percipiatur.

335 1159 374 1190 11.
398 1159 434 1190 In
465 1168 599 1199 corpore
630 1158 753 1190 articuli
781 1164 828 1189 est
858 1167 922 1188 una
951 1156 1134 1192 conclusio,
1167 1154 1351 1195 responsiva

278 1203 424 1246 quaesito
440 1202 636 1240 affirmative,
653 1203 772 1233 habens
794 1202 873 1233 duas
888 1209 1008 1243 partes:
1033 1202 1120 1232 Deus
1137 1206 1184 1230 est
1199 1199 1232 1229 in
1249 1198 1352 1229 omni-

250 1274 256 1276 .
274 1248 342 1280 bus
362 1248 456 1278 rebus
478 1247 600 1278 intime.

331 1292 489 1323 Probatur
511 1292 618 1332 primo
637 1293 748 1332 prima
765 1300 859 1331 pars.
889 1290 976 1320 Deus
1001 1296 1046 1320 est
1069 1289 1177 1330 ipsum
1201 1298 1269 1318 esse
1297 1296 1354 1327 per

279 1336 464 1368 essentiam:
496 1346 571 1376 ergo
599 1335 695 1366 habet
718 1344 785 1365 esse
814 1340 956 1365 creatum
983 1344 1042 1374 pro
1067 1332 1198 1374 proprio
1222 1331 1351 1367 effectu,

278 1391 347 1412 non
370 1381 478 1412 solum
493 1380 527 1410 in
545 1379 622 1416 fieri,
640 1379 694 1410 sed
709 1378 744 1409 in
759 1378 950 1410 conservari:
977 1387 1052 1419 ergo
1077 1383 1123 1408 est
1145 1377 1178 1407 in
1202 1375 1353 1407 omnibus

279 1425 362 1457 sieut
384 1434 497 1466 agens,
522 1430 553 1455 et
576 1433 643 1454 non
670 1423 752 1454 sicut
781 1422 925 1453 accidens
949 1429 1004 1454 aut
1026 1432 1108 1463 pars.
1140 1422 1226 1461 Ergo
1251 1427 1297 1451 est
1320 1419 1353 1450 in

279 1468 432 1501 omnibus
454 1468 559 1499 rebus.
579 1485 599 1490 —
617 1467 725 1499 Prima
748 1466 977 1508 consequentia
1000 1466 1176 1498 declaratur
1199 1475 1217 1495 a
1241 1464 1352 1495 simili:

278 1513 362 1545 sicut
387 1512 487 1553 ignire
511 1518 558 1543 est
579 1512 730 1553 proprius
754 1510 882 1542 effectus
905 1511 998 1552 ignis.
1030 1511 1071 1542 Et
1093 1510 1126 1551 ly
1149 1510 1257 1551 quoad
1280 1518 1353 1540 con-

277 1558 407 1593 servari
434 1556 624 1588 declaratur:
655 1556 736 1588 sicut
763 1556 875 1586 lumen
903 1562 1050 1587 causatur
1073 1565 1092 1585 a
1115 1555 1182 1585 sole
1210 1552 1353 1595 quandiu

279 1608 328 1638 est
349 1611 402 1632 aer
428 1600 638 1632 illuminatus.
662 1600 808 1632 Secunda
830 1610 906 1630 vero
931 1599 1060 1641 sequela
1083 1599 1253 1640 probatur:
1278 1597 1354 1638 quia

279 1655 379 1678 omne
402 1655 498 1686 agens
521 1652 650 1686 oportet
674 1643 826 1684 coniungi
850 1644 878 1675 ei
902 1644 935 1675 in
959 1644 1050 1685 quod
1072 1643 1255 1674 immediate
1279 1642 1353 1683 agit.

213 1686 233 1710 ·’
280 1690 381 1729 Quod
403 1691 558 1731 probatur
580 1689 767 1721 auctoritate
790 1688 847 1719 V11
871 1689 1019 1730 physic„
1044 1687 1149 1720 text.8
1166 1687 1198 1717 *z
1224 1696 1354 1717 movens

241 1747 246 1755 ·
281 1740 312 1767 et
333 1739 455 1766 motum
479 1739 603 1774 oportet
626 1743 695 1765 esse
717 1733 824 1765 simul.

335 1778 486 1811 Secunda
501 1783 609 1809 autem
625 1788 705 1819 pars
723 1777 948 1814 conclusionis,
964 1777 1081 1808 scilicet
1095 1777 1128 1818 ly
1143 1777 1264 1813 intime,
1281 1785 1354 1816 pro—

268 1824 373 1862 ,batur
395 1823 450 1854 sic.
478 1823 560 1854 Esse
583 1829 630 1854 est
658 1822 791 1853 formale
814 1829 959 1863 respectu
983 1821 1133 1852 omnium
1159 1830 1242 1862 quae
1265 1820 1299 1850 in
1322 1829 1355 1850 re

281 1874 370 1900 sunt:
396 1877 471 1908 ergo
500 1867 583 1898 inest
609 1866 802 1908 profundius
825 1866 992 1896 omnibus:
1018 1875 1094 1905 ergo
1125 1871 1172 1896 est
1200 1863 1354 1895 intimum

279 1911 419 1952 cuilibet.
445 1912 530 1952 Ergo
550 1911 648 1947 Deus,
665 1910 814 1952 proprius
837 1917 925 1941 actor
941 1909 1074 1946 essendi,
1090 1915 1137 1940 est
1153 1909 1186 1939 in
1203 1908 1355 1939 omnibus

278 1956 402 1988 intime.

337 2000 390 2032 111.
408 1999 501 2031 Circa
519 1999 606 2030 hunc
624 2009 821 2039 processum,
838 1999 944 2039 primo
964 1997 1151 2029 declaranda
1171 2004 1217 2028 est
1240 1996 1353 2033 forma,

565 2041 597 2080 *ς
622 2051 652 2075 et
675 2050 749 2084 post
772 2043 1036 2074 examinabuntur
1059 2042 1183 2082 singula
1202 2041 1246 2072 *ἦ
1271 2042 1356 2072 Nota

280 2099 356 2130 ergo
367 2089 458 2130 quod
469 2088 502 2119 in
514 2094 600 2119 textu
617 2088 719 2128 prima
735 2087 962 2128 consequentia
978 2096 1046 2117 non
1061 2086 1155 2117 infert
1171 2093 1355 2126 utrumque,

279 2133 400 2167 scilicet
421 2133 511 2174 quod
529 2142 598 2164 esse
613 2132 790 2173 dependeat
805 2138 836 2163 et
851 2131 884 2162 in
900 2131 966 2162 fieri
986 2138 1017 2162 et
1032 2131 1067 2161 in
1082 2130 1274 2161 conservari:
1299 2130 1355 2160 sed

280 2183 407 2210 tantum
430 2177 520 2218 quod
542 2176 583 2207 sit
605 2176 755 2217 proprius
780 2175 919 2207 effectus.
944 2174 1059 2207 Visum
1083 2181 1130 2205 est
1152 2180 1260 2205 autem
1283 2174 1354 2204 iun-

279 2231 354 2264 gere
369 2228 543 2262 utrumque
557 2221 592 2251 in
608 2230 674 2251 uno
699 2227 924 2262 consequente,
942 2219 1017 2261 quia
1040 2219 1074 2250 in
1096 2219 1199 2250 littera
1218 2218 1354 2249 omnino

280 2266 460 2298 secundum
487 2266 607 2296 horum
637 2274 704 2295 non
735 2265 906 2306 probatur,
937 2265 993 2295 sed
1023 2263 1199 2294 declaratur
1229 2269 1355 2293 tantum

280 2310 428 2352 exemplo
451 2309 594 2341 luminis.
622 2309 664 2340 Et
687 2309 764 2350 quia
786 2319 858 2340 vere
883 2308 1111 2349 consequentia
1133 2308 1224 2344 valet,
1250 2314 1286 2338 ut
1308 2307 1354 2337 in-

280 2354 378 2387 ferius
397 2350 427 2392 *‚
452 2364 528 2385 cum
552 2354 591 2385 de
614 2353 827 2394 dependentia
850 2361 881 2384 et
904 2353 1144 2384 conservatione
1167 2361 1274 2382 rerum
1298 2351 1356 2382 erit

281 2409 402 2436 sermo,
427 2398 561 2440 patebit;
586 2405 753 2439 propterea
777 2398 872 2429 etiam
896 2398 947 2428 hic
970 2396 1231 2438 superficietenus
1254 2396 1354 2426 mani-

280 2444 443 2480 festantur,
467 2443 544 2484 quia
566 2442 698 2473 inferius
720 2442 754 2473 in
776 2443 850 2474 loco
874 2442 1005 2483 proprio
1029 2442 1261 2482 probabuntur.
1308 2465 1316 2468 ,

280 2518 282 2521 ,
334 2489 388 2520 IV.
411 2488 498 2519 Nota
519 2487 671 2525 secundo,
690 2487 780 2528 quod
804 2487 837 2517 in
861 2493 1076 2527 consequente
1097 2485 1255 2516 secundae
1279 2494 1354 2515 con-

281 2532 481 2576 sequentiae,
506 2530 752 2571 subintelligitur
773 2531 806 2572 ly
830 2531 1061 2562 immediatum.
1093 2531 1136 2561 Ut
1160 2530 1246 2560 enim
1269 2536 1355 2569 patet

281 2587 320 2609 ex
337 2577 536 2619 probatione,
553 2586 659 2606 sermo
676 2582 723 2606 est
739 2576 778 2605 de
801 2582 912 2615 agente
931 2575 1079 2616 proximo
1099 2585 1154 2605 seu
1171 2573 1355 2604 immediate

281 2628 403 2663 agente,
423 2627 460 2652 ut
478 2620 532 2651 sic.
557 2621 623 2651 Nec
643 2627 689 2650 est
704 2629 809 2650 sermo
826 2619 865 2650 de
881 2629 1085 2661 quacumque
1104 2618 1353 2654 immediatione,

281 2666 338 2697 sed
359 2664 529 2706 suppositi.
552 2666 660 2704 Agens
684 2664 770 2695 enim
793 2670 899 2704 potest
915 2663 1082 2705 dupliciter
1105 2663 1167 2694 dici
1189 2662 1353 2693 immedia-

281 2718 371 2746 tum,
396 2716 432 2741 ut
455 2709 588 2740 docetur
609 2708 643 2739 in
668 2708 709 2738 111
732 2708 824 2739 Cont.
844 2708 950 2746 Gent„
970 2718 1038 2749 cap.
1054 2717 1130 2738 Lxx:
1155 2707 1272 2738 scilicet
1294 2707 1353 2737 im-

282 2754 476 2786 mediatione
500 2754 639 2790 virtutis,
664 2759 695 2784 et
717 2752 956 2784 immediatione
979 2753 1144 2793 suppositi.
1168 2752 1226 2782 Est
1245 2758 1353 2782 autem

281 2798 640 2834 immediatio-virtutis,
657 2797 788 2838 quando
803 2796 903 2828 virtus
926 2797 1046 2838 agentis
1069 2796 1211 2836 iungitur
1230 2795 1353 2826 effectui

281 2853 350 2875 non
371 2842 585 2874 mendicando
609 2842 706 2872 talem
735 2841 996 2873 coniunctionem
1019 2842 1058 2872 ab
1082 2841 1189 2882 aliqua
1211 2840 1270 2870 alia
1293 2840 1353 2870 vir-

281 2895 360 2920 tute.
388 2888 430 2919 Et
452 2893 636 2928 propterea,
661 2892 783 2927 quanto
806 2895 902 2927 agens
925 2893 972 2917 est
994 2885 1157 2926 superius,
1182 2891 1270 2915 tanto
1294 2884 1353 2914 im-

281 2931 451 2964 mediatius
470 2931 534 2972 agit
549 2930 788 2962 immediatione
804 2930 942 2962 virtutis:
967 2929 1123 2972 quoniam
1141 2928 1272 2959 inferius
1291 2928 1354 2968 agit

281 2977 397 3008 virtute
420 2975 608 3017 superioris,
635 2981 665 3006 et
688 2984 754 3005 non
779 2984 796 3005 e
820 2984 983 3006 converso.
1018 2973 1217 3005 Immediatio
1246 2978 1354 3003 autem

281 3021 438 3062 suppositi
460 3026 516 3057 est,
536 3020 667 3062 quando
691 3019 772 3050 inter
795 3019 1000 3060 suppositum
1023 3028 1118 3059 agens
1143 3025 1173 3049 et
1196 3016 1352 3054 effectum,

282 3065 410 3097 nullum
425 3065 544 3096 mediat
567 3064 772 3105 suppositum
795 3063 1038 3095 subordinatum
1053 3072 1198 3103 coagens.
1222 3062 1264 3092 Et
1279 3071 1352 3102 pro-

282 3117 399 3151 pterea,
413 3116 535 3151 quanto
551 3119 647 3149 agens
667 3115 714 3139 est
731 3107 872 3145 inferius,
885 3114 974 3139 tanto
994 3114 1041 3139 est
1059 3106 1275 3137 immediatius
1293 3106 1354 3136 im-

283 3153 477 3185 mediatione
499 3153 667 3194 suppositi.
697 3153 738 3184 Et
761 3152 916 3193 quoniam
946 3152 997 3183 hic
1020 3158 1067 3183 est
1090 3161 1194 3182 sermo
1219 3150 1258 3181 de
1280 3150 1352 3191 ipso

282 3199 352 3230 Deo
377 3197 554 3229 secundum
577 3197 728 3238 seipsum,
749 3207 790 3227 an
812 3196 852 3227 sit
874 3196 908 3227 in
926 3197 1034 3233 rebus,
1057 3196 1130 3227 ideo
1154 3195 1352 3226 immediatio

282 3241 487 3283 suppositalis
509 3247 556 3273 est
578 3242 619 3273 ad
636 3241 856 3283 propositum:
881 3241 924 3271 ita
946 3241 1036 3282 quod
1052 3249 1250 3280 consequens
1273 3239 1353 3270 illud

282 3286 418 3318 intendit
437 3286 527 3327 quod
548 3286 636 3317 Deus
660 3293 707 3317 est
728 3286 762 3316 in
786 3285 937 3316 omnibus
953 3290 990 3316 ut
1007 3294 1110 3326 agens
1134 3283 1351 3315 immediatum

281 3330 531 3372 suppositaliter,
550 3330 631 3361 idest
648 3330 833 3371 proximum
848 3336 878 3360 et
896 3328 1208 3370 propinquissimum
1231 3338 1352 3369 suppo-

282 3376 426 3412 sitaliter;
440 3374 494 3405 'ita
517 3374 607 3414 quod
629 3374 709 3406 inter
731 3375 839 3406 Deum
863 3381 893 3405 et
916 3373 1091 3415 quamlibet
1113 3383 1197 3409 rem,
1225 3372 1352 3403 nullum

282 3419 401 3451 mediat
428 3418 633 3459 suppositum
656 3429 751 3460 agens
778 3419 876 3450 illam.
893 3436 913 3441 -
931 3418 1021 3449 Patet
1043 3424 1152 3448 autem
1174 3417 1261 3448 hunc
1286 3427 1352 3448 esse

281 3474 412 3495 sensum
434 3462 569 3499 litterae,
593 3469 665 3494 tum
687 3473 724 3494 ex
745 3463 934 3504 probatione
953 3462 1073 3493 ibidem
1095 3462 1234 3498 inducta,
1254 3471 1352 3502 quam

282 3515 405 3540 constat
428 3517 495 3538 non
518 3506 578 3537 nisi
607 3507 646 3537 de
669 3506 714 3538 sic
739 3507 888 3548 proximo
912 3514 1023 3547 agente
1047 3514 1078 3538 et
1099 3512 1250 3537 movente
1272 3506 1352 3536 veri-

282 3552 383 3584 ficari:
411 3560 482 3583 tum
505 3551 581 3592 quia
604 3560 641 3581 ex
663 3551 732 3581 sola
754 3551 994 3583 immediatione
1016 3551 1138 3582 virtutis
1161 3560 1229 3581 non
1257 3550 1352 3580 infer-

283 3604 352 3634 tur,
386 3607 466 3638 ergo
489 3597 579 3626 Deus
608 3595 783 3626 secundum
806 3597 944 3636 seipsum
970 3601 1017 3627 est
1047 3597 1078 3626 in
1103 3595 1267 3633 omnibus,
1298 3595 1351 3625 sed

1403 493 1578 523 secundum
1603 494 1673 523 eius
1694 491 1849 532 diffusam
1867 497 1896 522 et
1905 493 2134 532 participatam
2160 493 2308 523 virtutem
2315 502 2329 530 ;
2346 499 2382 523 ut
2397 492 2472 523 Avi-

1405 546 1514 573 cenna,
1539 546 1663 577 ponens
1677 534 1693 551 *
1716 536 1854 576 primam
1878 535 2118 576 intelligentiam
2141 543 2266 567 tantum
2288 537 2395 567 Deum
2418 546 2474 577 per

1404 581 1546 621 seipsum
1569 580 1765 621 produxisse,
1791 580 1985 611 concederet.
2011 580 2188 618 Quomodo
2212 587 2319 611 autem
2342 581 2404 611 hoc
2422 590 2473 611 ve-

1404 635 1477 655 rum
1500 625 1549 662 sit,
1574 625 1664 656 facile
1687 624 1949 656 manifestabitur.

1460 670 1500 700 V.
1518 670 1604 700 Nota
1622 670 1727 707 tertio,
1744 669 1834 710 quod
1858 678 2056 709 consequens
2075 668 2194 709 primae
2219 669 2473 709 consequentiae,

1406 713 1523 745 scilicet
1545 724 1625 755 ergo
1649 713 1742 744 habet
1765 722 1834 744 esse
1850 723 1915 753 pro
1932 714 2068 753 proprio
2093 713 2219 753 effectu,
2245 720 2350 753 potest
2371 713 2474 753 dupli-

1406 758 1482 789 citer
1504 758 1645 799 intelligi,
1663 764 1821 799 quantum
1844 757 1884 787 ad
1907 767 2054 797 praesens
2071 763 2198 797 spectat.
2224 758 2297 788 Uno
2313 757 2424 793 modo,
2439 763 2476 787 ut

1406 803 1438 844 ly
1447 804 1620 843 proprium
1636 801 1840 842 distinguitur
1856 808 1965 832 contra
1981 809 2165 832 commune:
2188 808 2218 832 et
2233 801 2276 832 sic
2292 808 2338 832 est
2353 811 2474 837 sensus,

1406 857 1474 878 esse
1490 852 1537 878 est
1556 846 1689 887 effectus
1702 857 1722 877 a
1737 846 1806 877 solo
1824 846 1895 877 Deo
1903 847 2110 886 proveniens,
2128 845 2323 876 excludendo
2344 855 2475 876 omnem

1406 891 1546 922 mediam
1565 901 1694 922 causam
1711 890 1896 921 effectivam.
1919 890 1961 921 Et
1976 890 2063 920 hunc
2079 899 2208 920 sensum
2223 889 2335 930 accipit
2351 889 2474 925 Scotus‚

1406 936 1439 966 in
1455 936 1588 973 Quarto,
1606 935 1677 966 dist.
1694 945 1714 971 1,
1736 945 1791 976 qu.
1809 944 1833 965 1:
1859 941 1889 965 et
1911 934 2005 965 male.
2029 934 2091 965 Sed
2113 934 2154 970 de
2176 933 2238 964 hoc
2261 934 2294 964 in
2318 943 2373 974 qu.
2390 933 2476 963 ην*

1405 979 1537 1011 inferius
1561 979 1782 1020 disputabitur.
1798 997 1818 1002 —
1834 979 1908 1010 Alio
1931 979 2043 1015 modo,
2065 985 2101 1009 ut
2123 978 2156 1019 ly
2172 979 2343 1019 proprium
2368 978 2475 1009 distin-

1406 1024 1513 1064 guitur
1537 1031 1646 1055 contra
1668 1024 1822 1055 alienum.
1846 1023 1998 1054 Alienum
2021 1029 2139 1059 autem,
2163 1022 2196 1053 in
2218 1022 2403 1063 proposito,
2429 1022 2474 1052 di-

1407 1069 1487 1100 citur
1510 1079 1607 1099 omne
1630 1068 1720 1110 quod
1736 1078 1793 1109 per
1807 1067 1894 1099 aliud
1917 1067 2007 1103 inest,
2028 1067 2124 1098 etiam
2147 1067 2173 1097 si
2196 1076 2253 1107 per
2276 1076 2308 1097 se
2331 1066 2420 1098 insit:
2446 1073 2476 1097 et

1406 1113 1450 1143 sic
1467 1114 1639 1153 proprium
1662 1112 1748 1143 idem
1765 1111 1919 1152 significat
1934 1112 2023 1153 quod
2033 1121 2097 1152 per
2114 1121 2148 1142 se
2160 1112 2280 1152 primo.
2305 1111 2347 1141 Et
2364 1110 2415 1141 hic
2430 1117 2477 1141 est

1406 1157 1545 1188 intentus
1562 1164 1593 1188 et
1608 1166 1701 1187 verus
1725 1166 1846 1187 sensus.
1869 1157 1951 1187 Esse
1967 1156 2053 1186 enim
2077 1162 2123 1186 est
2145 1165 2201 1195 per
2225 1165 2257 1186 se
2281 1155 2384 1195 primo
2405 1154 2475 1185 effe-

1407 1208 1475 1232 ctus
1499 1201 1620 1241 primae
1644 1211 1765 1237 causae,
1786 1207 1817 1231 et
1835 1200 1914 1231 ratio
1939 1200 2093 1241 cuiusque
2112 1199 2156 1230 rei
2175 1199 2264 1240 quod
2287 1199 2326 1230 sit
2340 1210 2358 1230 a
2373 1199 2476 1240 prima

1407 1255 1511 1281 causa,
1527 1251 1563 1275 ut
1578 1245 1611 1275 in
1627 1244 1788 1285 praedicto
1808 1245 1881 1275 loco
1904 1244 2034 1284 patebit.
2059 1244 2100 1274 Et
2122 1243 2185 1274 hoc
2208 1243 2322 1274 directe
2341 1243 2476 1274 intendit

1407 1289 1634 1330 consequentia
1663 1288 1800 1325 litterae,
1824 1288 1935 1319 volens
1958 1288 2048 1329 quod
2070 1288 2109 1318 ab
2133 1297 2200 1318 esse
2222 1297 2279 1328 per
2308 1287 2476 1318 essentiam

1407 1333 1564 1364 derivetur
1588 1343 1685 1363 omne
1709 1343 1776 1363 esse
1800 1339 1835 1363 ut
1858 1332 1911 1368 sic,
1937 1339 1973 1363 ut
1995 1331 2144 1372 proprius
2168 1331 2304 1367 effectus,
2321 1331 2401 1362 idest
2421 1341 2477 1371 per

1407 1387 1440 1408 se
1455 1377 1561 1418 primo
1576 1377 1714 1408 effectus.
1731 1395 1751 1399 -
1767 1377 1809 1408 Et
1823 1376 1980 1417 quamvis,
1997 1382 2034 1407 ut
2049 1375 2092 1406 ibi
2107 1375 2236 1416 patebit,
2254 1375 2355 1417 possit
2368 1375 2478 1406 multis

1407 1421 1513 1453 modis
1536 1420 1702 1457 verificari,
1726 1421 1767 1451 ad
1788 1421 1993 1461 propositum
2015 1427 2122 1451 tamen
2146 1430 2230 1451 unus
2254 1419 2397 1456 sufficiat,
2422 1430 2478 1460 per

1407 1476 1506 1507 quem
1524 1465 1626 1506 magis
1648 1465 1749 1506 liquet
1772 1475 1919 1506 praesens
1942 1465 2053 1496 littera.
2078 1464 2201 1495 Dicitur
2220 1474 2294 1505 ergo
2314 1474 2382 1495 esse
2404 1474 2477 1504 pro-

1406 1511 1495 1552 prius
1515 1520 1570 1541 seu
1584 1520 1649 1551 per
1662 1519 1697 1541 se
1708 1511 1819 1550 primo
1835 1509 1963 1540 effectus
1982 1508 2051 1545 Dei,
2068 1509 2144 1549 quia
2162 1508 2250 1539 solus
2270 1509 2357 1539 Deus
2372 1515 2478 1549 potest

1408 1554 1517 1585 omnia
1540 1554 1641 1585 facere
1664 1564 1747 1595 quae
1771 1554 1939 1594 exiguntur
1961 1553 2001 1584 ad
2025 1553 2087 1583 hoc
2110 1560 2146 1584 ut
2169 1553 2289 1594 aliquid
2313 1553 2361 1589 sit,
2386 1553 2478 1594 quid-

1408 1599 1487 1640 quid
1510 1598 1550 1630 sit
1565 1598 1654 1630 illud.
1681 1598 1797 1630 Omnis
1820 1598 1906 1628 enim
1929 1607 1977 1628 res
2001 1604 2056 1628 aut
2075 1604 2121 1628 est
2143 1597 2321 1634 materialis,
2341 1604 2396 1628 aut
2418 1597 2477 1627 irn-

1408 1643 1587 1674 materialis.
1611 1643 1644 1674 Si
1662 1642 1842 1679 materialis,
1862 1642 1902 1672 ad
1918 1652 1984 1672 esse
2001 1641 2069 1672 eius
2085 1641 2217 1681 exigitur
2240 1641 2379 1678 materia,
2396 1652 2478 1682 quae

1408 1698 1427 1718 a
1450 1687 1521 1718 solo
1544 1687 1615 1718 Deo
1639 1694 1762 1718 creatur
1784 1693 1815 1718 et
1839 1693 2056 1721 conservatur:
2082 1686 2108 1716 si
2131 1685 2357 1722 immaterialis,
2375 1696 2393 1716 a
2408 1686 2478 1716 Deo

1409 1732 1480 1763 solo
1505 1738 1560 1768 est,
1579 1738 1614 1763 ut
1629 1730 1761 1762 inferius
1777 1730 1794 1750 '¹‘
1816 1731 2012 1772 probabitur,
2033 1740 2108 1761 cum
2123 1730 2162 1760 de
2180 1730 2323 1770 potentia
2347 1730 2479 1760 creativa

1409 1776 1601 1808 tractabitur.
1625 1776 1667 1807 Et
1682 1775 1757 1806 hinc
1776 1782 1863 1816 patet
1881 1775 1970 1816 quod
1986 1775 2019 1805 in
2034 1774 2125 1805 omni
2143 1784 2176 1805 re
2200 1781 2247 1805 est
2261 1774 2381 1815 aliquid
2405 1785 2478 1814 pro-

1409 1821 1543 1852 ductum
1567 1827 1598 1851 et
1621 1826 1844 1851 conservatum
1860 1830 1878 1850 a
1894 1819 1965 1850 solo
1989 1819 2059 1850 Deo
2075 1819 2219 1859 proxime
2235 1825 2265 1849 et
2279 1818 2476 1849 immediate:

1409 1866 1442 1896 in
1465 1865 1559 1896 rebus
1582 1864 1715 1906 quidem
1737 1863 1961 1900 materialibus,
1982 1863 2156 1895 substantia
2179 1863 2327 1894 materiae
2342 1863 2477 1904 primae;

1408 1910 1442 1940 in
1466 1909 1616 1950 separatis
1639 1915 1757 1945 autem,
1773 1908 1842 1949 ipsa
1865 1908 2050 1939 substantia.
2074 1908 2116 1939 Et
2130 1914 2297 1948 propterea
2320 1908 2408 1938 Deus
2432 1907 2478 1938 di-

1409 1954 1490 1985 citur
1521 1963 1616 1994 agens
1645 1952 1794 1984 omnium
1826 1952 2009 1983 immediate
2038 1951 2277 1982 immediatione
2308 1951 2477 1992 suppositi.

1408 1998 1484 2028 Non
1508 1998 1595 2029 enim
1611 1997 1725 2028 dicitur
1748 1997 1782 2027 in
1803 1996 1906 2028 littera
1922 1997 2011 2037 quod
2030 1997 2117 2027 Deus
2136 2002 2182 2027 est
2197 2005 2292 2035 agens
2311 1996 2477 2026 immedia-

1410 2049 1480 2073 tum
1503 2042 1652 2073 omnium
1674 2041 1782 2082 quoad
1803 2042 1923 2079 omnia,
1947 2041 2003 2071 sed
2025 2040 2132 2081 quoad
2149 2040 2282 2080 aliquid,
2307 2039 2424 2071 scilicet
2438 2040 2478 2070 ad

1410 2096 1493 2117 esse:
1518 2086 1594 2128 quia
1610 2085 1720 2117 omnia
1736 2085 1799 2126 agit
1813 2085 2006 2121 immediate,
2023 2085 2132 2126 quoad
2155 2084 2274 2125 aliquid
2289 2084 2477 2125 requisitum

1410 2131 1450 2161 ad
1474 2141 1541 2162 esse
1564 2130 1660 2161 illius.
1687 2130 1728 2161 Et
1751 2136 1919 2170 propterea
1942 2129 2114 2169 assumpsit
2136 2138 2195 2169 pro
2210 2128 2318 2158 medio
2340 2129 2477 2159 termino

1410 2175 1625 2206 causalitatem
1648 2184 1747 2215 quam
1771 2174 1864 2204 habet
1887 2174 1974 2204 Deus
1998 2179 2141 2213 respectu
2165 2172 2265 2212 ipsius
2289 2182 2367 2210 esse,
2388 2173 2478 2213 quod

1409 2220 1561 2250 omnibus
1585 2225 1712 2259 oportet
1743 2228 1809 2248 esse
1839 2227 2030 2248 commune:
2063 2217 2152 2258 quod
2184 2217 2269 2247 enim
2293 2227 2359 2247 non
2383 2217 2477 2257 parti-

1410 2264 1494 2304 cipat
1517 2273 1594 2299 esse,
1620 2272 1686 2293 non
1710 2269 1766 2295 est.

1466 2307 1520 2339 VI.
1544 2309 1630 2338 Nota
1651 2312 1786 2348 quarto,
1812 2306 1901 2346 quod
1923 2306 1957 2336 in
1981 2305 2169 2346 probatione
2200 2306 2355 2336 secundae
2382 2306 2479 2346 partis

1410 2352 1634 2388 conclusionis,
1659 2361 1727 2382 esse
1750 2350 1865 2382 dicitur
1888 2349 2080 2390 profundius
2095 2360 2130 2380 ac
2149 2349 2293 2380 intimius
2317 2350 2477 2386 omnibus,

1409 2397 1484 2438 quia
1508 2404 1554 2428 est
1578 2395 1712 2426 formale
1735 2401 1878 2435 respectu
1903 2394 2062 2425 omnium.
2086 2394 2127 2424 Et
2142 2394 2273 2424 merito:
2298 2394 2376 2424 nihil
2392 2394 2478 2424 enim

1408 2442 1441 2472 in
1464 2452 1497 2472 re
1520 2441 1627 2482 aliqua
1650 2447 1706 2476 est,
1722 2440 1811 2480 quod
1835 2449 1901 2469 non
1918 2445 2061 2469 actuetur
2079 2448 2136 2478 per
2159 2448 2236 2474 esse,
2253 2438 2316 2468 sive
2340 2448 2411 2478 pars
2431 2449 2477 2468 es-

1409 2485 1562 2522 sentialis,
1587 2485 1652 2515 sive
1675 2483 1850 2524 integralis,
1875 2482 1939 2513 sive
1963 2482 2179 2522 praedicatum
2203 2482 2406 2512 substantiale
2428 2483 2478 2512 vel

1408 2530 1615 2565 accidentale;
1640 2538 1771 2559 omnem
1795 2528 1881 2558 enim
1903 2527 2051 2567 gradum,
2077 2537 2209 2556 ornnem
2231 2526 2387 2557 rationem
2410 2536 2478 2557 esse

1408 2574 1540 2615 attingit.
1565 2573 1667 2604 Multa
1690 2580 1795 2603 tamen
1812 2572 1845 2602 in
1861 2581 1892 2601 re
1909 2578 1992 2607 sunt,
2009 2581 2092 2611 quae
2113 2581 2177 2601 non
2201 2577 2276 2601 sunt
2292 2571 2475 2607 substantia,

1409 2626 1464 2650 aut
1479 2628 1605 2658 corpus,
1623 2624 1681 2648 etc.
1706 2615 1900 2647 Profundius
1925 2625 1999 2655 ergo
2024 2615 2184 2651 omnibus,
2205 2621 2236 2646 et
2254 2615 2343 2655 quod
2362 2615 2476 2646 ultimo

1407 2663 1441 2693 in
1464 2662 1658 2694 resolutione
1687 2667 1796 2697 restat,
1822 2667 1852 2691 et
1875 2660 1964 2700 quod
1987 2659 2092 2700 primo
2126 2659 2394 2700 compositionem
2417 2666 2476 2690 ter—

1407 2707 1516 2743 minat,
1542 2713 1587 2737 est
1611 2715 1689 2742 esse,
1714 2711 1771 2735 etc.

1461 2751 1529 2782 VII.
1547 2750 1638 2781 Circa
1654 2759 1783 2779 sensum
1799 2748 2014 2779 conclusionis
2030 2755 2060 2779 et
2075 2748 2158 2779 tituli
2169 2747 2196 2784 *,
2217 2748 2353 2778 dubium
2367 2758 2475 2779 occur—

1406 2797 1446 2827 rit
1462 2806 1498 2826 ex
1510 2795 1616 2830 Scuto,
1633 2794 1666 2824 in
1681 2793 1839 2829 Secundo,
1855 2793 1924 2823 dist.
1938 2802 1970 2829 11,
1986 2802 2040 2833 qu.
2055 2803 2085 2824 v.
2102 2792 2148 2823 Ibi
2164 2792 2259 2828 enim,
2279 2805 2294 2820 α
2305 2793 2434 2829 Quaero
2445 2805 2474 2829 ι,

1406 2839 1524 2880 inquit,
1553 2852 1567 2867 α
1582 2838 1660 2879 quid
1683 2837 1819 2868 intendis
1841 2846 1991 2878 quaerere
2015 2843 2046 2868 et
2068 2834 2277 2868 concludere?
2298 2839 2366 2867 Aut
2387 2847 2475 2877 prae-

1408 2884 1541 2914 sentiam
1559 2882 1619 2913 Dei
1634 2882 1668 2912 in
1684 2881 1834 2914 omnibus
1850 2881 1972 2916 ratione
1987 2881 2190 2923 operationis,
2207 2887 2261 2911 aut
2281 2881 2401 2911 ratione
2416 2881 2474 2911 im-

1407 2927 1591 2958 mensitatis.
1615 2926 1648 2957 Si
1671 2926 1822 2966 primum,
1851 2935 1926 2966 ergo
1949 2925 2159 2956 committitur
2177 2925 2288 2965 petitio
2311 2924 2472 2965 principii:

1408 2972 1483 3014 quia
1506 2971 1668 3002 conclusio
1686 2977 1741 3007 est,
1765 2970 1857 3001 Deus
1880 2976 1927 3001 est
1950 2970 1983 3000 in
2007 2970 2162 3007 omnibus,
2184 2969 2264 2999 idest
2287 2969 2475 2999 coniunctus

1407 3016 1553 3048 omnibus
1577 3020 1611 3046 ut
1634 3024 1752 3056 agen,
1778 3021 1810 3046 et
1831 3015 1956 3045 medius
1981 3013 2133 3044 terminus
2158 3019 2204 3043 est
2226 3013 2288 3043 hoc
2310 3012 2414 3049 idem,
2439 3019 2475 3043 ut

1407 3068 1494 3102 patet
1515 3061 1548 3091 in
1571 3059 1681 3090 littera.
1715 3059 1757 3090 Et
1779 3066 1954 3099 praeterea,
1979 3058 2056 3088 haec
2085 3057 2246 3088 conclusio
2271 3066 2337 3086 non
2365 3063 2411 3087 est
2435 3057 2474 3086 ad

1407 3105 1626 3147 propositum:
1651 3103 1727 3144 quia
1749 3103 1894 3144 quaestio
1910 3110 1964 3134 tua
1979 3109 2026 3133 est
2045 3103 2085 3132 de
2108 3101 2281 3142 praesentia
2304 3111 2385 3141 quae
2404 3111 2473 3141 spe-

1407 3157 1469 3181 ctat
1493 3150 1532 3180 ad
1554 3147 1800 3178 immensitatem
1824 3147 1894 3184 Dei,
1915 3155 1950 3178 ut
1972 3147 2005 3177 in
2028 3146 2262 3176 introductione
2281 3144 2474 3186 quaestionis

1407 3194 1511 3235 ponis.
1527 3211 1545 3217 -
1562 3193 1594 3223 Si
1611 3192 1798 3229 secundum,
1815 3202 1889 3233 ergo
1910 3191 2085 3232 praesentia
2107 3189 2326 3220 immensitatis
2343 3189 2474 3220 conclu-

1408 3239 1491 3269 ditur
1514 3237 1600 3278 apud
1624 3243 1654 3267 te
1670 3246 1691 3266 a
1700 3237 1886 3277 posteriori,
1904 3246 1940 3267 ex
1959 3234 2133 3276 praesentia
2156 3233 2274 3274 agentis
2297 3240 2332 3264 ut
2355 3233 2408 3263 sic.
2433 3233 2475 3263 Et

1407 3290 1483 3314 tunc
1513 3281 1655 3323 sequitur
1678 3280 1828 3317 ulterius,
1860 3290 1940 3322 ergo
1962 3279 2141 3311 substantia
2163 3278 2342 3319 spiritualis
2369 3283 2416 3308 est
2439 3278 2471 3307 in

1407 3329 1476 3358 loco
1492 3328 1590 3367 prius
1613 3330 1732 3356 natura
1755 3335 1852 3366 quam
1876 3324 1998 3365 aliquid
2021 3328 2186 3363 operetur,
2211 3322 2300 3362 quod
2323 3329 2357 3351 tu
2377 3331 2472 3361 negas

1406 3372 1439 3402 in
1462 3370 1592 3401 materia
1614 3369 1652 3400 de
1675 3369 1747 3400 loco
1772 3369 1968 3409 angelorum.
1984 3380 1998 3394 »

1459 3415 1541 3447 VIII.
1568 3414 1620 3445 Ad
1642 3413 1705 3444 hoc
1728 3413 1855 3450 dicitur,
1880 3413 1969 3453 quod
1992 3410 2174 3442 coniunctio
2198 3410 2258 3440 Dei
2282 3420 2356 3441 cum
2379 3410 2472 3440 rebus

1406 3466 1511 3501 potest
1534 3458 1617 3489 sumi
1642 3457 1822 3498 dupliciter:
1849 3467 1914 3488 uno
1930 3456 2041 3491 modo,
2058 3465 2116 3495 pro
2137 3454 2208 3495 ipso
2228 3459 2387 3491 contactu,
2405 3464 2470 3494 quo

1406 3506 1492 3535 Deus
1517 3504 1584 3544 ipse
1611 3512 1758 3543 remper
1781 3502 1921 3542 seipsum
1945 3499 2059 3540 tangit;
2084 3498 2146 3529 alio
2169 3499 2279 3535 modo,
2304 3509 2362 3538 pro
2386 3498 2470 3528 rela-

1406 3550 1491 3580 tione
1503 3548 1719 3588 praesentiae,
1736 3556 1809 3589 qua,
1827 3544 2085 3576 denominatione
2101 3543 2237 3579 relativa,
2255 3543 2368 3573 dicitur
2384 3552 2471 3582 prae-

1406 3603 1477 3624 sens
1493 3592 1669 3623 secundum
1685 3601 1717 3621 se
1734 3590 1837 3621 alicui.
1864 3590 1895 3620 Si
1911 3589 2047 3619 sumitur
2062 3587 2166 3628 primo
2183 3588 2293 3623 modo,
2307 3587 2349 3617 sic
2366 3587 2471 3617 Deum

2499 539 2510 550 ⁸
2520 539 2634 567 Melaph„
2646 543 2713 562 tract.

2501 572 2532 593 ix,
2548 572 2599 593 cap.
2608 571 2638 587 tv.

2503 942 2512 950 ·
2527 940 2578 961 Art.
2590 945 2610 967 5.

2504 1735 2515 1746 ¹⁸
2531 1734 2587 1756 Loc.
2597 1734 2647 1761 cit.,
2662 1733 2690 1755 ad
2701 1740 2717 1755 1.

2504 2752 2512 2760 ·
2529 2750 2566 2772 cf.
2580 2756 2644 2772 num.
2659 2757 2673 2777 ι,
2690 2756 2715 2772 n.
