2768 4178
17 589 29 601 ⁴
43 588 119 611 Serm.
139 594 228 610 xxxvm

18 615 58 663 ἓν.
90 614 120 637 de
148 614 229 637 Verbis

106 657 127 669 .,
151 641 228 663 Serm.

17 673 80 690 cxvu
94 684 100 694 ,
111 674 195 696 cap-vr,
204 674 227 690 x.

14 851 108 873 'Parte
117 851 158 879 m,
174 857 200 874 ea

14 883 31 900 x
38 867 163 904 (Theodoti
176 879 229 900 An-

15 909 67 952 ,Ἧι
84 904 227 954 'itan-¹221:

14 955 94 983 Salv).

0 1377 26 1393 .·
40 1375 71 1398 D.
83 1381 136 1405 570.

0 3004 24 3042 ζ·
37 3017 64 3040 ln
81 3016 206 3046 symbolo.

941 239 1208 285 QUAESTIO
1238 240 1353 287 XLII,
1383 241 1679 279 ARTICULUS
1709 243 1758 279 III

256 316 448 364 generatio
477 317 680 354 materialis
709 325 746 354 et
774 330 862 355 cum
891 325 1011 365 motu,
1042 319 1147 366 quod
1176 326 1231 355 est
1247 318 1321 368 *im-

255 369 449 417 possibile.
471 370 708 418 Relinquitur
729 383 817 418 ergo
844 372 948 418 quod
969 371 1084 407 Filius
1103 371 1182 418 fuit,
1204 383 1321 420 quan-

258 421 476 471 documque
500 422 567 459 fuit
585 424 709 460 Pater.
740 425 788 460 Et
807 423 859 460 sic
879 423 995 460 Filius
1015 431 1070 460 est
1099 431 1321 460 coaeternus

255 475 377 517 Patri:
408 482 444 511 et
471 475 640 512 similiter
667 475 826 524 Spiritus
856 477 1016 513 Sanctus
1043 476 1204 525 utrique.

309 529 369 564 An
398 539 535 565 PRIMUM
563 540 661 565 ERGO
689 540 872 565 DICENDUM
892 529 1010 577 quod,
1032 529 1127 565 sicut
1146 529 1320 576 Augusti-

257 592 328 617 nus
349 580 447 628 dicit,
468 580 506 618 in
525 581 620 618 libro
640 581 686 617 de
713 581 841 618 Verbis
859 582 1018 618 Domini
1033 581 1064 629 *,
1094 582 1218 618 nullus
1238 593 1321 618 mo-

257 633 328 670 dus
355 633 608 682 processionis
646 633 803 670 alicuius
841 641 1034 671 creaturae
1070 635 1236 683 perfecte
1264 647 1320 671 re-

255 693 470 734 praesentat
504 686 672 723 divinam
707 686 1014 733 generationem:
1042 688 1144 724 unde
1173 694 1322 736 oportet

257 751 301 775 ex
320 739 447 776 multis
475 738 601 775 modis
630 738 805 786 colligere
825 739 1121 788 similitudinem,
1150 747 1192 777 ut
1215 741 1319 788 quod

257 791 363 828 deest
382 803 428 828 ex
446 803 537 838 uno,
558 791 766 839 aliqualiter
791 793 1010 841 suppleatur
1037 805 1083 830 ex
1111 794 1240 830 altero.
1271 795 1320 831 Et

202 858 226 880 ρ
253 851 408 892 propter
426 844 500 880 hoc
516 843 650 880 dicitur
668 844 706 881 in
727 845 885 893 Synodo
906 846 1100 895 Ephesina
1114 846 1151 883 *τ
1186 847 1319 883 Coexi-

253 901 350 933 stere
376 908 524 945 semper
551 902 791 935 coaeternum
819 899 927 935 Patri
951 899 1106 945 Filium,
1137 899 1319 947 Splendor

253 949 320 986 tibi
341 949 550 993 denuntiet;
579 951 908 998 impassibilitatem
934 953 1134 989 nativitatis
1153 953 1323 989 ostendat

260 1003 451 1047 Verbum,·
488 1004 905 1041 consubstantialitatem
933 1005 1023 1042 Filii
1057 1017 1192 1042 nomen
1231 1005 1317 1042 insi-

253 1061 351 1092 nuet.
382 1057 482 1092 Inter
510 1056 639 1093 omnia
666 1064 796 1094 tamen
825 1058 1036 1106 expressius
1065 1066 1319 1108 repraesentat

251 1108 446 1157 processio
471 1109 582 1146 verbi
610 1110 657 1146 ab
686 1109 894 1147 intellectu:
924 1112 1027 1159 quod
1056 1111 1210 1159 quidem
1240 1124 1318 1148 non

253 1168 309 1198 est
335 1162 522 1210 posterius
551 1174 597 1198 eo
618 1175 640 1199 a
659 1175 737 1211 quo
756 1163 938 1212 procedit,
959 1163 1029 1200 nisi
1048 1164 1095 1201 sit
1112 1164 1193 1200 talis
1212 1163 1318 1201 intel-

252 1214 369 1251 lectus
402 1214 468 1264 qui
496 1222 603 1252 exeat
630 1216 677 1253 de
704 1216 873 1265 potentia
900 1216 939 1253 in
968 1224 1116 1254 actum·
1147 1216 1251 1265 quod
1279 1217 1317 1254 in

252 1267 338 1304 Deo
368 1267 441 1305 dici
469 1280 548 1307 non
575 1276 712 1317 potest.

306 1322 365 1358 AD
393 1332 584 1358 SECUNDUM
603 1333 787 1359 monimum
807 1321 912 1370 quod
933 1307 1134 1358 aeternitas
1154 1322 1316 1359 excludit

252 1372 481 1422 principium
493 1374 737 1422 durationis*‚
746 1374 813 1411 sed
825 1387 902 1411 non
912 1374 1140 1423 principium
1152 1374 1315 1422 originis.

307 1484 331 1519 ξ)
355 1486 465 1513 Unde...
477 1490 598 1520 generat.
616 1501 636 1506 -
654 1487 716 1512 Om.
735 1487 837 1512 codices
856 1493 881 1512 et
900 1488 941 1513 ed.
959 1496 985 1513 a.

252 1557 274 1583 p
292 1522 431 1583 'agam
446 1530 516 1548 nunc
530 1522 698 1548 indivisibile.
709 1536 729 1542 —
742 1523 828 1555 ipsum
843 1523 1002 1549 indivisibile
1015 1523 1090 1549 CFG.
1103 1537 1122 1543 -
1133 1525 1200 1549 Ante
1214 1531 1318 1556 semper

2362 245 2440 292 439

1430 322 1489 357 AD
1517 331 1676 358 TERTtUM
1699 333 1881 359 DicENDUM
1906 322 2011 371 quod
2031 323 2155 360 omnis
2176 324 2363 373 corruptio
2385 332 2441 362 est

1376 373 1533 410 mutatio
1563 374 1776 422 quaedam:
1807 382 1842 411 et
1869 374 1956 412 ideo
1987 387 2102 413 omne
2131 377 2234 425 quod
2269 390 2437 414 corrum—

1376 425 1492 485 pitur,
1522 426 1653 475 incipit
1680 439 1758 464 non
1788 440 1881 474 esse,
1913 435 1948 464 et
1976 428 2111 465 desinit
2139 441 2233 466 esse.
2271 430 2347 467 Sed
2374 443 2437 478 ge-

1377 478 1520 515 neratio
1559 479 1687 516 divina
1719 492 1798 517 non
1831 487 1886 517 est
1913 482 2194 529 transmutatio,
2222 489 2264 519 ut
2293 483 2436 520 dictum

1378 538 1432 567 est
1460 544 1574 580 supra
1598 532 1629 569 ²⁸.
1660 533 1769 570 Unde
1808 533 1922 570 Filius
1961 546 2112 584 semper
2146 511 2366 602 generatur,
2400 543 2437 572 et

1375 584 1487 621 Pater
1515 597 1667 633 semper
1694 594 1847 633 generat
1865 583 1889 622 ξ.

1427 638 1486 673 Αι)
1516 649 1687 679 QUARTUM
1714 650 1896 676 DICENDUM
1929 639 2033 688 quod
2061 640 2099 677 in
2126 648 2299 690 ternpore
2334 641 2436 678 aliud

1376 696 1431 725 est
1458 690 1563 738 quod
1593 698 1648 727 est
1675 691 1913 738 indivisibile,
1935 692 2071 729 scilicet
2089 693 2248 739 instans;
2279 701 2316 730 et
2334 694 2435 731 aliud

1376 749 1431 778 est
1458 744 1563 791 quod
1592 751 1648 780 est
1676 743 1827 791 durans,
1858 745 1995 781 scilicet
2022 753 2184 794 tempus.
2216 747 2292 783 Sed
2316 746 2354 783 in
2374 759 2435 783 ae-

1373 795 1544 832 ternitate
1559 796 1684 844 ipsum
1699 809 1799 834 nunc
1817 796 2042 834 indivisibile
2057 803 2070 819 ⁰
2085 806 2140 835 est
2154 811 2306 847 semper
2320 807 2433 846 stans,

1373 855 1415 884 ut
1434 860 1548 896 supra
1565 848 1586 870 ²¹²
1614 849 1755 886 dictum
1777 857 1841 886 est.
1873 850 2075 887 Generatio
2094 864 2189 888 vero
2209 858 2227 873 π
2256 852 2336 888 Filii
2356 865 2435 889 non

1375 908 1430 937 est
1466 901 1503 937 in
1542 914 1642 938 nunc
1673 902 1877 950 temporis,
1913 911 1978 940 aut
2005 904 2043 940 in
2071 911 2266 953 tempore,
2301 905 2369 941 sed
2396 905 2435 942 in

1374 954 1602 991 aeternitate.
1633 955 1682 991 Et
1699 954 1799 1001 ideo,
1821 955 1868 992 acl
1897 956 2189 1003 significandum
2208 957 2435 1006 praesentia-

1372 1006 1515 1043 litatem
1545 1014 1580 1043 et
1607 1008 1909 1055 permanentiam
1936 1009 2180 1057 aeternitatis,
2209 1017 2334 1058 potest
2362 1010 2434 1047 dici

1373 1060 1477 1107 quod
1504 1072 1651 1108 semper
1678 1061 1862 1107 nascitur,
1891 1069 1931 1098 ut
1960 1062 2144 1110 Origenes
2173 1062 2264 1100 dixit
2281 1062 2312 1100 ³¹⁶.
2344 1063 2432 1110 Sed,

1372 1119 1413 1148 ut
1446 1112 1651 1160 Gregorius
1678 1112 1698 1134 '¹‘
1727 1120 1762 1150 et
1789 1114 2022 1162 Augustinus
2047 1114 2087 1137 ²¹⁸*
2115 1115 2264 1163 dicunt,
2298 1116 2469 1153 melius*

1373 1172 1429 1201 est
1457 1165 1560 1214 quod
1589 1165 1734 1202 dicatur
1751 1178 1898 1216 semper
1925 1173 2054 1204 natus:
2082 1176 2124 1205 ut
2142 1169 2180 1216 ly
2203 1181 2350 1217 semper
2369 1169 2433 1206 de-

1372 1217 1491 1265 signet
1518 1219 1821 1266 permanentiam
1850 1220 2086 1267 aeternitatis,
2108 1228 2144 1257 et
2166 1222 2204 1269 ly
2223 1227 2332 1258 natus
2350 1234 2434 1270 per-

1372 1270 1575 1307 fectionem
1604 1271 1728 1318 geniti.
1765 1272 1827 1308 Sic
1855 1285 1944 1320 ergo
1973 1273 2089 1310 Filius
2117 1286 2187 1310 nec
2215 1280 2231 1304 Ρ
2258 1274 2433 1323 imperfe-

1372 1330 1452 1359 ctus
1481 1331 1552 1370 est,
1582 1335 1706 1372 neque
1734 1331 1816 1361 erat
1842 1326 1991 1373 quando
2020 1338 2093 1363 non
2122 1332 2222 1372 erat,
2251 1335 2292 1363 ut
2320 1327 2433 1364 Arius

1373 1375 1472 1412 dixit.

1425 1491 1454 1522 π)
1475 1497 1545 1515 vero.
1564 1504 1583 1509 -—
1600 1497 1665 1523 ergo
1688 1491 1798 1515 codices.
1816 1505 1836 1510 -
1853 1491 1903 1516 Pro
1927 1491 2144 1525 significandum,
2167 1493 2371 1526 significandam
2390 1502 2434 1519 co-

1373 1525 1450 1594 diceg)
1461 1530 1526 1585 erieg.
1531 1526 1562 1580 b—
1581 1568 1632 1586 non
1652 1561 1680 1586 P.
1698 1575 1717 1580 -
1735 1562 1785 1586 Pro
1803 1562 1892 1592 Arius,
1912 1562 2046 1588 Arrianus
2065 1563 2172 1588 PDF'ab.

932 1637 1263 1671 Commentaria.
1286 1638 1535 1671 cardinalis
1558 1639 1757 1673 Caietani

311 1725 419 1746 mus
442 1715 543 1746 clarus
567 1722 622 1746 est.
639 1733 659 1738 -
679 1716 714 1746 In
738 1726 871 1756 corpore
895 1716 988 1747 unica
1010 1723 1056 1747 est
1079 1717 1252 1753 conclusio,
1272 1727 1318 1748 re-

253 1727 461 1800 Tsponsiva
488 1760 631 1800 quaesito
658 1759 854 1791 affirmative:
878 1761 1011 1792 Necesse
1041 1767 1087 1791 est
1110 1761 1228 1791 Filium
1252 1772 1318 1792 esse

251 1810 453 1835 coaeternum
477 1804 570 1835 Patri.
588 1821 607 1827 -
622 1804 777 1835 Probatur
800 1804 853 1835 sic.
879 1804 985 1836 Omne
1013 1815 1049 1835 ex
1075 1805 1231 1846 principio
1255 1805 1317 1836 exi-

251 1853 336 1879 stens
358 1848 515 1888 posterius
537 1848 604 1885 illo,
629 1854 684 1879 aut
706 1848 849 1888 procedit
867 1849 905 1879 ab
933 1849 989 1879 illo
1015 1849 1200 1886 voluntarie,
1225 1856 1280 1880 aut
1299 1860 1318 1880 a

251 1898 363 1923 natura
378 1892 533 1932 paulatim
555 1892 700 1933 perfecta,
717 1899 772 1923 aut
795 1893 917 1924 actione
938 1893 1129 1924 successiva:
1150 1894 1204 1924 sed
1227 1894 1317 1925 Pater

251 1945 318 1967 non
339 1943 466 1976 generat
489 1936 607 1967 Filium
630 1936 803 1974 voluntate,
823 1937 878 1967 sed
901 1943 1011 1968 natura
1034 1938 1073 1967 ab
1097 1944 1222 1968 aeterno
1247 1948 1316 1978 per-

251 1979 341 2017 fecta,
358 1986 389 2011 et
404 1981 522 2022 absque
538 1981 660 2012 actione
676 1981 866 2012 successiva:
887 1991 961 2021 ergo
980 1981 1074 2012 habet
1089 1981 1207 2012 Filium
1227 1992 1317 2013 coae-

251 2030 387 2055 ternum.
407 2042 426 2048 -
446 2025 488 2056 Et
506 2025 648 2056 similiter
667 2032 713 2056 est
732 2026 771 2056 de
789 2025 906 2066 Spiritu
923 2026 1048 2056 Sancto.

1429 1718 1532 1748 Maior
1555 1719 1735 1756 declaratur,
1753 1719 1975 1760 distinguendo
1996 1731 2122 1752 causam
2141 1723 2378 1763 posterioritatis
2397 1733 2433 1754 ex

1372 1768 1458 1802 parte
1478 1763 1606 1802 agentiS,
1625 1763 1675 1793 vel
1693 1764 1834 1800 actionis,
1855 1771 1923 1801 etc„
1942 1771 1979 1795 ut
1996 1772 2082 1805 patet
2099 1766 2132 1796 in
2150 1767 2259 1797 littera.

1429 1806 1535 1837 Minor
1552 1817 1638 1843 vero,
1655 1808 1763 1848 quoad
1778 1808 1923 1842 ultimam
1939 1816 2069 1849 partem,
2086 1810 2268 1849 declaratur,
2288 1811 2432 1842 ducendo

1372 1850 1411 1880 ad
1426 1850 1635 1891 impossibile:
1661 1851 1776 1883 scilicet
1791 1853 1879 1893 quod
1894 1853 1992 1883 Filius
2009 1861 2089 1885 esset
2102 1854 2273 1885 successive
2286 1862 2387 1892 natus,
2403 1862 2433 1886 et

1372 1904 1447 1925 cum
1469 1895 1599 1925 materia
1622 1902 1652 1926 et
1674 1902 1775 1926 motu.
1790 1897 1884 1927 -Nec
1908 1897 2058 1928 fundatur
2072 1898 2148 1929 haec
2171 1899 2269 1929 illatio
2286 1899 2433 1930 materiae

1372 1948 1467 1978 super
1490 1939 1560 1975 hoc,
1586 1940 1674 1979 quod
1698 1940 1892 1981 ubicumque
1916 1948 1962 1972 est
1985 1942 2149 1978 successio,
2170 1942 2212 1973 ibi
2231 1943 2271 1973 sit
2285 1943 2433 1974 materia:

1372 1983 1427 2013 sed
1450 1983 1539 2023 quod
1562 1983 1756 2025 ubicumque
1772 1991 1818 2015 est
1840 1987 2007 2026 generatio
2022 1988 2200 2018 successiva
2223 1987 2430 2025 substantiae,

1371 2027 1414 2057 ibi
1439 2034 1485 2057 est
1507 2027 1645 2058 materia.

1060 2170 1378 2212 ARTICULUS
1406 2171 1635 2213 TERTIUS

793 2262 950 2308 UTRUM
974 2261 1016 2291 1N
1040 2261 1195 2292 DlVlNlS
1219 2262 1423 2293 PERSONIS
1447 2262 1514 2293 SIT
1539 2262 1660 2294 ORDo
1683 2264 1891 2295 NATURAE

513 2342 522 2366 1
542 2342 624 2371 Seni„
645 2341 704 2366 dist.
723 2349 766 2373 ¹11,
786 2346 833 2366 art.
851 2348 879 2371 ι;
899 2341 958 2366 dist.
976 2349 1016 2371 xx,
1035 2346 1082 2366 art.
1103 2340 1132 2371 3;
1153 2341 1195 2366 De
1213 2341 1281 2371 Pot„
1301 2349 1345 2374 qu.
1364 2350 1388 2371 x,
1407 2346 1454 2367 art.
1475 2341 1504 2373 3;
1527 2342 1628 2367 Contra
1646 2349 1751 2368 errores
1772 2344 1875 2373 Graec„
1895 2348 1967 2376 parte
1986 2344 2015 2375 11,
2035 2352 2090 2377 cap.
2109 2352 2175 2369 xxx1.

286 2452 351 2490 (Ἄ,
368 2452 471 2496 ²¹:25<
462 2443 486 2467 D
505 2442 666 2520 τὲιιτωιι
685 2442 738 2467 sm
763 2441 1003 2467 PROCEDITUR.
1030 2429 1194 2518 νίἀεὲιιι-
1212 2429 1316 2477 quod

296 2486 334 2517 ”ir
438 2497 441 2501 ·
464 2484 502 2520 in
557 2495 668 2520 ivinis
723 2482 869 2519 ersonis
902 2495 980 2519 non
1009 2489 1055 2519 su
1083 2494 1127 2518 or
1156 2494 1179 2518 o
1208 2489 1316 2518 natu-

272 2480 529 2587 ξε
533 2495 769 2594 ,Quidqiiiid
797 2535 900 2571 enim
928 2535 966 2571 in
995 2534 1133 2571 divinis
1162 2542 1228 2582 est,
1254 2535 1317 2571 vel

276 2586 283 2594 '
310 2585 408 2640 ,8-4ξώ
424 2584 523 2628 &est
551 2588 714 2625 essentia
732 2588 795 2625 vel
814 2600 980 2636 persona
998 2589 1061 2624 vel
1085 2588 1203 2624 notio.
1239 2588 1317 2624 Sed

254 2643 350 2680 ordo
378 2651 536 2680 naturae
560 2654 639 2679 non
667 2640 853 2689 significat
881 2640 1096 2688 essentiam,
1117 2653 1242 2688 neque
1263 2648 1318 2677 est

254 2696 379 2745 aliqua
401 2706 654 2745 personarum
674 2701 739 2730 aut
770 2693 983 2731 notionum.
1014 2695 1115 2742 Ergo
1138 2694 1232 2730 ordo
1252 2706 1317 2730 na-

253 2756 358 2786 turae
378 2755 395 2771 ⁸
423 2761 502 2786 non
531 2755 586 2785 est
613 2747 652 2784 in
681 2746 828 2784 divinis.

309 2813 343 2839 2.
373 2803 610 2847 PRAETEREA,
640 2800 679 2836 in
708 2799 1015 2848 quibuscumque
1045 2806 1099 2836 est
1128 2799 1222 2836 ordo
1252 2812 1317 2836 na-

252 2862 378 2903 turae,
408 2867 530 2892 unum
558 2860 613 2891 est
640 2852 744 2902 prius
773 2853 911 2899 altero,
941 2853 1073 2889 saltem
1105 2852 1316 2889 secundum

253 2915 428 2946 naturam
457 2916 494 2945 et
526 2907 768 2944 intellectum.
799 2905 877 2943 Sed
904 2905 943 2942 in
973 2905 1108 2942 divinis
1145 2905 1317 2954 personis

254 2961 348 2998 nihil
371 2967 434 2998 ἐει
463 2961 572 3010 prius
606 2965 641 2996 et
670 2959 877 3008 posterius,
916 2966 959 2995 ut
995 2958 1223 2995 Athanasius
1262 2958 1316 2995 di-

255 3014 304 3051 cit
316 3013 348 3052 ⁸⁸.
372 3015 474 3062 Ergo
503 3014 542 3051 in
572 3012 708 3050 divinis
736 3011 908 3061 personis
936 3024 1015 3048 non
1045 3018 1100 3048 est
1128 3011 1223 3048 ordo
1253 3024 1318 3048 na-

253 3074 373 3104 turae.

311 3120 345 3157 3.
374 3121 608 3166 PRAETEREA,
634 3117 819 3167 quidquid
846 3116 1048 3163 ordinatur,
1070 3116 1315 3165 distinguitur.

256 3171 334 3210 Sed
362 3180 495 3209 natura
521 3172 561 3209 in
590 3171 726 3209 divinis
745 3183 823 3208 non
844 3169 1088 3218 distinguitur.
1118 3171 1219 3218 Ergo
1240 3183 1318 3207 non

256 3224 461 3262 ordinatur.
491 3226 593 3273 Ergo
622 3238 701 3262 non
730 3232 786 3261 est
812 3223 863 3261 ibi
892 3223 987 3260 ordo
1017 3230 1183 3259 naturae.

307 3290 346 3325 4.
375 3279 771 3325 PRAETEREA,-natura
800 3276 928 3314 divina
957 3283 1012 3312 est
1040 3275 1119 3312 eius
1143 3276 1316 3312 essentia.

257 3331 335 3368 Sed
363 3343 442 3368 non
479 3331 613 3368 dicitur
640 3331 678 3368 in
707 3330 843 3367 divinis
877 3329 968 3366 ordo
997 3328 1184 3366 essentiae.
1215 3329 1317 3377 Ergo

256 3396 381 3433 neque
409 3383 505 3420 ordo
534 3391 702 3420 naturae.

312 3438 386 3474 SED
415 3448 572 3484 CONTRA,
599 3437 834 3484 ubicumque
864 3443 918 3472 est
945 3434 1136 3484 pluralitas
1160 3434 1240 3471 sine
1260 3447 1319 3471 or-

312 3542 340 3575 α)
359 3546 481 3567 naturae.
499 3554 517 3562 —·
535 3542 596 3567 Om.
614 3541 709 3573 AEpC.

311 3577 337 3611 β)
357 3578 393 3603 ibi
442 3578 581 3611 originem.
599 3591 619 3596 —
637 3577 732 3602 ibidem
751 3583 806 3602 esse
823 3577 954 3610 originem
973 3577 1003 3601 B.

1372 2430 1470 2477 dine,
1491 2429 1543 2466 ibi
1564 2437 1619 2466 est
1639 2431 1822 2468 confusio.
1854 2431 1930 2468 Sed
1949 2432 1987 2468 in
2008 2432 2142 2469 divinis
2163 2434 2335 2481 personis
2354 2446 2433 2471 non

1372 2489 1425 2519 est
1455 2483 1640 2530 confusio,
1669 2491 1711 2519 ut
1737 2484 1966 2520 Athanasius
1995 2484 2083 2522 dicit
2105 2485 2136 2522 ²¹².
2167 2487 2268 2533 Ergo
2299 2493 2354 2523 est
2380 2487 2432 2523 ibi

1371 2535 1479 2572 ordo.

1425 2589 1649 2624 RESPONDEO
1678 2599 1861 2625 DlCENDUM
1881 2590 1985 2636 quod
2004 2589 2100 2627 ordo
2121 2602 2272 2640 semper
2300 2592 2432 2630 dicitur

1370 2653 1439 2689 per
1458 2641 1782 2689 comparationem
1803 2641 1851 2678 ad
1871 2641 2025 2690 aliquod
2051 2643 2289 2692 principium.
2319 2645 2429 2682 Unde

1371 2693 1466 2730 sicut
1494 2693 1628 2730 dicitur
1653 2693 1880 2742 principium
1912 2695 2180 2744 multipliciter,
2210 2697 2348 2734 scilicet
2375 2711 2431 2735 se-

1373 2747 1541 2783 cundum
1557 2746 1683 2794 situm,
1699 2755 1740 2783 ut
1758 2754 1931 2795 punctus,
1957 2749 2168 2786 secundum
2187 2749 2428 2798 intellectum,

1371 2806 1412 2835 ut
1438 2799 1667 2848 principium
1695 2799 2038 2849 demonstrationis,
2061 2808 2096 2838 et
2114 2803 2325 2840 secundum
2345 2816 2430 2840 cau-

1372 2864 1432 2888 sas
1470 2852 1650 2899 singulas;
1680 2852 1729 2889 ita
1757 2852 1870 2889 etiam
1906 2853 2041 2891 dicitur
2077 2855 2183 2892 ordo.
2222 2857 2264 2892 In
2293 2856 2429 2893 divinis

1372 2912 1500 2941 autem
1538 2905 1671 2942 dicitur
1706 2905 1933 2954 principium
1970 2908 2181 2944 secundum
2219 2908 2427 2956 originem,

1371 2958 1516 3006 absque
1552 2957 1760 3006 prioritate,
1789 2965 1831 2995 ut
1858 2971 1972 3007 supra
1997 2959 2018 2982 '¹‘
2046 2960 2187 2997 dictum
2216 2968 2281 2998 est.
2319 2962 2429 2999 Unde

1372 3017 1521 3059 oportet
1548 3011 1599 3047 ibi
1638 3023 1718 3047 esse
1747 3010 1921 3049 ordinem
1959 3014 2169 3050 secundum
2198 3014 2428 3062 originem,
2399 3013 2417 3043 Ρ

1372 3064 1515 3111 absque
1544 3063 1745 3111 prioritate.
1785 3064 1833 3100 Et
1861 3065 1922 3102 hic
1948 3073 2107 3102 vocatur
2134 3067 2226 3103 ordo
2255 3073 2428 3113 naturae,

1373 3116 1583 3153 secundum
1604 3115 1858 3164 Augustinum
1877 3117 1908 3166 ²¹²,
1938 3130 2011 3155 non
2032 3130 2104 3167 quo
2124 3119 2219 3155 alter
2236 3120 2283 3155 sit
2294 3120 2402 3168 prius
2415 3124 2430 3146 ⁷

1371 3169 1500 3215 altero,
1529 3169 1595 3205 sed
1619 3181 1692 3217 quo
1720 3169 1815 3206 alter
1841 3176 1896 3207 est
1920 3182 1969 3207 ex
1995 3171 2123 3208 altero.

1426 3224 1484 3258 AD
1513 3233 1649 3258 PRlMUM
1676 3234 1773 3259 ERGO
1802 3235 1984 3260 DICENDUM
2016 3224 2121 3272 quod
2150 3224 2243 3261 ordo
2273 3231 2428 3261 naturae

1373 3275 1556 3323 significat
1583 3274 1780 3311 notionem
1807 3275 1958 3323 originis
1981 3276 2020 3313 in
2039 3277 2247 3325 communi,
2268 3289 2346 3314 non
2365 3290 2430 3314 au-

1373 3336 1450 3365 tem
1469 3325 1483 3348 ⁸
1511 3328 1549 3364 in
1577 3327 1740 3375 speciali.

1426 3382 1484 3417 AD
1513 3391 1702 3417 SECUNDUM
1730 3392 1912 3418 DICENDUM
1941 3381 2046 3429 quod
2081 3381 2118 3418 in
2146 3382 2259 3418 rebus
2288 3382 2429 3430 creatis,

1375 3433 1486 3470 etiam
1517 3445 1604 3469 curn
1631 3433 1668 3470 id
1697 3433 1800 3481 quod
1834 3441 1888 3470 est
1907 3446 1929 3470 a
1947 3434 2131 3483 principio
2161 3434 2206 3472 sit
2233 3447 2302 3472 suo
2330 3435 2431 3484 prin-

1425 3540 1451 3572 γ)
1466 3539 1554 3570 prius.
1571 3552 1590 3557 -
1603 3538 1683 3570 prior
1701 3539 1731 3563 B.

1426 3573 1450 3607 ὃ)
1470 3577 1567 3599 autem.
1585 3587 1604 3592 -
1621 3573 1737 3606 aliquam
1756 3573 1918 3598 ACDEFGa.

2463 538 2536 566 Ὠιι.
2546 545 2616 567 xxvn,
2632 544 2675 562 art.

2559 591 2572 623 Ε

2557 807 2571 824 0

2462 854 2532 881 Qu.
2547 861 2574 881 x,
2591 858 2633 877 art.
2648 861 2669 882 2,

2461 880 2520 908 adn
2532 884 2574 903 art.
2583 888 2606 908 4,
2615 872 2672 903 adz.

2539 937 2541 939 Ι
2555 917 2574 933 π

2459 1068 2501 1089 *ln
2507 1067 2615 1091 Hierem.
2622 1069 2673 1092 Ho-

2460 1094 2509 1116 mil.
2523 1101 2554 1116 vr.

2489 1125 2579 1147 Moral.
2603 1126 2644 1149 lib.

2458 1151 2557 1200 'X’Xffss-
2564 1158 2667 1207 cffctog.

2459 1203 2529 1225 trium
2552 1204 2667 1233 Quaest„

2460 1236 2503 1258 qu.
2517 1237 2603 1253 mvn.

2559 1286 2571 1310 Ρ

2459 2498 2468 2506 ·
2483 2497 2542 2519 Ibid.

2454 2970 2522 2998 *Ωιι.
2530 2977 2610 2998 xxxin,
2621 2974 2663 2994 art.

2456 3002 2472 3024 1,
2488 2997 2516 3019 nd
2530 3003 2551 3026 3.

2554 3024 2569 3058 β

2456 3123 2570 3146 *Contra
2584 3124 2664 3145 Maxi-

2455 3150 2518 3177 min„
2534 3150 2574 3172 lib.
2589 3150 2610 3172 11
2625 3151 2668 3176 [al.

2453 3176 2504 3203 111),
2520 3182 2570 3204 cap.
2586 3183 2636 3199 xiv.

2553 3213 2569 3238 Υ

2553 3334 2567 3359 δ
