2768 4178
324 283 395 319 140

318 351 495 399 sistentia,
518 359 604 388 sunt
624 351 853 400 composita3
884 352 1009 389 forma
1029 359 1158 389 autem
1178 352 1217 389 in
1238 352 1290 389 eis
1310 365 1389 389 non

318 413 374 442 est
402 405 543 454 aliquid
565 405 800 453 completum
820 405 1041 453 subsistens,
1063 406 1132 443 sed
1160 406 1281 454 magis
1310 418 1387 454 quo

318 458 461 507 aliquid
482 466 554 495 est:
584 458 672 495 inde
694 465 750 495 est
777 458 884 507 quod
904 459 1036 496 omnia
1054 459 1214 496 nomina
1233 471 1256 495 a
1275 458 1388 496 nobis

317 512 495 561 imposita
511 511 560 549 ad
576 511 870 559 significandum
886 512 1029 562 aliquid
1045 512 1281 561 completum
1301 512 1388 549 sub-

317 566 463 614 sistens,
493 564 706 613 significant
729 565 768 602 in
789 566 1043 613 concretione,
1064 572 1179 614 prout
1207 565 1390 615 competit

317 618 557 667 compositis;
587 631 686 667 quae
720 626 849 656 autem
886 619 1138 668 imponuntur
1171 618 1220 656 ad
1248 618 1388 667 signifi-

317 673 458 709 candas
486 672 630 709 formas
659 672 872 721 simplices,
900 673 1112 721 significant
1141 671 1281 721 aliquid
1309 685 1389 710 non

314 733 357 763 ut
377 725 597 773 subsistens,
618 726 687 763 sed
706 733 748 763 ut
776 738 853 775 quo
880 726 1022 776 aliquid
1043 733 1110 773 est,
1135 725 1231 762 sicut
1250 725 1387 763 albedo

317 779 503 828 significat
529 787 572 816 ut
600 791 677 829 quo
714 779 857 829 aliquid
892 787 947 817 est
975 779 1117 816 album.
1149 778 1251 825 Quia
1278 779 1389 827 igitur

317 841 353 870 et
371 833 478 870 Deus
498 832 658 883 simplex
687 840 754 880 est,
776 840 813 870 et
832 833 1039 870 subsistens
1061 839 1126 880 est,
1148 831 1388 869 attribuimus

317 886 351 923 ei
382 894 418 923 et
445 886 604 924 nomina
634 887 822 923 abstracta
841 893 870 933 ¹,
901 887 951 924 ad
980 885 1269 934 significandam
1299 885 1388 922 sim-

315 939 523 989 plicitatem
557 940 658 986 eius;
699 947 735 976 et
768 940 926 977 nomina
960 946 1154 987 concreta,
1194 939 1242 976 ad
1277 938 1388 987 signi-

316 994 513 1031 ficandum
547 993 828 1030 subsistentiam
863 1001 899 1030 et
935 992 1210 1042 perfectionem
1247 992 1387 1041 ipsius:

317 1047 495 1097 quamvis
515 1054 675 1096 utraque
695 1046 852 1083 nomina
872 1046 1052 1084 deficiant
1070 1058 1093 1082 a
1111 1047 1232 1083 modo
1256 1045 1386 1095 ipsius,

317 1100 412 1137 sicut
430 1099 443 1121 λ
470 1100 681 1137 intellectus
716 1107 845 1137 noster
878 1112 958 1137 non
994 1098 1188 1148 cognoscit
1225 1111 1314 1136 eum
1346 1107 1389 1137 ut

317 1162 384 1201 est,
415 1153 627 1190 secundum
656 1154 756 1190 hanc
783 1152 916 1190 vitam.

370 1209 428 1244 AD
456 1218 616 1244 TERTIUM
642 1218 827 1244 monimum
847 1206 952 1256 quod
981 1205 1193 1255 significare
1214 1206 1387 1244 substan-

316 1261 406 1298 tiam
422 1272 511 1297 cum
527 1260 716 1310 qualitate,
734 1260 1022 1309 est-significare
1038 1259 1280 1309 suppositum
1297 1272 1385 1297 cum

316 1322 450 1351 natura
486 1314 549 1351 vel
587 1314 711 1351 forma
744 1313 996 1351 determinata
1028 1313 1067 1351 in
1102 1325 1180 1362 qua
1209 1313 1386 1350 subsistit.

316 1368 440 1415 Unde,
457 1367 553 1404 sicut
567 1367 615 1405 de
630 1368 716 1405 Deo
737 1367 912 1405 dicuntur
927 1366 1054 1416 aliqua
1072 1366 1111 1404 in
1131 1366 1386 1414 concretione,

368 1482 394 1514 κ)
414 1485 440 1507 et
458 1481 567 1506 nomina
592 1481 739 1506 abstracta.
756 1495 775 1500 -
794 1481 903 1507 nomina
924 1481 1058 1514 simplicia
1076 1485 1103 1507 et
1122 1482 1231 1507 nomina
1249 1482 1388 1507 abstracta

314 1518 431 1548 PDFab‚·
450 1517 558 1542 nomina
576 1516 709 1549 simplicia
727 1520 755 1542 et
772 1517 910 1542 abstracta
928 1517 984 1542 BG.
1001 1532 1022 1536 -
1040 1517 1092 1542 Pro
1110 1517 1333 1551 significandam,
1353 1517 1387 1542 si-

313 1553 495 1587 gnificandum
515 1553 616 1578 codices
635 1557 661 1577 et
680 1552 720 1577 ed.
735 1553 758 1582 b,
779 1552 1021 1586 designificandum
1041 1553 1082 1578 ed.
1095 1560 1121 1578 a.

367 1588 395 1621 λ)
414 1589 492 1614 sicut.
511 1602 529 1608 —·
546 1591 573 1613 et
591 1588 688 1613 addunt
708 1589 819 1613 codices.

368 1626 396 1658 μ)
411 1624 618 1649 subsistentiam.
635 1637 654 1642 -
672 1623 850 1649 substantiam
866 1623 894 1648 P.
908 1638 929 1659 —,
940 1624 990 1649 Pro
1004 1624 1037 1650 de
1054 1624 1120 1654 Deo,
1136 1624 1170 1649 de
1183 1630 1214 1649 eo
1229 1623 1387 1649 ADEFGab.

368 1661 391 1693 ν)
410 1659 651 1693 consignificantia.
668 1673 688 1680 -
706 1659 888 1693 significantia
907 1660 1005 1685 ABCE.

1013 272 1296 328 'QUAESTIO
1326 274 1430 320 XIII,
1461 273 1759 311 ARTICULUS
1790 272 1827 312 1ζ

1444 352 1494 390 ad
1518 353 1808 401 significandum
1834 354 2114 391 subsistentiam
2134 361 2152 382 μ
2182 362 2218 391 et
2241 355 2515 405 perfectionem

1443 405 1578 455 ipsius,
1614 407 1710 444 sicut
1737 407 1814 444 iam
1839 408 1859 428 *
1890 408 2033 445 dictum
2069 415 2140 456 est,
2174 408 2224 445 ita
2257 408 2432 446 dicuntur
2467 410 2514 447 de

1443 460 1529 496 Deo
1558 460 1718 497 nomina
1746 460 1996 509 significantia
2025 461 2275 498 substantiam
2305 474 2394 499 cum
2423 475 2515 512 qua-

1442 512 1554 550 litate.
1584 513 1713 551 Verba
1740 526 1836 551 vero
1867 521 1903 551 et
1929 514 2125 564 participia
2155 514 2479 563 consignificantia
2502 522 2515 536 '

1443 573 1596 615 tempus
1626 566 1803 604 dicuntur
1831 568 1877 605 de
1906 567 2002 617 ipso,
2034 580 2079 604 ex
2109 580 2154 604 eo
2180 569 2286 616 quod
2315 568 2515 606 aeternitas

1443 619 1600 657 includit
1624 633 1742 657 omne
1766 628 1940 670 tempus:
1970 621 2066 658 sicut
2094 621 2196 658 enim
2216 621 2402 671 simplicia
2425 622 2513 659 sub-

1443 673 1609 710 sistentia
1623 686 1702 711 non
1720 686 1928 723 possumus
1944 675 2234 724 apprehendere
2251 682 2286 711 et
2301 674 2514 723 significare

1444 725 1515 763 nisi
1533 738 1602 775 per
1621 726 1783 772 modum
1805 727 2122 776 compositorum,
2148 728 2198 765 ita
2218 728 2432 778 simplicem
2452 740 2515 765 ae-

1443 779 1657 816 ternitatem
1681 792 1761 817 non
1778 793 1989 829 possumus
2017 781 2223 830 intelligere
2242 782 2305 819 vel
2324 794 2423 819 voce
2453 793 2514 818 ex-

1443 831 1621 881 primere,
1647 832 1719 870 nisi
1737 845 1808 883 per
1827 833 1991 871 modum
2018 835 2289 895 temporalium
2309 844 2455 882 rerum;
2478 842 2514 872 et

1442 886 1518 922 hoc
1535 893 1692 935 propter
1718 887 2070 925 connaturalitatem
2098 886 2306 926 intellectus
2326 888 2445 926 nostri
2464 888 2512 926 ad

1444 950 1503 975 res
1533 939 1766 988 compositas
1792 947 1828 976 et
1849 941 2082 991 temporales
2101 938 2126 978 ε.
2156 942 2396 979 Pronomina
2418 954 2512 980 vero

1444 991 1744 1029 demonstrativa
1773 992 1949 1030 dicuntur
1974 994 2022 1031 de
2046 995 2144 1042 Deo,
2166 995 2379 1033 secundum
2407 995 2513 1045 quod

1442 1045 1583 1083 faciunt
1612 1045 1978 1085 demonstrationem
2007 1048 2057 1085 ad
2085 1047 2123 1085 id
2151 1048 2257 1096 quod
2267 1048 2511 1104 intelligitur,

1442 1111 1522 1136 non
1550 1099 1600 1136 ad
1627 1099 1667 1137 id
1696 1099 1801 1148 quod
1830 1099 2005 1137 sentitur.
2036 1101 2247 1139 secundum
2267 1096 2382 1139 enim
2406 1101 2513 1153 quod

1442 1165 1464 1190 a
1484 1152 1595 1190 nobis
1614 1152 1841 1202 intelligitur,
1862 1152 2076 1190 secundum
2095 1153 2171 1190 hoc
2189 1155 2261 1191 sub
2277 1155 2513 1193 demonstra-

1442 1205 1545 1243 tione
1575 1206 1685 1244 cadit.
1716 1207 1766 1244 Et
1784 1206 1848 1255 sic,
1870 1207 2084 1244 secundum
2112 1206 2219 1245 illum
2248 1207 2412 1247 modum
2435 1221 2512 1259 quo

1442 1259 1601 1297 nomina
1631 1267 1667 1297 et
1689 1259 1887 1310 participia
1907 1268 1944 1297 et
1962 1260 2193 1310 pronomina
2214 1261 2515 1301 demonstrativa

1444 1313 1490 1351 de
1510 1314 1597 1350 Deo
1618 1313 1810 1362 dicuntur,
1836 1315 2050 1351 secundum
2070 1314 2145 1352 hoc
2166 1322 2204 1352 et
2221 1313 2515 1364 pronominibus

1443 1366 1607 1404 relativis
1626 1372 1639 1387 ⁰
1667 1366 1870 1414 significari
1896 1375 2032 1417 potest.

1498 1479 1521 1513 ξ)
1540 1482 1578 1506 ad
1601 1489 1644 1507 res
1669 1482 1830 1514 compositas
1854 1485 1880 1507 et
1905 1483 2073 1515 temporales.
2091 1497 2111 1502 -
2128 1483 2166 1509 ad
2189 1491 2232 1509 res
2250 1483 2412 1516 compositas
2429 1486 2456 1509 et
2473 1490 2517 1510 res

1443 1518 1603 1549 temporales
1622 1518 1652 1542 B.

1497 1553 1523 1585 ο)
1542 1556 1569 1578 et
1589 1553 1793 1584 pronominibus
1818 1553 1947 1579 relativis.
1965 1567 1985 1573 —
2001 1561 2020 1578 a
2039 1553 2076 1586 (et
2094 1554 2131 1586 G,
2149 1562 2204 1580 om.
2217 1555 2292 1588 EpA)
2307 1555 2514 1587 pronominibus

1443 1588 1485 1613 vel
1503 1588 1653 1614 nominibus
1677 1588 1798 1614 relativis
1817 1589 1923 1620 ACEG,
1942 1592 1969 1615 et
1992 1589 2143 1615 nominibus
2161 1590 2203 1616 vel
2216 1590 2421 1623 pronominibus
2445 1590 2514 1616 rela-

1444 1623 1505 1648 tivis
1525 1624 1559 1653 Β,
1578 1631 1596 1648 α
1610 1624 1817 1656 pronominibus
1840 1625 1961 1651 relativis
1984 1625 2043 1656 DF,
2067 1627 2095 1650 et
2106 1625 2312 1658 pronominibus
2326 1629 2353 1651 et
2367 1625 2406 1659 (et
2415 1634 2470 1651 om.
2483 1625 2515 1660 Ρ)

1444 1659 1595 1685 nominibus
1614 1660 1734 1685 relativis
1754 1659 1817 1685 Pub.

995 1739 1330 1774 Commentariu-
1354 1738 1606 1773 Cardinalis
1628 1739 1831 1773 Caietam

375 1840 482 1861 umus
507 1829 618 1860 clarus.
641 1846 660 1850 -
685 1828 719 1858 In
748 1837 881 1868 corpore
910 1838 974 1858 una
998 1828 1179 1864 conclusio,
1204 1828 1388 1869 responsiva

316 1844 518 1916 Tquaesito
543 1872 736 1909 affirmative,
762 1882 836 1903 cum
856 1871 1102 1904 modificatione.
1128 1872 1304 1903 Conclusio
1324 1879 1386 1903 est:

313 1921 400 1950 Deus
424 1925 529 1959 potest
553 1929 570 1948 a
594 1917 685 1947 nobis
703 1916 860 1947 nominari
885 1926 922 1947 ex
945 1917 1102 1953 creaturis,
1121 1927 1187 1947 non
1211 1924 1319 1948 autem
1339 1926 1387 1947 se-

314 1964 457 1995 cundum
481 1962 569 2004 quod
594 1969 640 1992 est
663 1961 840 1992 secundum
864 1971 906 1992 se.

369 2008 524 2039 Probatur
549 2005 712 2037 conclusio
737 2005 845 2046 quoad
861 2012 1030 2046 utramque
1046 2011 1169 2046 partem
1190 2005 1296 2036 simul.
1322 2005 1387 2037 Vo-

314 2063 364 2084 ces
385 2059 459 2083 sunt
477 2051 566 2091 signa
581 2050 811 2087 intellectuum,
829 2057 860 2080 et
874 2050 1052 2081 intellectus
1069 2057 1144 2081 sunt
1163 2049 1387 2081 similitudines

311 2106 432 2128 rerum:
457 2106 533 2136 ergo
557 2105 651 2126 voces
675 2094 853 2125 referuntur
876 2095 916 2125 ad
938 2104 988 2125 res
1012 2093 1248 2135 significandas,
1273 2094 1387 2126 mediis

312 2141 539 2173 intellectibus:
565 2150 655 2180 ergo,
680 2139 858 2170 secundum
881 2139 971 2180 quod
995 2139 1115 2180 aliquid
1139 2149 1157 2170 a
1180 2138 1272 2170 nobis
1295 2139 1386 2170 intel-

312 2186 428 2227 ligitur,
447 2185 490 2215 sic
507 2191 612 2225 potest
635 2194 653 2214 a
676 2183 768 2214 nobis
785 2183 963 2214 nominari:
989 2193 1064 2224 ergo
1088 2183 1175 2214 Dens
1199 2189 1304 2224 potest
1328 2193 1386 2214 no·

312 2230 425 2261 minari
451 2240 468 2259 a
492 2228 584 2259 nobis
616 2238 651 2259 ex
677 2227 841 2264 creaturis,
867 2234 897 2258 et
925 2237 992 2258 non
1023 2228 1201 2259 secundum
1225 2227 1315 2268 quod
1341 2233 1387 2258 est

313 2274 491 2306 secundum
511 2283 553 2303 se.

368 2318 566 2350 Antecedens
595 2324 642 2348 est
669 2316 875 2356 Philosophi,
901 2315 912 2346 1
936 2316 1112 2346 Periherm.
1147 2315 1386 2357 Consequentia

313 2374 388 2395 vero
411 2370 478 2394 tam
506 2362 608 2402 prima
635 2371 734 2402 quam
761 2361 914 2397 secunda,
942 2359 1131 2401 relinquitur
1153 2367 1240 2391 nota.
1267 2360 1386 2391 Ultima

313 2415 421 2439 autem
445 2407 606 2448 probatur,
632 2405 739 2446 quoad
756 2405 894 2446 primam
913 2404 1136 2445 consequentis
1153 2411 1285 2445 partem,
1310 2404 1386 2446 quia

312 2453 400 2483 Deus
424 2450 626 2492 cognoscitur
641 2460 659 2480 a
675 2449 767 2480 nobis
783 2460 820 2480 ex
837 2449 984 2480 creaturis
1008 2449 1179 2490 tripliciter,
1205 2455 1240 2480 ut
1264 2449 1385 2480 dictum

313 2503 372 2528 est:
391 2495 500 2537 quoad
512 2495 685 2526 secundam
700 2504 787 2530 vero,
802 2493 876 2535 quia
892 2494 979 2524 Deus
995 2493 1029 2524 in
1045 2493 1103 2524 hac
1119 2493 1182 2524 vita
1198 2503 1264 2524 non
1281 2500 1386 2535 potest

312 2540 411 2572 videri
428 2551 446 2571 a
458 2539 551 2571 nobis
567 2549 623 2580 per
638 2538 817 2570 essentiam.
829 2556 849 2561 —
865 2539 906 2569 Et
919 2539 959 2568 ad
974 2538 1146 2570 claritatem
1163 2538 1383 2575 terminorum,

313 2585 459 2617 subditur
482 2584 514 2615 in
537 2583 639 2615 littera
662 2583 830 2614 declaratio
854 2582 1041 2623 exemplaris
1060 2583 1099 2613 ab
1115 2583 1277 2623 opposito,
1302 2593 1384 2624 quo-

314 2631 413 2661 modo
438 2628 570 2660 nomina
593 2638 659 2658 non
683 2627 860 2668 significant
882 2627 989 2658 Deum
1005 2627 1182 2658 secundum
1197 2628 1286 2668 quod
1302 2627 1335 2658 in
1351 2637 1384 2658 se

315 2681 370 2706 est.
396 2675 436 2705 Et
459 2672 593 2704 intendit
616 2672 705 2714 quod
728 2671 902 2712 significare
925 2682 993 2702 rem
1021 2672 1199 2703 secundum
1217 2672 1307 2713 quod
1328 2679 1383 2709 est,

315 2726 361 2750 est
385 2717 558 2758 significare
582 2717 755 2747 terminum
778 2723 906 2747 naturae
931 2716 1029 2752 iuius,
1055 2723 1091 2747 ut
1113 2716 1145 2758 ly
1168 2716 1261 2747 homo
1281 2714 1384 2759 (quod

315 2762 510 2804 impossibile
527 2768 573 2792 est
588 2761 639 2792 hic
659 2762 697 2792 de
713 2761 783 2792 Deo
800 2759 937 2803 haberi):
958 2761 1113 2802 quoniam
1130 2761 1238 2792 omnia
1253 2761 1385 2792 nomina

314 2806 491 2848 significant
513 2805 666 2837 terminos
690 2812 744 2836 aut
766 2815 872 2836 rerum
897 2805 1140 2842 communium,
1165 2813 1220 2837 aut
1243 2806 1384 2846 negatio-

315 2862 411 2888 num,
435 2851 486 2881 vel
509 2857 712 2891 respectuum
733 2857 809 2886 etc.,
835 2850 886 2881 vel
910 2850 1165 2891 compositorum
1192 2861 1229 2882 ex
1257 2850 1324 2887 his,
1350 2857 1385 2881 ut

314 2903 401 2937 patet
423 2895 593 2926 inductive.

370 2941 407 2972 11.
425 2939 516 2972 Circa
532 2939 613 2970 hanc
629 2946 751 2979 partem
768 2938 903 2970 occurrit
918 2939 1063 2970 dubium.
1084 2939 1198 2971 Scotus
1215 2939 1382 2981 siquidem,

314 2985 347 3016 in
367 2985 394 3022 1,
419 2984 490 3016 dist.
513 2994 590 3019 xxn,
615 2993 670 3024 qu.
694 2983 806 3020 unica,
831 2983 1000 3014 discutiens
1024 2984 1105 3015 hanc
1129 2983 1384 3025 propositionem

315 3035 522 3070 assumptam,
538 3029 621 3059 sicut
636 3037 689 3059 res
712 3028 916 3069 intelligitur,
935 3029 980 3059 ita
1004 3034 1034 3059 et
1056 3030 1254 3066 nominatur,
1274 3028 1382 3059 distin-

314 3074 383 3114 guit
407 3082 495 3104 eam:
520 3072 638 3103 scilicet
653 3073 761 3114 quoad
780 3072 1020 3113 impositionem
1044 3073 1194 3110 nominis,
1210 3072 1261 3104 vel
1276 3073 1385 3114 quoad

315 3128 412 3149 usum
436 3117 575 3148 nominis
594 3116 746 3157 impositi.
772 3117 813 3147 Et
836 3117 893 3148 tria
909 3117 993 3148 dicit.
1017 3118 1139 3156 Primo,
1162 3116 1253 3159 quod
1275 3117 1384 3158 quoad

315 3162 556 3203 impositionem
579 3161 703 3192 videtur
733 3160 820 3192 falsa.
854 3162 951 3199 Quod
975 3163 1088 3203 probat
1121 3162 1174 3193 sic.
1204 3161 1385 3193 Substantia

316 3217 382 3237 non
406 3206 590 3247 intelligitur
613 3216 631 3236 a
654 3205 746 3236 nobis
771 3205 914 3237 distincte
938 3205 970 3236 in
994 3206 1123 3247 propria
1140 3213 1262 3243 natura,
1285 3212 1316 3237 et
1339 3212 1382 3237 ta-

316 3261 390 3281 men
411 3250 613 3291 significatur.
637 3250 722 3290 Ergo
746 3250 911 3291 imponere
931 3261 1104 3291 possumus
1121 3250 1253 3282 nomina
1277 3249 1384 3281 distin-

316 3295 395 3326 ctius
415 3294 622 3335 significantia
644 3304 743 3335 quam
766 3294 982 3335 intelligimus.
999 3295 1237 3347 Consequentia
1251 3304 1338 3331 vero,
1354 3287 1386 3325 'et

315 3340 502 3370 antecedens
518 3349 576 3379 pro
594 3339 732 3370 secunda
745 3345 844 3380 parte,
860 3340 1026 3380 probatur:
1046 3340 1121 3381 quia
1138 3339 1282 3391 cognitis,
1298 3338 1385 3370 verbi

315 3383 431 3423 gratia,
462 3383 675 3415 accidentibus
699 3390 729 3414 et
753 3383 996 3424 proprietatibus
1025 3384 1156 3424 lapidis,
1186 3383 1384 3425 imponimus

315 3437 434 3458 nomen
458 3427 502 3457 illi
526 3427 718 3459 substantiae
745 3427 876 3468 lapidis,
900 3428 1097 3459 intendentes
1121 3428 1209 3459 illam
1231 3427 1384 3468 significa-

315 3478 387 3502 tum
410 3471 446 3501 iri
470 3481 525 3511 per
553 3481 687 3509 nomem
713 3479 744 3503 et
773 3479 879 3503 tamen
903 3482 970 3503 non
995 3473 1218 3513 cognoscimus
1242 3472 1384 3504 distincte

316 3515 412 3546 illam.
430 3533 450 3538 -
465 3515 622 3554 Secundo,
642 3516 731 3557 quod
747 3517 855 3558 quoad
871 3527 967 3548 usum
991 3524 1037 3548 est
1056 3517 1239 3558 simpliciter
1261 3516 1348 3548 falsa.
1364 3534 1384 3539 —

321 3560 439 3597 Tertio,
456 3560 545 3600 quod
569 3560 677 3591 multis
694 3561 879 3592 nominibus
894 3568 1000 3602 potest
1015 3561 1061 3592 uti
1077 3562 1186 3598 viator,
1207 3561 1383 3602 exprimen-

315 3603 400 3634 tibus
424 3603 563 3634 divinam
591 3605 759 3636 essentiam
782 3606 840 3637 sub
865 3605 986 3637 ratione
1009 3605 1108 3646 ipsius
1132 3605 1284 3638 essentiae
1308 3604 1384 3636 divi-

317 3657 386 3679 nae.
410 3648 588 3679 Probantur
604 3648 680 3680 haec
705 3650 783 3680 duo:
808 3650 884 3691 quia
898 3650 1067 3681 verisimile
1084 3657 1130 3682 est
1153 3660 1220 3682 esse
1242 3650 1276 3681 in
1300 3659 1384 3680 sacra

1444 1827 1605 1869 Scriptura
1629 1828 1814 1859 huiusmodi
1838 1828 1981 1865 nomina,
2002 1835 2038 1859 ut
2057 1829 2163 1859 Iudaei
2188 1829 2298 1861 dicunt
2321 1829 2360 1860 de
2383 1829 2515 1860 nomine

1443 1879 1733 1914 tetragrammaton,
1759 1879 1829 1909 etc„
1854 1873 1918 1904 sive
1942 1872 2093 1914 imposita
2118 1872 2235 1904 fuerint
2257 1874 2334 1905 haec
2349 1873 2482 1905 nomina
2497 1883 2516 1904 a

1443 1916 1523 1953 Deo,
1549 1917 1613 1948 sive
1637 1918 1676 1947 ab
1700 1916 1824 1957 angelo.

1498 1961 1549 1992 111.
1570 1962 1621 1992 Ad
1645 1961 1731 1998 haec,
1749 1971 1808 2001 pro
1832 1967 1954 2002 quanto
1973 1961 2094 1992 veritati
2114 1971 2182 1997 non
2205 1968 2392 1999 consonant,
2409 1962 2516 1994 dicen-

1443 2006 1523 2037 dum
1546 2012 1603 2037 est.
1622 2005 1664 2037 Et
1686 2005 1726 2036 ad
1743 2006 1889 2046 primum
1913 2005 2061 2047 quidem,
2088 2005 2177 2047 quod
2201 2015 2268 2037 non
2291 2013 2339 2037 est
2360 2005 2514 2048 imagina-

1442 2050 1504 2081 bile
1515 2049 1640 2091 imponi
1657 2059 1778 2081 nomen
1801 2049 1978 2082 distinctius
1993 2049 2173 2091 significans
2189 2060 2288 2092 quam
2306 2049 2512 2092 concipiatur.

1442 2095 1484 2126 Et
1505 2095 1539 2126 in
1562 2094 1664 2126 littera
1678 2094 1819 2126 redditur
1838 2103 1947 2126 causa:
1967 2094 2043 2136 quia
2065 2104 2161 2126 voces
2184 2093 2362 2136 significant
2378 2104 2428 2126 res
2445 2103 2513 2136 non
2554 2095 2560 2103 '

1442 2139 1502 2170 nisi
1526 2139 1631 2170 media
1655 2138 1863 2179 conceptione
1886 2138 2080 2182 intellectus;
2105 2138 2201 2180 igitur
2227 2138 2416 2180 significatio
2439 2147 2513 2172 eau-

1442 2191 1529 2215 satur
1552 2193 1588 2214 ex
1613 2183 1840 2224 conceptione;
1865 2193 1940 2223 ergo
1965 2178 2110 2214 distincta
2141 2182 2327 2224 significatio
2359 2182 2514 2225 supponit

1442 2227 1622 2259 distinctam
1646 2226 1899 2268 conceptionem,
1925 2234 1956 2258 et
1980 2227 2113 2258 confusa
2147 2228 2332 2264 confusam,
2358 2235 2390 2259 et
2411 2227 2515 2260 maior

1441 2272 1607 2307 maiorem,
1633 2278 1664 2302 et
1687 2271 1793 2302 minor
1816 2271 1984 2307 minorem,
2003 2278 2061 2303 etc.
2079 2272 2186 2309 Quare
2209 2272 2248 2303 ab
2272 2272 2331 2303 hac
2353 2272 2514 2305 universa-

1441 2315 1560 2347 lissima
1583 2315 1692 2356 regula
1714 2316 1754 2346 de
1777 2325 1872 2347 causa
1895 2322 1926 2346 et
1949 2323 2088 2352 causato,
2109 2316 2187 2347 haec
2210 2316 2394 2357 excipienda
2416 2314 2514 2349 sunt?

1441 2379 1460 2384 -
1484 2360 1634 2391 Probatio
1667 2366 1776 2391 autem
1806 2370 1863 2391 sua
1893 2359 1972 2390 nihil
1995 2360 2096 2391 valet:
2121 2366 2192 2392 tum
2219 2360 2295 2402 quia
2325 2360 2513 2393 antecedens

1441 2415 1499 2446 pro
1523 2405 1627 2446 prima
1649 2411 1736 2445 parte
1760 2411 1807 2436 est
1829 2403 1965 2442 falsum3
1986 2411 2058 2436 tum
2080 2404 2156 2446 quia
2179 2414 2238 2447 pro
2262 2405 2400 2436 secunda
2423 2413 2511 2446 parte

1440 2450 1523 2480 male
1547 2449 1710 2490 probatur.
1738 2448 1818 2479 Dico
1843 2448 1947 2486 enim,
1977 2455 2007 2480 et
2030 2448 2073 2480 ita
2105 2459 2172 2480 esse
2205 2448 2401 2490 experimur,
2422 2449 2512 2491 quod

1441 2493 1574 2535 cognitis
1594 2493 1815 2530 accidentibus,
1837 2493 2061 2534 cognoscimus
2080 2503 2148 2524 rem
2164 2494 2326 2535 quandam
2345 2493 2510 2530 sublatere,

1440 2546 1471 2570 et
1493 2538 1671 2570 secundum
1695 2547 1728 2568 se
1752 2547 1818 2568 esse
1843 2544 1873 2568 et
1896 2538 2078 2574 subsistere,
2098 2544 2173 2569 etc.:
2198 2544 2229 2569 et
2251 2537 2439 2570 huiusmodi
2461 2544 2512 2569 nes

1439 2592 1607 2624 nunquam
1630 2582 1731 2622 magis
1755 2581 1980 2622 significabitur
2003 2592 2100 2624 quam
2125 2589 2343 2623 cognoscetur.
2367 2582 2401 2614 si
2424 2582 2512 2615 enim

1440 2633 1650 2669 cognoscetur
1673 2626 1814 2662 confuse,
1830 2633 1866 2658 ut
1888 2626 1922 2657 in
1947 2627 2092 2667 exemplo
2116 2627 2202 2664 dato,
2224 2636 2392 2668 nunquam
2415 2626 2510 2669 signi-

1439 2671 1584 2704 ficabitur
1606 2670 1666 2703 nisi
1690 2670 1832 2702 confuse.
1855 2671 1902 2702 Ex
1925 2671 1978 2702 tali
2002 2671 2163 2723 siquidem
2185 2671 2317 2703 nomine
2341 2681 2510 2713 nunquam

1439 2716 1553 2758 aliquis
1575 2715 1648 2757 plus
1664 2715 1825 2756 intelliget,
1845 2725 1944 2766 quam
1966 2715 2123 2757 perfectus
2139 2715 2316 2767 impositor
2331 2715 2508 2767 apprehen-

1439 2760 1531 2792 derit:
1556 2759 1712 2802 quamvis,
1730 2770 1767 2791 ex
1782 2759 1930 2790 meliori'
1922 2759 2050 2800 ingenio
2066 2759 2208 2802 proprio,
2225 2758 2353 2801 cognito
2377 2757 2510 2792 alicuius

1439 2805 1579 2837 nominis
1589 2804 1802 2856 significato'
1794 2814 1827 2834 1n
1845 2814 1887 2841 re,
1909 2805 2113 2836 discurrendo
2137 2804 2198 2836 alia
2212 2810 2402 2846 cognoseat,
2426 2803 2508 2836 sieut

1439 2860 1476 2882 ex
1498 2849 1660 2892 principiis
1683 2849 1904 2880 conclusiones
1927 2849 2125 2881 deducimus.
2145 2849 2208 2881 Sed
2229 2849 2292 2880 hoc
2314 2858 2382 2880 non
2405 2849 2465 2880 est
2471 2857 2509 2880 ex

1438 2895 1470 2925 vi
1493 2893 1730 2935 significationis
1753 2893 1903 2924 nominis.
1923 2894 2016 2925 Unde
2043 2900 2075 2926 et
2095 2893 2231 2935 ipsemet
2253 2892 2368 2924 Scotus
2389 2891 2509 2924 ibidem

1439 2939 1498 2971 sub
1522 2938 1621 2970 dubio
1645 2938 1787 2980 primum
1812 2937 1932 2969 dictum
1955 2938 2132 2980 relinquere
2155 2937 2284 2970 tandem
2306 2936 2439 2968 videtur.

1493 2984 1542 3014 De
1571 2982 1712 3015 secundo
1743 2992 1819 3013 vero
1853 2982 1932 3013 bene
1956 2982 2030 3014 dicit
2063 2982 2191 3014 Scotus:
2216 2980 2395 3022 experimur
2422 2980 2509 3013 enim

1439 3028 1528 3069 quod
1551 3027 1660 3059 multis
1683 3026 1869 3058 nominibus
1902 3027 2023 3058 utimur
2045 3025 2178 3058 confuse
2208 3025 2311 3062 notis,
2335 3031 2508 3066 antequam

1439 3072 1480 3103 ad
1503 3072 1650 3103 notitiam
1673 3071 1853 3102 distinctam
1877 3071 2007 3102 illorum
2029 3070 2241 3102 terminorum
2263 3069 2439 3101 veniamus.

1491 3117 1539 3148 De
1563 3118 1656 3148 tertio
1679 3122 1796 3152 autem,
1813 3115 1898 3156 quia,
1915 3115 2104 3157 expedenda
2118 3116 2206 3151 teste,
2227 3114 2354 3145 nullum
2372 3114 2434 3146 tale
2448 3122 2509 3147 no-

1439 3171 1514 3192 men
1539 3160 1683 3191 divinum
1705 3160 1877 3196 habemus;
1902 3167 1932 3191 et
1955 3170 2072 3197 rursus,
2092 3159 2167 3201 quia
2186 3158 2300 3190 frustra
2322 3157 2508 3190 hominibus

1440 3205 1512 3236 talia
1527 3205 1675 3236 darentur
1698 3204 1843 3241 nomina,
1862 3204 2017 3246 quoniam
2039 3213 2099 3236 nos
2122 3213 2189 3235 non
2205 3213 2378 3244 possumus
2401 3202 2509 3235 Deum

1440 3249 1616 3280 secundum
1646 3259 1679 3280 se
1704 3258 1910 3290 cognoscere;
1935 3255 1966 3281 et
1995 3248 2070 3291 quia
2093 3247 2159 3279 sine
2183 3246 2349 3279 sufficienti
2373 3247 2508 3279 auctori-

1439 3300 1502 3325 tate
1525 3293 1649 3325 novitas
1677 3293 1754 3325 haec
1778 3293 1910 3330 dicitur;
1934 3299 1965 3325 et
1982 3291 2059 3334 quia
2081 3291 2266 3334 Dionysius,
2286 3291 2319 3322 in
2337 3301 2349 3322 1
2370 3291 2506 3323 Caeles-t.

1439 3338 1589 3376 Hieran,
1610 3337 1694 3375 dicit,
1717 3338 1908 3379 impossibile
1930 3342 1977 3369 est
2000 3337 2088 3368 nobis
2110 3337 2207 3368 aliter
2230 3337 2340 3368 lucere
2361 3336 2506 3367 divinum

1440 3383 1589 3421 radium,
1615 3383 1677 3414 nisi
1700 3383 1856 3414 varietate
1877 3390 2046 3414 sacrorum
2075 3381 2270 3412 velaminum
2294 3380 2508 3412 occultatum:

1439 3427 1565 3458 videtur
1587 3427 1666 3458 mihi
1685 3426 1869 3467 simpliciter
1888 3425 2004 3456 falsum
2022 3425 2142 3456 dictum
2165 3425 2261 3462 Scoti,
2279 3431 2310 3456 et
2325 3424 2506 3460 dicendum,

1440 3478 1475 3502 ut
1499 3471 1531 3501 in
1550 3471 1652 3502 littera
1671 3470 1793 3507 dicitur,
1815 3470 1904 3511 quod
1918 3470 2006 3501 Deus
2023 3469 2056 3500 in
2072 3470 2130 3501 hac
2153 3469 2217 3501 vita
2233 3479 2299 3500 non
2315 3475 2362 3500 est
2379 3478 2398 3499 a
2413 3467 2506 3499 nobis

1440 3515 1654 3552 nominabilis,
1675 3515 1735 3546 nisi
1759 3525 1795 3545 ex
1819 3513 1982 3550 creaturis;
2007 3521 2038 3546 et
2069 3514 2131 3546 hoc
2154 3521 2220 3545 tam
2243 3513 2352 3556 quoad
2373 3512 2505 3554 imposi-

1439 3559 1570 3596 tionem,
1591 3569 1689 3600 quam
1713 3568 1818 3590 usum.

1493 3604 1545 3635 IV.
1561 3604 1596 3635 In
1611 3603 1818 3644 responsione
1833 3603 1872 3634 ad
1884 3603 2070 3640 secundum,
2085 3602 2227 3635 dubitare
2243 3601 2382 3634 novitius
2399 3607 2506 3642 posset

1440 3658 1506 3690 quo
1523 3655 1617 3689 pacto
1634 3648 1825 3679 abstractum
1841 3647 1993 3688 significat
2008 3655 2043 3679 ut
2061 3657 2135 3689 quo,
2152 3654 2184 3679 et
2206 3656 2273 3678 non
2290 3655 2347 3688 per
2369 3645 2505 3677 modum

2541 419 2605 441 *Ad
2620 425 2640 442 2.
