2768 4178
40 707 48 714 ·
67 705 113 732 Qu.
126 711 148 731 n,
164 709 205 726 art.
217 711 236 733 3.

39 1353 46 1360 ·
64 1351 111 1378 Qu.
128 1357 147 1375 ι,
164 1355 209 1372 art.
225 1357 247 1377 9.

37 1833 44 1841 ”
61 1833 86 1854 S.
97 1832 142 1853 Th.
159 1833 246 1854 lect.11.

34 2524 43 2534 “
60 2523 108 2551 Qu.
119 2529 143 2550 11,
158 2527 200 2545 art.
211 2531 231 2552 3.

35 2882 42 2890 ·
59 2882 94 2903 De
108 2882 245 2903 Substantia

37 2909 115 2935 Orbis,
127 2914 178 2936 cap.
190 2914 213 2934 ιι,
224 2912 245 2929 et

34 2935 130 2962 pluries.

285 302 332 338 36
1012 301 1281 348 QUAEsrio
1312 302 1379 348 111,
1411 301 1710 339 AuricULus
1741 303 1754 337 1

282 381 387 429 quod
406 382 512 417 Deus
534 388 588 417 est
607 380 777 429 primum
798 393 876 417 ens.
909 380 1146 429 Impossibile
1167 389 1223 417 est
1241 380 1351 428 igitur

282 434 387 483 quod
406 434 444 471 in
467 435 551 470 Deo
572 434 617 471 sit
635 433 777 482 aliquid
798 434 835 471 in
854 433 1035 483 potentia.
1067 435 1196 471 Omne
1221 441 1349 470 autem

282 500 420 536 corpus
450 495 505 524 est
533 487 570 524 in
593 487 784 536 potentia:
815 488 904 536 quia
934 488 1170 534 continuum,
1192 487 1350 536 inquan-

281 550 362 578 tum
390 541 623 586 huiusmodi‚
645 540 831 578 divisibile
861 549 916 578 est
945 541 983 578 in
1011 541 1203 580 infinitum
1222 538 1245 577 ⁰.
1278 542 1351 578 Im-

280 595 459 644 possibile
490 602 544 631 est
572 594 683 642 igitur
710 596 837 631 Deum
870 607 953 632 esse
983 607 1133 643 corpus.

334 648 477 695 Tertio,
500 647 589 696 quia
603 649 710 684 Deus
736 656 791 685 est
809 648 846 685 id
866 648 972 697 quod
994 655 1049 685 est
1068 647 1349 684 nobilissimum

280 703 317 738 in
347 702 515 747 entibus,
545 709 587 737 ut
615 713 661 737 ex
691 701 798 738 dictis
827 709 930 750 patet
948 701 978 738 ³¹².
1018 700 1261 749 Impossibile
1296 708 1351 737 est

279 763 406 792 autem
435 754 591 804 aliquod
621 767 759 803 corpus
790 768 872 792 esse
890 754 1183 802 ,nobilissimum
1219 754 1257 790 in
1286 766 1350 791 en-

278 809 388 846 tibus.
419 809 520 855 Quia
541 820 680 856 corpus
701 817 765 845 aut
785 817 841 845 est
855 809 1000 855 vivum,
1021 816 1085 844 aut
1104 820 1183 844 non
1202 807 1348 844 vivum.

280 863 430 911 Corpus
459 871 588 899 autem
617 861 770 908 vivum,
802 862 1047 899 manifestum
1077 869 1132 898 est
1160 860 1266 910 quod
1296 868 1351 897 est

279 916 443 953 nobilius
465 927 625 965 corpore
655 927 734 953 non
747 915 857 952 'vivo
890 916 1041 964 Corpus
1065 923 1194 952 autem
1214 914 1349 951 vivum

278 982 358 1007 non
384 969 481 1007 vivit
508 970 734 1019 inquantum
756 981 906 1018 corpus,
928 969 1016 1018 quia
1045 968 1098 1005 sic
1123 980 1239 1005 omne
1269 980 1350 1004 cor-

277 1036 350 1072 pus
369 1023 535 1060 viveret:
567 1031 716 1072 oportet
734 1022 845 1070 igitur
864 1022 970 1070 quod
997 1021 1103 1059 vivat
1121 1034 1190 1070 per
1208 1021 1350 1069 aliquid

277 1076 399 1124 aliud,
429 1077 524 1114 sicut
562 1089 700 1126 corpus
729 1084 903 1113 nostrum
931 1075 1026 1112 vivit
1062 1088 1132 1124 per
1166 1075 1347 1112 animam.

278 1130 372 1167 Illud
401 1138 529 1167 autem
558 1143 627 1179 per
654 1129 760 1178 quod
787 1129 882 1166 vivit
910 1141 1066 1178 corpus,
1097 1136 1152 1165 est
1187 1128 1350 1165 nobilius

278 1196 394 1231 quam
425 1196 574 1232 corpus.
610 1182 849 1232 Impossibile
887 1190 943 1219 est
970 1182 1080 1230 igitur
1107 1184 1236 1220 Deum
1266 1195 1349 1219 esse

278 1249 427 1285 corpus.

331 1292 390 1326 Αι)
411 1302 548 1327 PRIMUM
577 1302 676 1327 ano
697 1301 881 1326 Diei-:unum
907 1289 1027 1337 quod,
1049 1289 1145 1326 sicut
1164 1301 1279 1338 supra
1295 1289 1349 1326 di-

279 1352 382 1381 ctum
402 1351 458 1380 est
476 1343 507 1391 ²¹²,
537 1356 644 1381 sacra
665 1343 859 1392 Scriptura
877 1342 990 1380 tradit
1012 1342 1124 1380 nobis
1144 1342 1350 1392 spiritualia

279 1406 315 1435 et
345 1397 474 1434 divina
493 1398 565 1434 sub
584 1396 894 1434 similitudinibus
923 1396 1194 1445 corporalium.
1224 1396 1348 1443 Unde,

279 1464 367 1488 cum
387 1451 525 1488 trinam
546 1450 828 1488 dimensionem
848 1451 933 1487 Deo
955 1449 1133 1495 attribuit,
1148 1450 1226 1486 vsub
1246 1450 1348 1487 simi-

277 1505 432 1555 litudine
457 1512 463 1525 ‘
493 1503 708 1553 quantitatis
738 1516 964 1552 corporeae,
995 1503 1245 1552 quantitatem
1274 1503 1348 1541 vir-

276 1559 417 1596 tualem
437 1558 555 1608 ipsius
584 1558 774 1606 designat:
795 1564 926 1606 utpote
948 1569 1017 1606 per
1034 1557 1347 1606 profunditatem,

275 1613 455 1650 virtutem
476 1612 525 1649 ad
546 1611 858 1659 cognoscendum
874 1617 886 1630 ’‘
907 1611 1075 1657 occulta3
1099 1623 1169 1659 per
1188 1610 1349 1648 altitudi-

277 1679 379 1712 nem,
402 1665 662 1702 excellentiam
687 1664 834 1702 virtutis
863 1676 978 1713 super
1007 1664 1153 1709 omnia;
1182 1676 1253 1713 per
1267 1665 1349 1701 lon—

274 1719 495 1768 gitudinem,
518 1719 759 1756 durationem
780 1718 837 1755 sui
868 1730 971 1762 esse;
1001 1730 1069 1766 per
1096 1717 1346 1764 latitudinem,

276 1773 457 1810 affectum
484 1772 692 1809 dilectionis
712 1772 762 1809 ad
781 1771 924 1808 omnia.
946 1793 969 1798 —
991 1772 1072 1817 Vel,
1089 1779 1130 1807 ut
1150 1771 1237 1808 dicit
1256 1771 1348 1808 Dio-

276 1826 417 1874 nysius,
439 1839 521 1875 cap.
540 1838 574 1862 1x
597 1826 642 1862 de
661 1826 748 1862 Div.
770 1825 930 1870 Nom.*‚
953 1837 1020 1873 per
1047 1824 1346 1873 profunditatem

275 1880 347 1916 Dei
376 1879 589 1927 intelligitur
610 1877 1044 1927 incomprehensibilitas
1073 1877 1191 1927 ipsius
1220 1890 1348 1915 essen-

274 1933 368 1978 tiae;
409 1945 476 1981 per
505 1932 804 1980 longitudinem,
833 1944 1037 1980 processus
1065 1931 1214 1968 virtutis
1244 1931 1345 1978 eius,

275 1986 406 2023 omnia
432 1986 685 2035 penetrantis;
715 1998 784 2034 per
811 1985 1048 2022 latitudinem
1077 1997 1185 2031 vero,
1216 1997 1347 2034 super-

327 2125 351 2158 0)
372 2126 398 2150 in
419 2126 562 2158 infinitum.
580 2139 599 2144 -
618 2125 679 2150 Om.
698 2125 800 2149 codices
820 2130 844 2149 et
864 2125 904 2150 ed.
917 2132 942 2149 a.

328 2162 346 2193 ι)
365 2161 549 2187 similitudine.
566 2175 586 2180 -
603 2160 823 2186 similitudinibus
842 2160 895 2185 DF.

328 2198 352 2229 x)
372 2197 408 2222 ad
426 2196 648 2230 cognoscendum.
667 2210 686 2215 -
703 2196 882 2229 cognoscendi
901 2197 932 2220 Α.

326 2231 354 2265 λ)
375 2233 403 2257 id
421 2240 481 2265 quo.
495 2246 514 2251 -
527 2232 555 2257 id
574 2232 600 2256 in
621 2239 673 2264 quo
688 2231 779 2260 BEsD.
796 2232 824 2256 id
838 2231 910 2263 quod
922 2231 1014 2261 CFsA,
1028 2231 1100 2263 quod
1112 2231 1192 2263 ῦρΛ;
1207 2231 1248 2263 pD
1262 2231 1346 2255 abras.

328 2269 356 2301 μ.)
377 2269 454 2293 unde.
472 2281 491 2286 -
510 2267 580 2292 unde
593 2267 714 2299 sequitur
733 2267 769 2292 Pb
788 2272 815 2293 et
829 2267 877 2300 pF,
893 2267 963 2292 unde
980 2267 1102 2298 sequitur
1116 2269 1181 2298 post
1199 2266 1231 2292 G.
1250 2281 1269 2286 -
1286 2267 1346 2291 sub-

275 2304 350 2328 ditur
367 2311 421 2328 om.
436 2303 505 2328 PGb.
524 2317 542 2321 -
560 2306 609 2328 etc.
629 2310 682 2328 om.
696 2302 750 2327 CD.

1407 382 1576 418 extensio
1613 381 1694 418 eius
1723 381 1772 418 ad
1801 381 1953 426 omnia,
1983 381 2212 429 inquantum
2242 381 2382 418 scilicet
2411 381 2482 417 sub

1406 435 1487 471 eius
1514 435 1752 484 protectione
1782 434 1912 471 omnia
1942 434 2193 471 continentur.

1458 490 1518 525 AD
1546 500 1737 526 SECUNDUM
1758 500 1943 525 DICENDUM
1964 488 2069 537 quod
2093 488 2213 524 homo
2244 486 2380 524 dicitur
2399 499 2481 523 esse

1405 541 1454 579 ad
1483 541 1693 589 imaginem
1726 542 1821 587 Dei,
1852 554 1930 578 non
1968 541 2182 578 secundum
2222 552 2382 589 corpus,
2413 539 2482 577 sed

1405 591 1620 632 secundum
1649 595 1687 633 id
1716 607 1794 642 quo
1814 593 1826 615 Ἀ
1854 596 1974 631 homo
2006 594 2152 631 excellit
2180 594 2252 631 alia
2281 593 2480 630 animalia:

1405 648 1507 685 unde
1527 655 1557 693 μ,
1592 649 1685 686 Gen.
1703 660 1712 684 1
1728 647 1759 695 *‚
1779 655 1988 697 postquam
2010 648 2153 685 dictum
2175 655 2247 684 est:
2275 647 2483 684 Faciamus

1404 702 1595 738 hominem
1620 702 1672 738 ad
1690 701 1896 751 imaginem
1927 707 1963 738 et
1987 701 2268 738 similitudinem
2298 706 2480 745 nostram,

1405 754 1600 792 subditur:
1631 760 1672 791 ut
1691 755 1838 803 praesit
1861 755 2028 802 piscibus
2061 755 2190 802 maris,
2223 762 2292 791 etc.
2323 753 2483 791 Excellit

1405 815 1535 844 autem
1555 809 1675 845 homo
1697 807 1829 844 omnia
1848 813 1859 828 ⁸
1883 807 2063 845 animalia
2086 816 2274 856 quantum
2295 807 2345 845 ad
2370 807 2481 844 ratio-

1405 873 1495 898 nem
1525 869 1562 897 et
1590 861 1835 909 intellectum.
1866 861 1980 899 Unde
2005 862 2220 899 secundum
2248 861 2481 899 intellectum

1406 922 1442 951 et
1469 914 1671 960 rationem,
1691 926 1791 962 quae
1820 922 1908 951 sunt
1934 914 2176 964 incorporea,
2197 915 2318 952 homo
2347 922 2405 952 est
2432 914 2483 952 ad

1404 967 1612 1015 imaginem
1641 967 1726 1004 Dei.

1458 1023 1517 1058 AD
1545 1032 1708 1057 ‘suarium
1746 1031 1934 1058 DtCENDuM
1963 1021 2070 1070 quod
2106 1029 2236 1070 partes
2269 1032 2482 1070 corporeae

1404 1074 1662 1111 attribuuntur
1698 1074 1785 1111 Deo
1823 1073 1862 1110 in
1900 1074 2105 1123 Scripturis
2143 1074 2290 1112 ratione
2319 1085 2481 1112 suorum

1404 1136 1572 1174 actuum,
1594 1127 1808 1165 secundum
1828 1127 2024 1175 quandam
2045 1127 2346 1166 similitudinem.
2377 1127 2484 1165 Sicut

1403 1189 1511 1219 actus
1538 1181 1639 1218 oculi
1668 1188 1724 1218 est
1751 1180 1904 1218 videre:
1935 1180 2040 1218 unde
2069 1181 2204 1219 oculus
2233 1181 2281 1219 de
2310 1182 2396 1219 Deo
2426 1180 2480 1218 di-

1404 1233 1520 1282 ctusf,
1542 1235 1728 1283 significat
1746 1234 1927 1271 virtutem
1949 1234 2030 1270 eius
2049 1234 2098 1272 ad
2118 1234 2333 1272 videndum
2359 1235 2480 1272 modo

1403 1288 1641 1337 intelligibili,
1671 1300 1750 1326 non
1779 1287 1957 1324 sensibili.
1989 1288 2038 1325 Et
2075 1287 2197 1325 simile
2227 1295 2283 1325 est
2320 1287 2370 1325 de
2397 1286 2481 1325 aliis

1402 1342 1583 1392 partibus.
2325 1386 2328 1388 v

1457 1398 1516 1433 Αι)
1545 1406 1720 1441 QUARTQM
1749 1406 1935 1432 mei-:noum
1963 1396 2070 1443 quod
2096 1394 2210 1433 etiam
2237 1407 2284 1432 ea
2310 1406 2410 1444 quae
2430 1393 2482 1439 ad

1403 1450 1518 1487 situm
1554 1448 1764 1498 pertinent,
1800 1461 1879 1486 non
1917 1448 2170 1486 attribuuntur
2207 1449 2293 1486 Deo
2321 1447 2394 1486 nisi
2422 1459 2482 1486 so-

1403 1503 1573 1541 eundum
1616 1502 1814 1550 quandam
1855 1501 2165 1540 similitudinem:
2210 1501 2308 1539 sicut
2345 1501 2481 1540 dicitur

1402 1558 1553 1604 sedens,
1582 1563 1740 1605 propter
1759 1567 1870 1592 suam
1891 1561 1902 1575 ⁰
1932 1555 2239 1593 immobilitatem
2259 1563 2296 1592 et
2315 1555 2479 1593 auctori-

1401 1618 1541 1656 tatem;
1572 1617 1608 1646 et
1640 1617 1763 1656 stans,
1794 1617 1951 1658 propter
1988 1621 2100 1646 suam
2138 1608 2400 1647 fortitudinem
2428 1609 2479 1647 ad

1402 1663 1677 1702 debellandum
1706 1675 1824 1700 omne
1853 1662 1959 1712 quod
1988 1662 2226 1700 adversatur.

1454 1720 1514 1754 An
1544 1728 1707 1759 Quinum
1737 1728 1922 1753 DICENDUM
1951 1716 2056 1765 quod
2085 1716 2135 1754 ad
2159 1717 2288 1754 Deum
2318 1728 2397 1753 non
2416 1728 2480 1754 ac-

1402 1771 1547 1808 ceditur
1582 1770 1759 1819 passibus
1798 1769 2082 1818 corporalibus,
2123 1782 2212 1806 cum
2241 1769 2385 1818 ubique
2419 1769 2478 1816 sit,

1401 1825 1468 1862 sed
1503 1823 1703 1861 affectibus
1732 1823 1890 1860 mentis:
1927 1831 1963 1860 et
1995 1823 2135 1860 eodem
2164 1823 2285 1860 modo
2314 1823 2363 1860 ab
2393 1836 2440 1861 eo
2459 1828 2479 1846 π

1402 1877 1602 1914 receditur.
1633 1877 1683 1914 Et
1715 1876 1767 1913 sic
1796 1889 1972 1914 accessus
2001 1884 2037 1913 et
2065 1889 2250 1922 recessus,
2275 1877 2347 1914 sub
2376 1877 2478 1914 simi-

1401 1931 1558 1968 litudine
1591 1930 1722 1968 localis
1756 1937 1902 1976 motus,
1933 1930 2133 1978 designant
2161 1930 2396 1979 spiritualem
2425 1931 2479 1968 af·

1402 1985 1556 2021 fectum.

1456 2125 1480 2157 ν)
1499 2125 1600 2150 omnia.
1617 2138 1636 2143 —
1653 2124 1709 2149 alia
1728 2124 1850 2152 ABDEF,
1869 2124 1960 2148 omnia
1978 2124 2035 2148 alia
2055 2124 2101 2148 Ca.

1456 2158 1480 2192 ξ)
1499 2161 1592 2185 oequs
1610 2160 1644 2185 de
1663 2159 1722 2184 Deo
1741 2159 1838 2185 dictus.
1855 2173 1874 2178 -
1892 2159 1976 2184 oculis
1999 2159 2033 2184 de
2060 2159 2119 2184 Deo
2142 2159 2222 2185 dictis
2240 2160 2270 2185 B.
2289 2173 2308 2179 -
2325 2159 2398 2186 Idem
2417 2166 2479 2190 ιιιᾳ

1402 2203 1450 2228 pro
1470 2195 1549 2220 modo
1567 2195 1737 2228 intelligibili,
1753 2195 1832 2220 modo
1851 2194 2032 2220 intellectuali.
2050 2208 2069 2214 -
2088 2195 2139 2220 Pro
2159 2194 2196 2220 Et
2213 2195 2301 2221 simile
2319 2198 2367 2226 eat,
2389 2194 2426 2222 Β
2441 2191 2479 2224 fl·

1403 2231 1502 2256 militer
1519 2233 1560 2256 est
1578 2230 1701 2256 ABCDE.

1455 2267 1482 2298 ο)
1500 2273 1588 2291 suam.
1605 2279 1625 2285 —
1642 2266 1685 2291 sui
1703 2267 1733 2296 B,
1752 2271 1778 2291 et
1796 2266 1830 2291 im
1849 2273 1918 2291 mox.
1935 2279 1955 2285 -
1974 2266 2037 2291 Post
2054 2266 2219 2292 adversatur
2237 2267 2274 2291 sA
2293 2265 2364 2292 addit
2382 2266 2415 2292 ei.

1455 2303 1484 2334 r.)
1504 2302 1538 2327 ab
1557 2309 1596 2327 eo.
1615 2315 1633 2321 —-
1652 2302 1715 2327 Orn.
1729 2302 1783 2327 BD.
1801 2315 1821 2320 -
1838 2301 1920 2326 Iidem
1938 2309 1987 2335 pro
2005 2302 2159 2335 designant,
2179 2302 2313 2335 designat.

961 2390 1293 2423 Commentaria
1315 2390 1566 2424 cardinalis
1589 2390 1789 2424 Caietam

304 2490 324 2510 n
348 2480 457 2516 titulo,
492 2480 618 2511 adverte
647 2480 753 2521 quod,
779 2486 814 2510 ut
838 2489 874 2509 ex
899 2479 1136 2510 conditionibus
1167 2489 1247 2520 quas
1277 2479 1348 2510 Deo

278 2493 473 2555 Iconvenire
497 2524 617 2556 dictum
641 2531 687 2555 est
706 2524 738 2555 in
760 2523 958 2564 praecedenti
977 2523 1110 2554 articulo
1128 2523 1154 2559 ¹⁸²,
1180 2524 1347 2564 probando

274 2570 381 2610 ipsum
406 2579 488 2604 esse,
521 2568 686 2599 manifeste
717 2575 822 2609 pateat
845 2569 935 2609 quod
962 2578 1028 2598 non
1052 2575 1158 2609 potest
1181 2569 1291 2599 cadere
1314 2568 1347 2599 in

274 2620 415 2644 mentem
438 2613 571 2644 alicuius
596 2614 702 2644 Deum
726 2623 792 2644 esse
817 2612 978 2649 accidens,
1010 2613 1066 2643 sed
1089 2619 1217 2653 oportet
1239 2613 1348 2653 ipsum

274 2668 341 2688 esse
365 2657 582 2688 substantiam.
608 2657 737 2693 Idcirco,
758 2657 924 2688 terminata
948 2656 1136 2698 quaestione
1159 2667 1202 2688 an
1227 2662 1285 2695 est,
1311 2667 1347 2688 ex

274 2712 337 2743 qua
361 2702 457 2733 scitur
480 2712 537 2732 ens
561 2702 598 2732 de
622 2703 710 2738 Deo;
743 2709 773 2732 et
806 2712 842 2732 ex
867 2701 996 2732 annexis
1027 2701 1151 2743 liquido
1182 2708 1346 2733 constante

274 2747 364 2787 quod
387 2753 434 2777 est
455 2747 635 2777 substantia
643 2754 656 2784 ;
679 2746 784 2777 statim
812 2746 943 2787 inquirit
973 2755 1060 2777 nunc
1083 2756 1124 2776 an
1147 2746 1187 2777 sit
1209 2756 1344 2787 corpus,

274 2791 355 2822 idest
379 2801 419 2821 an
444 2790 483 2822 sit
506 2791 681 2822 substantia
711 2799 880 2831 corporea;
909 2790 951 2822 ita
980 2791 1070 2832 quod
1094 2791 1126 2832 ly
1149 2801 1268 2832 corpus
1295 2791 1346 2822 hic

274 2835 412 2866 sumitur
434 2835 562 2876 proprie
593 2845 651 2876 pro
675 2845 809 2875 corpore
833 2835 922 2876 quod
953 2842 999 2866 est
1027 2835 1060 2866 in
1089 2835 1346 2876 praedicamento

274 2879 482 2916 substantiae;
508 2879 572 2910 sive
595 2879 676 2910 illud
699 2879 738 2910 sit
762 2889 809 2909 res
832 2880 974 2920 simplex,
993 2886 1029 2910 ut
1044 2882 1199 2911 Averroes
1217 2879 1346 2911 credit*

274 2924 313 2954 de
338 2933 470 2965 corpore
494 2924 628 2959 caelesti,
654 2923 718 2954 sive
742 2934 807 2954 non
832 2924 1009 2955 inveniatur
1033 2924 1184 2966 simplex,
1210 2935 1276 2955 non
1301 2931 1346 2956 est

275 2966 377 2999 curae.
406 2968 603 2999 Huiusmodi
627 2975 735 2999 autem
766 2968 939 2999 substantia
962 2968 1077 2999 trinam
1105 2969 1199 3000 habet
1222 2969 1345 3000 dimen-

274 3013 398 3043 sionem
413 3022 577 3049 annexam,
590 3013 767 3043 secundum
782 3022 909 3049 omnes;
927 3013 990 3043 sive
1007 3013 1075 3053 ipsa
1091 3014 1172 3044 trina
1188 3013 1345 3045 dimensio

274 3057 313 3088 sit
331 3057 416 3087 idem
439 3057 529 3098 quod
552 3057 630 3098 ipsa,
655 3057 720 3087 sive
744 3067 820 3088 non.
846 3057 980 3088 Nullum
1005 3058 1090 3088 enim
1114 3058 1233 3089 horum
1247 3058 1346 3090 variat

275 3101 488 3142 propositum.
513 3101 695 3132 Substantia
719 3109 825 3132 autem
843 3112 995 3142 corporea
1011 3102 1072 3133 hoc
1089 3103 1189 3134 modo
1205 3110 1343 3143 sumpta,

275 3156 341 3176 non
365 3146 473 3177 solum
500 3145 703 3186 distinguitur
727 3153 836 3177 contra
863 3147 1103 3187 incorpoream,
1129 3154 1208 3187 puta
1230 3146 1344 3178 imma-

274 3189 415 3220 terialem
439 3190 663 3221 substantiam:
689 3190 744 3221 sed
768 3190 863 3221 etiam
888 3198 997 3221 contra
1020 3201 1083 3222 non
1108 3201 1240 3232 corpus,
1266 3191 1346 3223 idest

275 3234 414 3264 formam
436 3235 531 3266 etiam
555 3244 636 3276 quae
653 3241 700 3265 est
716 3234 857 3275 corporis
874 3242 971 3266 actus.
996 3236 1154 3267 Neutrum
1177 3235 1263 3266 enim
1287 3236 1344 3266 ho-

275 3288 347 3308 rum
371 3285 417 3309 est
435 3279 608 3310 substantia
628 3288 790 3320 corporea,
816 3286 851 3310 ut
874 3279 907 3320 ly
926 3290 1079 3320 corporea
1104 3287 1150 3311 est
1173 3279 1345 3311 differentia

275 3322 442 3354 intrinseca
469 3323 663 3354 constituens
694 3333 828 3364 corpus:
861 3324 1006 3364 quamvis
1037 3324 1159 3356 formae
1187 3324 1344 3355 naturales

276 3366 419 3398 dicantur
443 3368 634 3399 substantiae
663 3377 833 3408 corporeae
857 3368 1091 3400 denominative
1115 3380 1133 3399 a
1157 3368 1344 3410 corporibus

275 3421 416 3452 quorum
439 3419 513 3443 sunt
536 3412 666 3444 formae.
701 3412 742 3443 Et
765 3412 809 3444 sic
833 3412 970 3443 sumitur
996 3423 1112 3454 corpus
1135 3413 1279 3455 proprie,
1309 3420 1345 3444 ut

276 3462 361 3494 patet
385 3466 421 3486 ex
445 3455 471 3486 11
495 3456 534 3487 de
549 3457 677 3495 Anima,
699 3456 731 3486 in
753 3456 918 3497 principio,
937 3457 991 3487 ubi
1015 3457 1198 3489 Aristoteles
1222 3457 1345 3498 quaerit

276 3509 315 3529 an
340 3499 445 3530 anima
468 3500 507 3530 sit
531 3510 655 3540 corpus.
681 3501 721 3531 Et
745 3501 806 3532 hoc
831 3501 930 3531 modo
955 3501 1091 3532 sumitur
1107 3502 1166 3538 hic,
1185 3508 1220 3532 ut
1235 3501 1343 3542 singu-

275 3543 378 3574 lariter
402 3544 496 3575 etiam
521 3551 628 3575 contra
651 3552 815 3585 protervos
844 3552 973 3586 apparet
997 3555 1033 3576 ex
1056 3546 1144 3577 tertia
1167 3545 1287 3577 ratione
1311 3546 1343 3576 in

277 3597 409 3627 corpore
433 3589 576 3620 adducta.

331 3632 387 3663 Est
411 3642 485 3672 ergo
510 3642 620 3663 sensus
643 3633 744 3664 tituli:
770 3636 821 3664 An
845 3634 932 3664 Deus
956 3633 995 3664 sit
1019 3644 1143 3675 corpus,
1165 3634 1246 3666 idest
1269 3634 1342 3666 sub-

276 3676 388 3707 stantia
411 3686 493 3717 quae
516 3687 587 3707 vere
612 3684 642 3708 et
669 3678 795 3717 proprie
820 3685 865 3708 est
888 3683 1029 3718 quanta,
1055 3688 1110 3709 seu
1135 3685 1278 3710 extensa:
1303 3688 1343 3709 an

1401 2489 1486 2515 non,
1517 2480 1573 2510 sed
1596 2479 1646 2510 vel
1669 2479 1831 2510 inextensa
1861 2479 2013 2516 omnino,
2038 2487 2094 2511 aut
2117 2486 2262 2511 extensae
2287 2487 2390 2518 actus,
2423 2489 2479 2514 aut

1400 2524 1516 2564 quovis
1539 2524 1603 2555 alio
1627 2524 1727 2555 modo
1752 2525 1790 2554 ab
1815 2525 1884 2564 ipsa
1908 2524 2107 2565 corpulentia
2130 2524 2371 2566 distinguatur.‘

1457 2568 1495 2599 11.
1520 2569 1555 2599 In
1573 2578 1717 2609 corpore,
1736 2579 1800 2600 una
1823 2569 1988 2600 conclusio
2003 2569 2189 2610 responsiva
2212 2570 2358 2611 quaesito
2382 2580 2476 2612 nega-

1400 2612 1478 2644 tive:
1504 2613 1591 2651 Deus
1615 2623 1681 2644 non
1706 2619 1752 2644 est
1774 2623 1902 2654 corpus.
1919 2614 2107 2645 -Probatur
2130 2613 2291 2655 tripliciter
2302 2614 2329 2646 *.
2354 2615 2475 2647 Primo.

1400 2657 1487 2688 Deus
1504 2665 1550 2688 est
1566 2657 1708 2698 primum
1732 2667 1865 2688 movens
1889 2657 2074 2689 immobile:
2100 2668 2176 2700 ergo
2200 2668 2266 2689 non
2284 2666 2331 2690 est
2347 2669 2474 2701 corpus.

1400 2702 1599 2733 Antecedens
1611 2708 1698 2742 patet
1713 2711 1749 2732 ex
1766 2701 1898 2733 articulo
1913 2702 2122 2743 praecedenti.
2148 2702 2388 2745 Consequentia
2402 2713 2475 2746 pro-

1399 2747 1507 2777 batur:
1539 2747 1615 2788 quia
1638 2746 1764 2777 nullum
1788 2757 1904 2787 corpus
1935 2754 1982 2778 est
2009 2757 2144 2778 movens
2166 2747 2344 2779 immobile.
2375 2748 2476 2786 Quod

1399 2792 1552 2831 probatur
1575 2790 1746 2822 inductive.

1456 2835 1509 2866 111.
1534 2835 1627 2867 Circa
1654 2835 1742 2866 illam
1772 2835 2048 2876 propositionem,
2081 2837 2207 2868 nullum
2230 2846 2348 2878 corpus
2371 2842 2476 2869 movet

1400 2890 1462 2911 non
1480 2885 1613 2919 motum,
1628 2880 1754 2911 adverte
1773 2880 1863 2921 quod
1880 2881 2048 2921 dupliciter
2064 2881 2198 2922 intelligi
2214 2887 2329 2922 potest.
2354 2881 2473 2919 Primo,

1399 2925 1558 2956 sumendo
1582 2924 1615 2965 ly
1641 2937 1655 2952 α
1674 2934 1740 2955 non
1765 2931 1893 2955 motum
1907 2938 1921 2952 »
1948 2931 2022 2956 actu
2047 2926 2099 2957 vel
2114 2926 2272 2966 potentia.
2297 2925 2339 2956 Et
2362 2925 2406 2956 sic
2427 2932 2475 2957 est

1399 2969 1575 3005 manifesta,
1593 2975 1623 3000 et
1638 2978 1709 2999 vere
1733 2975 1818 3010 patet
1841 2969 2011 3000 inductive.
2037 2970 2078 3001 Et
2100 2970 2144 3001 sic
2169 2976 2324 3001 consonat
2344 2969 2472 3006 minori,

1400 3013 1516 3044 scilicet
1540 3014 1631 3044 Deus
1646 3018 1693 3044 est
1708 3022 1840 3044 movens
1863 3014 2040 3045 immobile:
2063 3020 2094 3045 et
2111 3013 2246 3045 habetur
2266 3013 2437 3046 intentum.
2453 3032 2473 3037 -

1399 3057 1558 3094 Secundo,
1576 3057 1734 3089 sumendo
1757 3058 1791 3099 ly
1818 3071 1832 3086 κ
1851 3068 1917 3089 non
1939 3065 2066 3090 motum
2080 3070 2095 3086 n
2117 3063 2204 3090 actu.
2230 3058 2271 3089 Et
2293 3058 2337 3089 sic
2353 3068 2473 3100 propo-

1399 3102 1471 3133 sitio
1500 3102 1594 3133 habet
1621 3101 1857 3133 difficultatem:
1884 3113 1941 3134 nec
1964 3109 2095 3144 apparet
2121 3102 2298 3139 inductive,
2323 3103 2378 3134 sed
2402 3110 2475 3144 eget

1399 3146 1520 3178 ratione
1544 3153 1575 3177 et
1598 3146 1796 3178 limitatione.
1831 3147 2012 3178 Inductioni
2040 3146 2199 3188 siquidem
2228 3147 2352 3183 obstat,
2382 3148 2473 3190 quod

1399 3200 1529 3231 magnes
1552 3190 1707 3222 immotus
1730 3191 1824 3222 trahit
1848 3191 1976 3228 ferrum,
1993 3198 2024 3223 et
2039 3191 2092 3222 nix
2108 3191 2243 3222 immota
2262 3191 2423 3232 frigefacit,
2441 3198 2473 3223 et

1400 3235 1578 3266 coloratum
1602 3235 1750 3266 immutat
1773 3235 1887 3272 visum,
1909 3243 1966 3267 etc.
1992 3235 2094 3272 Unde,
2115 3235 2233 3266 iudicio
2257 3245 2340 3274 meo,
2366 3236 2471 3277 primo

1399 3280 1498 3310 modo
1523 3279 1660 3310 sumitur
1683 3280 1744 3310 hic.

1455 3324 1671 3355 Veruntamen
1691 3325 1832 3355 secundo
1854 3325 1950 3356 etiam
1973 3324 2074 3355 modo
2088 3331 2135 3355 est
2150 3334 2232 3360 vera,
2252 3325 2423 3366 loquendo.
2431 3325 2471 3356 de

1399 3368 1543 3399 motione
1566 3378 1645 3409 pure
1668 3369 1771 3400 locali.
1796 3369 1837 3400 Et
1860 3369 1939 3400 ratio
1963 3368 2030 3399 eius
2054 3369 2230 3409 assignatur
2253 3369 2286 3400 in
2310 3369 2321 3400 1
2348 3369 2471 3401 Contra

1401 3412 1505 3450 Geni„
1527 3422 1594 3453 cap.
1612 3422 1667 3444 xx:
1692 3412 1768 3454 quia
1783 3423 1917 3444 movens
1936 3419 2063 3453 oportet
2078 3413 2175 3445 simul
2191 3423 2257 3444 esse
2275 3423 2350 3445 cum
2365 3420 2468 3445 moto.

1399 3457 1445 3487 Ex
1461 3457 1523 3487 hoc
1547 3457 1632 3487 enim
1657 3457 1816 3488 evidenter
1839 3456 1982 3497 sequitur
2005 3457 2093 3498 quod
2118 3468 2233 3498 corpus
2253 3467 2386 3489 movens
2403 3467 2469 3488 non

1398 3507 1503 3541 potest
1522 3511 1659 3537 manere,
1677 3507 1708 3531 et
1723 3511 1839 3541 corpus
1863 3507 1991 3532 motum
2015 3509 2136 3533 mutare
2160 3502 2288 3533 locum:
2314 3501 2469 3543 quoniam

1398 3545 1423 3575 si
1448 3551 1575 3576 motum
1599 3552 1723 3576 tantum
1753 3545 1863 3576 locum
1894 3552 2014 3582 mutat,
2047 3546 2160 3578 desinit
2184 3556 2250 3577 esse
2274 3546 2370 3577 simul
2395 3555 2469 3577 cum

1399 3599 1531 3629 corpore
1556 3596 1721 3625 movente,
1755 3589 1844 3630 quod
1868 3600 1994 3621 manere
2022 3590 2215 3631 supponitur
2237 3590 2271 3621 in
2293 3590 2367 3622 loco
2392 3599 2469 3621 con-

1397 3634 1487 3673 tiguo
1512 3633 1556 3663 illi
1580 3633 1664 3670 loco,
1690 3634 1775 3664 unde
1799 3641 1948 3665 movente
1979 3642 2107 3666 motum
2130 3642 2187 3666 est.

1452 3678 1492 3708 Et
1515 3687 1551 3708 ex
1575 3677 1636 3708 hoc
1652 3685 1782 3718 apparet
1805 3678 1944 3709 exclusio
1964 3679 2197 3710 instantiarum:
2222 3678 2378 3720 quoniam
2402 3688 2467 3709 non

2511 677 2519 686 ⁸
2536 677 2582 699 eit.
2597 684 2657 700 vers.
2667 678 2706 701 26.

2505 2621 2513 2629 ”
2524 2620 2562 2643 Cf.
2572 2626 2638 2644 ιιιιιιι.
2649 2626 2682 2648 tv,
2691 2627 2716 2643 v.
