2768 4178
325 281 395 327 146

318 360 407 390 facile
430 367 522 400 potes
538 360 676 391 radicem
692 360 878 401 pluralitatis
903 361 1065 392 rationum
1085 362 1123 392 de
1147 362 1227 392 Deo.
1253 362 1286 393 Si
1306 361 1406 392 enim-

317 411 403 435 tanta
431 404 592 445 pluralitas
617 404 717 436 oritur
740 415 777 435 ex
800 415 928 436 summa
958 406 1078 437 unitate
1109 406 1223 437 obiecti
1247 413 1390 446 respectu

317 449 493 480 intellectus
517 456 583 480 tam
606 449 730 486 remoti,
755 449 862 481 minor
884 450 1047 491 pluralitas
1072 450 1191 481 orietur
1214 460 1251 480 ex
1280 451 1391 481 eadem

317 500 460 534 respectu
491 493 666 525 intellectus
691 494 947 535 propinquioris:
977 495 1065 526 nulla
1093 501 1200 525 autem
1228 494 1391 534 pluralitas

318 538 375 568 erit
397 545 540 578 respectu
565 538 838 580 propinquissimi.
863 539 905 570 Et
922 549 996 570 cum
1016 545 1138 570 constet
1154 539 1243 580 quod
1259 539 1390 580 propin-

317 582 489 623 quissimus
512 582 689 614 intellectus
708 593 775 614 non
791 583 839 620 sit,
857 583 913 624 qui
930 585 968 614 ab
985 583 1144 614 intellecto
1164 583 1272 624 aliquo
1289 584 1389 614 modo

317 626 528 667 distinguitur,
549 627 637 658 solus
661 627 786 659 divinus
810 628 986 660 intellectus
1005 634 1109 664 restat,
1129 635 1274 669 respectu
1299 628 1390 659 cuius

1023 282 1292 330 QUAESTIO
1322 283 1427 330 XIII,
1457 283 1758 320 ARTICULUS
1786 283 1821 319 V

1447 372 1483 392 ex
1506 362 1560 392 illa
1583 372 1710 392 summa
1734 362 1854 393 unitate
1874 362 1962 393 nulla
1986 368 2203 402 conceptuum
2223 362 2385 403 pluralitas
2409 362 2519 394 oritur.

1446 407 1548 437 Radix
1571 416 1656 447 ergo,
1677 407 1822 438 absolute
1838 413 1869 438 et
1885 406 2101 437 universaliter
2120 406 2296 447 loquendo,
2313 413 2344 437 et
2367 417 2434 438 non
2453 413 2521 438 tan-

1445 457 1516 481 tum
1539 458 1684 491 respectu
1708 451 1817 488 nostri,
1835 461 1933 492 quare
1955 452 2044 482 Deus
2069 457 2115 481 est
2133 450 2301 491 multiplex
2323 450 2454 488 ratione,
2475 457 2522 482 est

1447 495 1513 526 eius
1528 496 1666 536 perfecta
1683 496 1797 533 unitas,
1815 503 1846 527 et
1861 495 1965 526 finitas
1981 495 2159 526 intellectus
2176 495 2279 526 creati.
2294 512 2314 520 -
2329 495 2429 532 Quod
2447 495 2520 526 ideo

1446 539 1496 570 hic
1521 540 1674 577 diximus,
1701 540 1777 581 quia
1800 551 1836 571 ex
1860 540 1919 571 hac
1942 540 2044 571 littera
2067 539 2251 570 deducitur:
2277 549 2344 570 non
2367 540 2458 581 quod
2481 539 2521 570 ad

1445 584 1526 615 hanc
1549 591 1669 625 spectet
1691 585 1923 626 quaestionem,
1944 595 2026 626 quae
2043 585 2082 615 de
2098 584 2292 615 Nominibus
2316 591 2372 621 est,
2391 590 2422 615 et
2445 594 2521 615 con-

1446 635 1614 669 sequenter
1637 639 1703 660 non
1728 629 1788 660 nisi
1812 630 1851 660 de
1875 629 2127 670 dependentibus
2152 639 2169 659 a
2193 628 2296 659 nobis.

1112 791 1432 834 ARTICULUS
1463 793 1722 845 QUINTUS

487 894 644 925 UTRUM
667 894 725 924 EA
750 894 869 931 QUAE
893 894 950 924 DE
975 893 1064 936 Dsso
1088 893 1316 924 DICUNTUR
1341 893 1400 924 ET
1425 892 1681 930 CREATUms,
1706 895 1902 927 UNIVOCE
1925 894 2153 926 DICANTUR
2176 896 2234 927 DE
2258 896 2357 928 IPSIS

532 984 541 1008 1
562 983 643 1012 Sent.¹
663 982 750 1013 Proh,
770 987 815 1007 art.
831 990 854 1011 2,
874 983 905 1007 ad
927 990 955 1012 2;
976 983 1036 1007 dist.
1054 989 1104 1012 x1x,
1124 989 1168 1014 qu.
1178 989 1202 1010 ν,
1222 985 1269 1005 art.
1290 987 1313 1012 2,
1333 981 1365 1005 ad
1388 987 1409 1011 ις
1429 980 1488 1005 dist.
1506 989 1578 1011 xxxV,
1599 987 1646 1006 art.
1665 989 1695 1014 4;
1715 982 1724 1007 1
1746 983 1823 1008 Cont.
1839 984 1926 1013 Gent„
1947 990 2003 1015 cap.
2022 990 2098 1013 xxm,
2117 990 2202 1014 xxxm,
2221 990 2308 1013 xxxxv;

806 1018 848 1043 De
867 1018 955 1047 Verit..
976 1026 1021 1051 qu.
1040 1025 1067 1046 11,
1087 1022 1134 1042 art.
1154 1024 1192 1048 113
1213 1016 1255 1041 De
1274 1015 1341 1046 Pot„
1361 1024 1406 1049 qu.
1421 1023 1465 1048 vn,
1485 1022 1532 1041 art.
1545 1024 1561 1049 7
1568 1025 1575 1048 ;
1598 1018 1742 1050 Compend.
1759 1017 1856 1048 Theoi„
1877 1026 1934 1051 cap.
1952 1025 2028 1043 xxvn.

353 1140 394 1169 s>
434 1132 486 1168 gff—
532 1130 552 1154 D
582 1128 745 1159 QUINTUM
774 1116 827 1153 sic
846 1116 1077 1165 proceditur.
1098 1115 1260 1152 Videtur
1283 1115 1390 1163 quod

375 1169 391 1191 ·“
441 1164 508 1221 ’ῗῇ
531 1183 575 1207 ea
603 1182 701 1218 quae
732 1168 910 1207 dicuntur
938 1169 986 1207 de
1015 1171 1101 1207 Deo
1127 1176 1164 1206 et
1189 1168 1388 1216 creaturis,

377 1264 381 1270 ,
455 1223 695 1269 (univoce
724 1223 771 1260 de
801 1223 891 1273 ipsis
921 1223 1104 1260 dicantur.
1136 1223 1265 1260 Omne
1285 1222 1389 1259 enim

372 1270 789 1325 =1J¹Kaequivocum
833 1277 1023 1315 reducitur
1065 1276 1114 1313 ad
1154 1275 1387 1323 univocum,

315 1332 411 1368 sicut
439 1332 557 1368 multa
581 1331 629 1368 ad
654 1342 788 1367 unum.
819 1331 924 1367 Nam
951 1331 982 1367 si
1009 1330 1084 1367 hoc
1112 1342 1257 1367 nomen
1285 1329 1390 1366 canis

314 1385 528 1434 aequivoce
558 1384 691 1422 dicitur
720 1384 767 1421 de
797 1384 955 1422 latrabili
985 1391 1021 1421 et
1045 1383 1207 1431 marino,
1239 1390 1390 1432 oportet

315 1438 422 1487 quod
460 1439 506 1476 de
545 1437 733 1486 aliquibus
761 1437 928 1475 univoce
963 1437 1130 1485 dicatur,
1166 1436 1307 1474 scilicet
1342 1436 1388 1474 de

287 1523 290 1527 .
315 1492 496 1529 omnibus
524 1491 774 1529 latrabilibus:
804 1491 910 1529 aliter
930 1491 1034 1528 enim
1055 1498 1154 1528 esset
1178 1490 1388 1540 procedere

72 2201 80 2209 '
98 2199 165 2221 Vers.
182 2199 217 2220 26.

72 2413 82 2422 '¹
97 2412 122 2433 S.
133 2411 177 2433 Th.
193 2412 245 2433 lect.
261 2418 286 2432 11.

74 2450 85 2455 -
101 2438 154 2460 Did.
176 2438 216 2460 lib.
239 2438 285 2466 1x,

73 2471 124 2493 cap.
140 2471 156 2491 ι,
171 2471 193 2487 n.
210 2472 238 2494 ¹3-

172 2568 187 2601 β

315 1546 353 1583 in
382 1546 584 1583 infinitum.
608 1545 858 1582 Inveniuntur
876 1553 1006 1582 autem
1025 1545 1219 1593 quaedam
1239 1543 1389 1592 agentia

314 1599 492 1647 univoca,
523 1611 623 1647 quae
655 1599 890 1636 conveniunt
918 1611 1008 1635 cum
1028 1598 1106 1635 suis
1131 1597 1330 1635 effectibus
1349 1597 1388 1634 in

314 1653 473 1690 nomine
495 1661 531 1690 et
550 1652 784 1700 definitione,
799 1660 842 1689 ut
855 1653 976 1690 homo
991 1659 1148 1700 generat
1166 1651 1386 1698 hominem;

316 1707 508 1755 quaedam
536 1718 631 1743 vero
652 1706 801 1755 agentia
821 1706 1047 1755 aequivoca,
1069 1705 1163 1743 sicut
1182 1705 1238 1742 sol
1259 1712 1389 1742 causat

316 1761 503 1808 calidum,
539 1772 628 1797 cum
661 1768 791 1797 tamen
827 1759 909 1809 ipse
942 1772 1022 1796 non
1060 1760 1107 1796 sit
1140 1759 1283 1796 calidus
1317 1758 1389 1796 nisi

315 1814 537 1862 aequivoce.
558 1813 719 1850 Videtur
742 1813 852 1861 igitur
871 1813 978 1863 quod
997 1812 1167 1862 primum
1188 1825 1317 1860 agens,
1338 1812 1388 1849 ad

315 1868 421 1917 quod
451 1867 581 1904 omnia
601 1867 750 1915 agentia
778 1867 1024 1914 reducuntur,
1046 1866 1092 1903 sit
1110 1878 1226 1914 agens
1253 1865 1387 1902 univo-

316 1934 414 1958 cum.
443 1922 492 1958 Et
511 1921 572 1968 ita,
595 1933 694 1970 quae
714 1921 761 1958 de
786 1921 871 1957 Deo
902 1928 938 1957 et
958 1919 1138 1957 creaturis
1159 1919 1335 1957 dicuntur
1357 1925 1386 1966 ⁸²,

314 1975 479 2012 univoce
507 1973 786 2023 praedicantur.

369 2040 403 2065 2.
435 2029 668 2074 PRAETEREA,
692 2026 906 2064 secundum
937 2026 1151 2075 aequivoca
1171 2038 1249 2063 non
1269 2033 1386 2064 atten-

315 2082 412 2120 ditur
441 2081 566 2130 aliqua
595 2081 816 2118 similitudo.
845 2081 945 2117 Cum
976 2080 1086 2129 igitur
1114 2087 1308 2117 creaturae
1337 2080 1388 2118 ad

314 2137 442 2173 Deum
471 2135 516 2172 sit
544 2135 670 2183 aliqua
698 2134 917 2181 similitudo,
948 2133 1163 2171 secundum
1193 2133 1284 2170 illud
1316 2134 1388 2171 Ge-

315 2202 389 2226 nes.
408 2202 417 2226 1
437 2189 473 2226 *z
493 2189 699 2226 Faciamus
722 2188 912 2225 hominem
933 2188 985 2224 ad
1002 2187 1210 2237 imaginem
1231 2193 1268 2224 et
1287 2187 1389 2224 simi-

314 2243 506 2279 litudinem
532 2247 713 2287 nostram,
734 2241 885 2278 videtur
913 2241 1019 2288 quod
1048 2239 1192 2289 aliquid
1220 2239 1387 2278 univoce

316 2296 362 2334 de
398 2297 483 2333 Deo
513 2303 549 2332 et
578 2294 757 2332 creaturis
787 2294 943 2331 dicatur.

371 2351 405 2386 3.
436 2351 669 2396 PRAETEREA,
691 2360 871 2385 mensura
896 2355 950 2384 est
969 2347 1215 2394 homogenea
1234 2359 1389 2384 mensu-

315 2410 409 2450 rato,
438 2410 480 2439 ut
509 2402 642 2439 dicitur
670 2402 710 2439 in
738 2402 772 2438 X
800 2401 1020 2450 Metaphys.
1043 2400 1064 2422 *
1093 2400 1170 2437 Sed
1198 2402 1305 2437 Deus
1334 2408 1390 2438 est

314 2457 439 2506 prima
458 2468 639 2493 mensura
655 2455 831 2492 omnium
848 2455 1005 2500 entium,
1021 2461 1063 2491 ut
1081 2453 1225 2491 ibidem
1241 2453 1386 2491 dicitur.

315 2513 417 2558 Ergo
446 2511 553 2547 Deus
573 2517 630 2546 est
657 2510 925 2557 homogeneus
954 2507 1147 2545 creaturis.
1173 2508 1222 2544 Et
1245 2507 1296 2544 ita
1325 2507 1390 2544 ali-

315 2563 404 2614 quid
432 2563 598 2600 univoce
628 2562 676 2600 de
704 2563 789 2599 Deo
820 2570 857 2599 et
886 2560 1066 2599 creaturis
1096 2560 1170 2598 diei
1198 2568 1327 2610 potest
1345 2560 1374 2598 β.

369 2619 444 2655 SED
473 2629 631 2663 CONTRA,
652 2615 841 2665 quidquid
859 2615 1100 2665 praedicatur
1125 2614 1173 2652 de
1200 2614 1388 2663 aliquibus

315 2671 528 2709 secundum
549 2670 652 2708 idern
673 2682 818 2707 nomen
839 2677 875 2706 et
890 2681 969 2706 non
988 2668 1201 2706 secundum
1223 2668 1387 2706 eandem

316 2725 514 2771 rationem,
541 2723 780 2773 praedicatur
803 2724 851 2760 de
875 2722 931 2768 ¹eis
951 2722 1176 2770 aequivoce.
1200 2722 1277 2760 Sed
1306 2722 1388 2759 nul-

315 2781 395 2816 lum
425 2790 570 2815 nornen
599 2777 779 2814 convenit
803 2778 889 2814 Deo
910 2776 1123 2813 secundum
1151 2775 1254 2813 illam
1274 2775 1386 2813 ratio—

315 2845 418 2874 nern,
449 2831 663 2868 secundum
692 2843 810 2879 quam
839 2830 974 2867 dicitur
998 2829 1046 2867 de
1075 2836 1266 2866 creatura:
1296 2842 1387 2867 nam

316 2885 500 2935 sapientia
528 2884 566 2922 in
596 2884 776 2921 creaturis
805 2891 861 2920 est
890 2882 1061 2933 qualitas,
1092 2895 1171 2920 non
1199 2890 1329 2920 autem
1349 2883 1388 2920 in

315 2941 417 2985 Deo;
439 2951 559 2987 genus
579 2945 708 2975 autern
727 2938 917 2975 variatum
939 2944 1059 2984 mutat
1080 2936 1279 2985 rationem,
1298 2949 1387 2974 curn

316 2993 362 3030 sit
390 3005 478 3042 pars
508 2991 751 3029 definitionis.
782 2991 831 3027 Et
851 2990 988 3027 eadem
1018 2989 1113 3027 ratio
1142 2998 1199 3027 est
1226 2990 1265 3027 in
1293 2990 1385 3028 aliis.

317 3045 514 3096 Quidquid
535 3057 624 3094 ergo
646 3045 694 3082 de
715 3046 800 3082 Deo
827 3051 862 3081 et
882 3043 1062 3081 creaturis
1083 3043 1229 3092 dicitur,
1259 3043 1387 3093 aequi—

315 3112 414 3137 voce
443 3099 589 3138 dicitur.

370 3155 605 3199 PRAETEREA,
626 3152 733 3188 Deus
766 3151 850 3200 plus
880 3150 991 3188 distat
1006 3163 1028 3187 a
1049 3149 1240 3197 creaturis,
1269 3162 1387 3198 quam

318 3218 583 3256 quaecumque
599 3212 792 3242 creaturae
809 3204 857 3241 ab
873 3203 1051 3241 invicem.
1070 3204 1146 3241 Sed
1162 3211 1318 3253 propter
1333 3203 1387 3240 di-

317 3261 492 3298 stantiam
513 3259 754 3309 quarundam
784 3265 1054 3305 creaturarum,
1076 3257 1257 3305 contingit
1282 3257 1387 3306 quod

318 3314 408 3350 nihil
437 3313 602 3351 univoce
632 3312 680 3350 de
710 3311 763 3349 eis
791 3310 1002 3360 praedicari
1035 3318 1181 3360 potest;
1217 3310 1312 3348 sicut
1341 3309 1388 3348 de

318 3367 375 3404 his
403 3380 502 3416 quae
530 3379 610 3404 non
641 3364 874 3403 conveniunt
893 3364 931 3401 in
956 3364 1083 3413 aliquo
1103 3376 1254 3413 genere.
1285 3364 1387 3413 Ergo

373 3518 400 3549 α)
420 3517 554 3542 dicuntur.
567 3530 587 3537 -
600 3517 797 3549 praedicantur
816 3516 883 3546 le),
901 3523 954 3540 om.
974 3516 1068 3548 Epeo.

374 3552 399 3585 β)
419 3552 472 3577 dici
485 3556 583 3584 potest.
603 3567 620 3572 —-
639 3552 739 3577 dicitur
756 3551 878 3577 ABCDF..

372 3590 398 3622 γ)
419 3588 458 3613 ita
477 3591 515 3613 ut.
532 3602 551 3606 -
570 3588 608 3612 ita
626 3591 652 3612 et
671 3587 700 3613 Ρ.

373 3622 397 3656 δ)
419 3626 447 3648 ut
466 3623 629 3648 distinctam.
647 3637 665 3642 —
684 3623 837 3648 distinctam
858 3622 919 3647 Pab.
931 3634 951 3643 -
962 3622 1013 3647 Pro
1031 3622 1202 3656 definitionis,
1216 3621 1287 3655 quod
1301 3621 1389 3655 plures

320 3659 379 3684 editi
398 3659 502 3688 habent.
523 3658 701 3684 distinctionis
720 3659 822 3683 codices
843 3663 868 3684 et
887 3658 949 3683 Pab.

1446 1116 1566 1153 multo
1593 1116 1720 1154 minus
1741 1117 1788 1154 de
1809 1118 1895 1155 Deo
1917 1124 1953 1154 et
1972 1117 2152 1155 creaturis
2181 1118 2324 1168 aliquid
2351 1119 2519 1157 univoce

1444 1170 1703 1219 praedicatur:
1733 1171 1802 1208 sed
1835 1170 1969 1208 omnia
1995 1171 2265 1220 praedicantur
2292 1173 2517 1223 aequivoce.

1499 1224 1728 1261 Responmzo
1756 1237 1942 1262 DicENDUM
1971 1225 2077 1274 quod
2105 1225 2342 1274 impossibile
2373 1234 2429 1264 est
2454 1227 2519 1264 ali-

1445 1277 1537 1327 quid
1556 1277 1766 1327 praedicari
1788 1279 1835 1316 de
1856 1279 1941 1315 Deo
1963 1286 1999 1315 et
2019 1279 2198 1316 creaturis
2217 1279 2396 1318 univoce.
2419 1280 2519 1328 Quia

1445 1330 1572 1368 omnis
1602 1331 1762 1369 effectus
1794 1344 1874 1369 non
1907 1332 2130 1380 adaequans
2164 1332 2347 1370 virtutem
2381 1345 2518 1372 causae

1445 1384 1602 1433 agentis,
1632 1385 1766 1435 recipit
1793 1385 2083 1423 similitudinem
2112 1386 2257 1434 agentis
2286 1399 2366 1424 non
2385 1399 2519 1426 secun-

1446 1438 1540 1475 dum
1570 1438 1735 1476 eandem
1763 1439 1970 1487 rationem,
1995 1440 2064 1477 sed
2094 1439 2336 1478 deficienter:
2365 1439 2417 1478 ita
2443 1448 2487 1479 ut
2504 1445 2519 1470 7

1445 1491 1551 1541 quod
1581 1491 1734 1530 divisim
1765 1501 1802 1530 et
1829 1492 2086 1542 multipliciter
2114 1501 2171 1531 est
2189 1493 2228 1531 in
2249 1493 2459 1543 effectibus,
2479 1494 2520 1533 in

1445 1557 1560 1583 causa
1588 1553 1645 1583 est
1673 1546 1892 1595 simpliciter
1927 1554 1963 1584 et
1991 1547 2132 1584 eodem
2161 1547 2300 1594 modo;
2336 1547 2433 1585 sicut
2460 1549 2519 1586 sol

1444 1598 1659 1636 secundum
1686 1612 1806 1637 unam
1832 1599 2027 1648 virtutem,
2058 1600 2312 1638 multiformes
2332 1607 2369 1638 et
2391 1602 2519 1639 varias

1444 1653 1588 1690 formas
1604 1653 1643 1690 in
1657 1652 1736 1690 istis
1751 1653 1992 1691 inferioribus
2006 1654 2197 1703 producit.
2214 1654 2368 1692 Eodem
2383 1655 2516 1703 modo,

1442 1714 1483 1743 ut
1512 1719 1628 1755 supra
1645 1705 1666 1728 ’¹‘
1686 1707 1831 1744 dictum
1852 1715 1920 1752 est,
1947 1719 2084 1745 omnes
2105 1719 2232 1745 rerum
2251 1707 2517 1757 perfectiones,

1443 1772 1541 1809 quae
1566 1767 1653 1797 sunt
1671 1760 1711 1797 in
1731 1761 1846 1797 rebus
1866 1760 1999 1798 creatis
2020 1760 2173 1798 divisim
2194 1769 2230 1798 et
2250 1761 2517 1811 multipliciter,

1443 1813 1482 1850 in
1501 1815 1587 1851 Deo
1607 1814 1867 1863 praeexistunt
1884 1814 2001 1851 unite.
2024 1813 2087 1851 Sic
2105 1814 2230 1862 igitur,
2251 1826 2341 1852 cum
2361 1814 2520 1863 aliquod

1443 1879 1588 1904 nomen
1607 1867 1656 1904 ad
1685 1867 1960 1916 perfectionem
1989 1867 2183 1916 pertinens
2203 1867 2251 1905 de
2271 1875 2444 1906 creatura
2463 1867 2519 1906 di-

1443 1920 1550 1968 citur,
1579 1919 1766 1968 significat
1795 1920 1898 1958 illam
1917 1920 2192 1970 perfectionem
2211 1928 2255 1958 ut
2274 1921 2490 1960 distinctam
2505 1918 2520 1943 ⁸

1444 1975 1659 2012 secundum
1698 1973 1886 2012 rationem
1925 1973 2159 2012 definitionis
2196 1974 2245 2012 ab
2283 1975 2388 2014 aliis:
2425 1983 2519 2026 puta

1445 2040 1534 2065 cum
1559 2028 1635 2066 hoc
1654 2040 1801 2065 nomen
1817 2028 1967 2076 sapiens
1991 2028 2038 2066 de
2058 2027 2217 2066 homine
2239 2028 2385 2078 dicitur,
2406 2029 2518 2078 signi-

1444 2082 1607 2119 ficamus
1635 2081 1803 2131 aliquam
1832 2081 2108 2131 perfectionem
2139 2081 2354 2120 distinctam
2383 2083 2433 2120 ab
2461 2095 2520 2122 es-

1444 2135 1565 2172 sentia
1578 2134 1773 2183 hominis,
1796 2142 1832 2172 et
1851 2147 1873 2172 a
1891 2135 2063 2183 potentia
2083 2142 2119 2172 et
2139 2136 2188 2172 ab
2217 2148 2302 2173 esse
2330 2136 2461 2186 ipsius,
2483 2144 2520 2175 et

1444 2189 1493 2226 ab
1523 2188 1705 2225 omnibus
1732 2187 1968 2225 huiusmodi.
2000 2188 2079 2226 Sed
2099 2201 2189 2226 cum
2208 2189 2284 2226 hoc
2304 2201 2449 2228 nomen
2469 2190 2519 2229 de

1444 2243 1530 2279 Deo
1560 2241 1734 2289 dicimus,
1764 2253 1844 2278 non
1873 2240 2105 2279 intendimus
2133 2241 2347 2291 significare
2376 2243 2519 2294 aliquid

1445 2294 1665 2332 distinctum
1681 2294 1729 2331 ab
1746 2293 1909 2331 essentia
1928 2294 1991 2331 vel
2010 2294 2182 2343 potentia
2200 2296 2264 2333 vel
2284 2308 2367 2334 esse
2386 2296 2517 2346 ipsIus.

1444 2349 1494 2385 Et
1513 2347 1578 2395 sic,
1595 2360 1684 2385 cum
1699 2348 1775 2385 hoc
1794 2359 1940 2384 nomen
1957 2348 2107 2396 sapiens
2127 2349 2174 2386 de
2190 2349 2349 2386 homine
2369 2349 2516 2398 dicitur,

1444 2401 1739 2451 quodammodo
1755 2400 2028 2438 circumscribit
2042 2406 2052 2421 ¹
2073 2408 2110 2438 et
2128 2403 2421 2451 comprehendit
2435 2415 2517 2442 rem

1444 2454 1712 2504 significatam:
1743 2466 1822 2491 non
1847 2462 1975 2492 autern
1995 2466 2085 2492 cum
2107 2454 2242 2492 dicitur
2261 2455 2309 2493 de
2329 2457 2427 2506 Deo,
2448 2457 2518 2496 sed

1444 2507 1621 2557 relinquit
1649 2520 1730 2545 rem
1751 2507 2001 2556 significatam
2020 2515 2062 2546 ut
2085 2507 2460 2559 incomprehensam,
2480 2518 2518 2549 et

1445 2562 1693 2600 excedentem
1720 2561 1886 2598 nominis
1915 2561 2242 2610 significationem.
2273 2562 2386 2600 Unde
2413 2571 2519 2613 patet

2545 1721 2557 1733 ⁸
2570 1722 2624 1744 Art.
2638 1727 2716 1750 praee.

1444 2615 1551 2664 quod
1580 2627 1660 2652 non
1693 2614 1907 2652 secundum
1941 2615 2106 2653 eandem
2136 2615 2324 2654 rationem
2344 2617 2420 2655 hoc
2448 2629 2518 2656 no·
2550 2635 2553 2638 ·

1443 2681 1535 2706 men
1565 2669 1715 2719 sapiens
1745 2668 1792 2705 de
1826 2669 1912 2705 Deo
1942 2676 1978 2705 et
2006 2668 2054 2706 de
2087 2668 2246 2706 homine
2283 2669 2429 2708 dicitur.
2468 2671 2519 2709 Et

1444 2722 1582 2760 eadem
1620 2722 1715 2759 ratio
1745 2728 1801 2758 est
1835 2722 1883 2759 de
1921 2721 2012 2759 aliis.
2052 2722 2165 2760 Unde
2194 2723 2343 2761 nullum
2373 2735 2518 2763 nornen

1442 2776 1607 2813 univoce
1637 2775 1685 2813 de
1714 2776 1799 2812 Deo
1829 2783 1865 2812 et
1893 2775 2073 2813 creaturis
2101 2775 2353 2825 praedicatur.

1499 2830 1575 2868 Sed
1596 2829 1610 2855 ζ
1628 2841 1701 2866 nec
1721 2828 1833 2866 etiam
1854 2841 1949 2878 pure
1969 2829 2194 2879 aequivoce,
2215 2837 2258 2868 ut
2277 2830 2390 2880 aliqui
2415 2830 2517 2869 dixe-

1443 2890 1540 2921 runt.
1557 2882 1659 2930 Quia
1678 2882 1893 2920 secundum
1922 2883 2009 2930 hoc,
2033 2894 2079 2920 ex
2098 2883 2280 2920 creaturis
2307 2883 2399 2920 nihil
2426 2895 2516 2932 pos-

1442 2945 1499 2974 set
1519 2935 1697 2984 cognosci
1717 2935 1765 2973 de
1780 2936 1878 2982 Deo,
1896 2948 1967 2972 nec
1984 2935 2252 2982 demonstrari;
2274 2936 2342 2974 sed
2361 2948 2516 2986 semper

1443 2989 1625 3027 incideret
1652 2988 1797 3026 fallacia
1816 2989 2168 3038 Aequivocationis.
2194 2989 2244 3026 Et
2261 2990 2337 3026 hoc
2357 2997 2413 3027 est
2435 2997 2514 3028 tarn

1443 3050 1574 3081 contra
1602 3042 1866 3092 philosophos,
1889 3042 1952 3092 qui
1985 3043 2104 3080 multa
2133 3042 2433 3081 demonstrative
2467 3043 2514 3082 de

1443 3098 1527 3134 Deo
1559 3097 1725 3146 probant
1751 3101 1783 3143 η,
1818 3108 1935 3145 quam
1971 3096 2085 3134 etiam
2119 3103 2251 3134 contra
2283 3096 2515 3146 Apostolum

1443 3150 1652 3198 dicentem,
1670 3149 1794 3187 Rom.
1821 3149 1887 3187 1²¹²:
1917 3148 2115 3188 invisibilia
2143 3149 2220 3186 Dei
2241 3161 2313 3198 per
2340 3162 2385 3188 ea
2418 3162 2516 3200 quae

1432 3205 1546 3252 sacta
1573 3208 1670 3249 sunt,
1701 3203 1897 3250 intellecta,
1918 3202 2209 3251 conspiciuntur.

1497 3256 1712 3294 Dicendum
1738 3264 1795 3293 est
1822 3256 1933 3305 igitur
1961 3255 2067 3306 quod
2095 3255 2318 3294 huiusmodi
2355 3256 2515 3295 nomina

1444 3309 1620 3347 dicuntur
1657 3309 1704 3348 de
1734 3310 1819 3347 Deo
1857 3317 1893 3346 et
1925 3308 2105 3346 creaturis
2143 3309 2356 3348 secundum
2385 3311 2513 3348 analo-

1443 3363 1545 3412 giam
1564 3363 1596 3412 *,
1617 3363 1714 3401 idest
1739 3362 2042 3413 proportionem.
2070 3362 2188 3410 Quod
2211 3363 2367 3413 quidem
2394 3363 2514 3413 dupli-

1497 3516 1519 3548 ε)
1538 3515 1741 3541 circumscribit.
1757 3528 1776 3535 -
1794 3514 1920 3540 describit
1939 3514 2003 3539 Pab.

1462 3585 1468 3591 .
1497 3550 1523 3582 ζ)
1547 3550 1621 3576 Unde
1639 3551 1741 3576 nullum
1761 3557 1910 3575 nomen...
1931 3550 1993 3575 Sed.
2012 3564 2030 3570 -
2053 3550 2127 3576 Unde
2149 3550 2218 3577 sicut
2242 3551 2343 3576 nullum
2369 3558 2463 3577 nomen

1444 3593 1481 3611 ωε
1495 3586 1529 3653 ξ).
1539 3621 1711 3653 philosophos
1730 3621 1818 3654 qui...
1839 3621 1872 3646 de
1892 3621 1949 3646 Deo
1971 3621 2099 3654 probant.
2117 3635 2136 3642 -
2154 3620 2342 3654 Philosophum
2367 3622 2461 3656 qui...
2481 3622 2515 3648 de

1385 3690 1394 3695 -
1444 3656 1501 3682 Deo
1516 3656 1616 3689 probat
1636 3657 1665 3682 Ρ.

2542 3166 2553 3178 ‘
2568 3166 2638 3190 Vere.
2650 3173 2687 3190 ao.

2542 3375 2551 3384 ·
2566 3373 2595 3396 D·
2609 3380 2663 3402 474-
