2768 4178
993 267 1258 315 QUAESTIO
1288 268 1407 315 XXV,
1437 268 1732 305 ARTICULUS
1763 270 1776 304 1

291 349 486 386 voluntate
516 348 727 385 secundum
757 360 859 395 rem,
895 348 962 384 sed
990 349 1116 384 solum
1145 346 1356 384 secundum

293 401 501 447 rationem3
539 402 764 450 inquantum
802 400 941 437 scilicet
977 400 1144 448 potentia
1180 400 1358 448 importat

293 454 479 503 rationem
511 454 685 503 principii
718 453 937 502 exequentis
969 453 1006 490 id
1044 453 1150 501 quod
1181 454 1359 489 voluntas

294 507 475 556 imperat,
511 515 547 544 et
581 507 630 545 ad
664 507 769 556 quod
803 506 958 543 scientia
987 505 1127 553 dirigit3
1163 518 1261 553 quae
1290 505 1358 541 tria

294 561 379 597 Deo
400 561 612 597 secundum
632 560 735 597 idem
765 559 1005 597 conveniunt.
1023 580 1046 586 —
1062 559 1132 595 Vel
1153 558 1359 595 dicendum

2397 282 2466 317 291

1412 347 1518 394 quod
1537 346 1620 395 ipsa
1645 346 1799 383 scientia
1817 348 1879 383 vel
1897 348 2073 384 voluntas
2102 349 2240 395 divina,
2262 349 2473 386 secundum

1412 400 1517 447 quod
1546 407 1601 436 est
1623 399 1854 448 principium
1884 400 2113 448 effectivum,
2143 402 2257 438 habet
2290 402 2474 438 rationem

1412 452 1614 500 potentiae.
1650 452 1761 490 Unde
1796 453 2045 490 consideratio
2074 454 2252 491 scientiae
2273 461 2310 491 et
2339 455 2474 492 volun-

1412 505 1496 542 tatis
1515 505 1706 554 praecedit
1734 505 1771 542 in
1799 506 1884 542 Deo
1910 506 2252 544 considerationem
2271 507 2472 556 potentiae,

1414 558 1508 594 sicut
1537 571 1649 595 causa
1677 558 1867 607 praecedit
1895 560 2157 608 operationem
2187 568 2223 596 et
2251 560 2430 597 effectum
2449 558 2472 596 λ.

348 698 375 732 λ)
400 699 446 724 Vel
463 699 603 724 dicendum
665 698 794 732 effectum.
807 711 824 717 —-
837 698 898 723 Orn.
914 698 1015 723 codices
1035 697 1079 731 (cf.
1101 697 1303 723 Observationes
1321 697 1485 727 Recenfium,
1501 698 1568 730 apud
1582 698 1733 730 Nicolaium,
1753 699 1778 723 in
1798 698 1867 723 calce
1885 698 1986 722 Primae
2002 698 2091 727 Partis.
2107 699 2189 731 Lugd.
2208 697 2298 732 1686);
2317 707 2365 732 pro
2382 706 2475 731 opera-

295 734 406 763 tionem,
426 734 547 759 ordinem
566 734 625 758 edd.
644 734 693 758 ab.

977 821 1307 853 Commentaria
1330 820 1579 854 Cardinalis
1602 821 1799 854 Caietani

327 930 346 950 N
362 919 465 955 titulo,
473 920 618 959 potentia
634 918 786 958 significat
802 918 994 959 principium
1005 918 1198 958 operationis
1214 919 1252 948 ad
1266 925 1359 954 extra,

298 932 383 994 Iseu
400 962 604 999 transeuntis;
622 970 750 993 extenso
766 963 958 1003 operationis
978 963 1109 993 nomine
1129 969 1194 993 tam
1211 963 1250 992 ad
1265 962 1361 993 actio-

296 1017 372 1038 nem
395 1017 493 1047 quam
517 1007 557 1037 ad
579 1007 771 1046 passionem.

356 1051 392 1082 11.
409 1051 444 1081 In
464 1061 597 1091 corpore
616 1051 825 1091 respondetur
840 1050 984 1091 quaesito
1001 1051 1095 1081 unica
1110 1050 1319 1086 distinctione,
1333 1056 1364 1080 et

297 1095 420 1125 duabus
445 1095 701 1125 conclusionibus
721 1095 835 1131 mixtis,
855 1095 940 1125 iuxta
957 1095 1022 1125 duo
1040 1093 1246 1125 distinctionis
1263 1104 1361 1124 mem-

297 1139 362 1170 bra.
389 1138 556 1170 Distinctio
581 1146 642 1169 est:
671 1139 816 1170 Potentia
840 1146 886 1170 est
909 1139 1040 1179 duplex,
1071 1138 1171 1169 activa
1194 1138 1311 1168 scilicet
1334 1144 1364 1168 et

297 1182 431 1223 passiva.
456 1183 630 1213 Conclusio
650 1183 752 1223 prima
771 1190 832 1213 est:
857 1183 1002 1214 Potentia
1020 1182 1144 1223 passiva
1159 1182 1249 1212 nullo
1265 1181 1363 1211 modo

299 1233 345 1258 est
359 1226 392 1257 in
408 1227 488 1257 Deo.
506 1227 651 1258 Secunda
666 1233 726 1257 est:
746 1227 891 1258 Potentia
907 1227 1007 1257 activa
1022 1226 1158 1256 maxime
1173 1232 1218 1256 est
1233 1225 1266 1255 in
1282 1225 1362 1255 Deo.

349 1271 509 1311 Probatur
524 1271 600 1301 haec
622 1271 769 1302 secunda.
790 1271 1064 1311 Unumquodque,
1085 1269 1261 1300 secundum
1275 1269 1365 1308 quod

299 1314 346 1345 est
363 1315 396 1345 in
413 1322 484 1345 actu
501 1322 532 1345 et
547 1315 732 1355 perfectum,
749 1321 796 1346 est
813 1314 1006 1354 principium
1022 1313 1176 1344 activum:
1201 1323 1275 1352 ergo
1295 1313 1365 1342 Deo

299 1358 436 1389 maxime
453 1359 606 1399 competit
628 1369 696 1389 esse
711 1358 903 1399 principium
923 1358 1075 1388 activum:
1096 1367 1170 1397 ergo
1191 1357 1224 1386 in
1244 1366 1282 1386 eo
1300 1366 1366 1385 ma-

298 1402 383 1433 xime
406 1410 453 1433 est
475 1403 616 1443 potentia
631 1402 741 1433 activa.
758 1420 778 1424 -
792 1402 897 1432 Prima
913 1401 1140 1442 consequentia
1159 1401 1311 1441 probatur
1330 1410 1366 1430 ex

300 1456 350 1483 eo,
374 1446 462 1487 quod
485 1447 572 1477 Deus
595 1453 642 1476 est
664 1453 752 1477 actus
775 1456 884 1486 purus,
906 1453 936 1477 et
958 1445 1176 1476 universaliter
1198 1444 1365 1485 perfectus·

300 1490 445 1522 S‘ecunda
459 1500 544 1526 vero,
565 1490 640 1530 quia
663 1490 742 1521 ratio
766 1489 911 1530 principii
934 1489 1025 1520 activi
1044 1489 1192 1520 convenit
1208 1488 1366 1529 potentiae

300 1534 427 1570 activae,
445 1540 482 1564 ut
499 1540 586 1574 patet
601 1544 637 1564 ex
654 1533 836 1565 definitione
861 1533 927 1564 eius
942 1534 971 1564 V
988 1540 1019 1564 et
1035 1533 1076 1563 IX
1092 1533 1289 1573 Metaphys„
1308 1539 1365 1563 etc.

353 1577 459 1608 Prima
482 1585 589 1608 autem
617 1578 731 1608 eodem
759 1578 859 1608 modo
883 1588 920 1608 ex
948 1577 1115 1618 negatione
1142 1576 1367 1617 oppositorum

300 1622 462 1662 probatur.
487 1622 753 1662 Unumquodque
772 1622 889 1662 patitur
912 1622 1090 1652 secundum
1113 1621 1203 1663 quod
1226 1627 1272 1651 est
1292 1620 1366 1650 defi-

301 1665 386 1697 ciens
401 1672 431 1696 et
445 1665 681 1706 imperfectum:
707 1676 781 1706 ergo
802 1667 872 1696 Deo
895 1665 986 1696 nullo
1005 1666 1105 1696 modo
1123 1665 1271 1696 convenit
1285 1664 1366 1705 pati:

300 1719 376 1750 ergo
388 1719 446 1740 nec
460 1709 602 1750 potentia
618 1710 750 1750 passiva.
763 1728 784 1732 -
794 1709 1032 1750 Consequentia
1049 1710 1162 1740 eodem
1179 1709 1278 1739 modo
1295 1719 1367 1749 pro-

252 1776 260 1786 .
300 1753 405 1785 batur:
430 1754 506 1795 quia
524 1753 642 1784 scilicet
659 1754 692 1784 in
711 1754 781 1784 Deo
801 1754 889 1784 nulla
909 1761 955 1784 est
973 1753 1179 1794 imperfectio,
1201 1760 1258 1784 etc.

65 2770 223 2800 ,ΜΝ

68 2818 79 2828 ·
89 2815 138 2844 Qu.
146 2821 197 2842 xm,
206 2817 279 2842 art.7.

66 2946 79 2959 ¹⁸
93 2946 151 2974 Cap.
161 2951 195 2968 ru.

67 3031 78 3040 ·
93 3027 151 3056 eap.
161 3035 187 3056 u,
202 3035 226 3051 n.
236 3034 256 3057 5.

66 3211 78 3221 ²
93 3209 129 3232 Cf.
143 3215 208 3231 num.
220 3215 252 3231 vr.

68 3255 79 3265 ¹
92 3254 164 3276 Num.
175 3259 252 3282 praec.

359 1798 412 1829 111.
436 1798 472 1828 In
495 1798 701 1838 responsione
729 1798 769 1828 ad
791 1798 969 1828 secundum
997 1804 1027 1828 et
1054 1797 1202 1833 tertium,
1232 1796 1368 1828 difficilia

299 1841 392 1872 valde
407 1842 501 1872 verba
517 1841 712 1872 discutienda
732 1849 912 1872 occurrunt.
933 1842 1009 1872 Tria
1025 1851 1164 1882 namque
1180 1841 1218 1871 de
1234 1841 1367 1877 actione,

301 1893 338 1916 ut
354 1885 557 1926 distinguitur
573 1893 681 1916 contra
698 1885 853 1922 effectum,
871 1886 1029 1916 dicuntur.
1046 1885 1191 1915 Primum
1207 1892 1262 1921 est,
1280 1886 1368 1925 quod

302 1929 395 1966 actio,
412 1929 438 1959 si
454 1937 500 1960 est
516 1929 660 1960 distincta
682 1940 700 1960 a
723 1930 865 1970 potentia
884 1930 992 1966 activa,
1010 1934 1056 1960 e'st
1075 1929 1212 1959 nobilior
1226 1929 1294 1969 ipsa
1310 1940 1368 1969 po-

303 1973 410 2004 tentia.
435 1973 618 2004 Secundum
643 1980 697 2010 est,
722 1974 812 2014 quod
835 1974 916 2004 actio
940 1973 974 2003 in
994 1973 1140 2004 creaturis
1164 1973 1369 2013 principiatur

303 2027 321 2048 a
343 2017 495 2058 potentia.
523 2017 670 2048 Tertium
693 2024 758 2054 est,
788 2018 877 2058 quod
904 2017 985 2048 actio
1010 2017 1053 2048 sic
1076 2027 1109 2047 se
1133 2017 1226 2047 habet
1250 2017 1289 2047 ad
1311 2027 1368 2059 po-

303 2061 434 2092 tentiam
464 2062 614 2098 activam,
640 2062 730 2102 quod
754 2062 779 2091 si
807 2062 1009 2092 transferatur
1031 2061 1064 2091 in
1088 2062 1213 2096 Deum,
1243 2068 1369 2101 oportet

303 2105 460 2136 actionem
483 2106 586 2146 ipsam
602 2116 668 2136 esse
685 2106 852 2136 essentiam
876 2105 1024 2136 divinam.
1050 2106 1137 2136 Haec
1156 2104 1241 2135 enim
1261 2105 1370 2136 omnia

302 2149 426 2190 liquido
449 2150 605 2180 habentur
627 2149 659 2179 in
682 2149 792 2180 littera.

356 2194 413 2224 Est
427 2200 534 2224 autem
549 2193 628 2224 ratio
643 2194 759 2224 arduae
774 2193 979 2224 dubitationis
995 2193 1082 2224 haec.
1097 2193 1191 2223 Actio
1206 2194 1369 2230 transiens,

303 2245 381 2279 puta
408 2247 550 2273 movere,
579 2244 614 2268 ut
637 2237 841 2277 distinguitur
863 2244 972 2267 contra
995 2237 1156 2273 effectum,
1181 2244 1236 2268 aut
1264 2238 1370 2268 solum

304 2282 379 2313 dicit
402 2287 521 2312 motum
538 2281 578 2312 ab
601 2281 671 2318 hoc,
689 2287 743 2311 aut
766 2280 885 2322 aliquid
901 2281 998 2311 aliud.
1023 2281 1055 2311 Si
1072 2288 1198 2311 tantum
1219 2281 1372 2320 significat

303 2332 431 2357 motum
454 2326 492 2356 ab
516 2325 588 2361 hoc,
606 2331 732 2365 oportet
748 2334 784 2354 ea
799 2335 881 2366 quae
905 2325 956 2355 hic
980 2325 1128 2356 dicuntur
1150 2324 1300 2355 verificari
1317 2332 1372 2356 aut

304 2370 343 2401 de
366 2370 434 2400 sola
457 2369 608 2400 relatione
631 2369 672 2399 ab
694 2369 767 2406 hoc,
793 2376 848 2399 aut
871 2369 909 2399 de
934 2369 1004 2399 solo
1028 2375 1136 2405 motu,
1162 2376 1216 2399 aut
1240 2370 1278 2399 de
1301 2376 1370 2400 toto

304 2413 495 2454 composito,
521 2413 638 2444 scilicet
661 2418 748 2443 motu
772 2413 812 2443 ab
834 2413 902 2444 hoc.
929 2413 990 2443 Sed
1014 2413 1052 2444 de
1076 2413 1165 2443 nullo
1190 2413 1307 2443 horum
1322 2423 1372 2444 ve-

303 2457 463 2489 rificantur
486 2458 628 2498 primum
643 2463 674 2488 et
684 2456 817 2494 ,tertium
833 2457 963 2487 dictum.
987 2457 1074 2487 Nihil
1090 2457 1175 2487 enim
1194 2457 1312 2487 horum
1327 2464 1372 2488 est

304 2502 444 2533 nobilius
467 2501 609 2541 potentia
632 2501 732 2532 activa
756 2501 888 2532 motoris
912 2501 1048 2532 Saturni.
1081 2502 1135 2537 Et,
1160 2501 1249 2542 quod
1272 2501 1372 2541 magis

304 2553 412 2586 urget,
436 2545 516 2575 nihil
538 2545 656 2575 horum
684 2551 730 2575 est
753 2545 842 2585 quod
866 2551 1012 2584 oporteat
1034 2544 1217 2576 identificari
1248 2545 1372 2575 divinae

305 2589 512 2625 substantiae,
537 2589 563 2618 si
591 2599 751 2629 ponamus
775 2589 881 2619 Deum
908 2588 975 2618 sine
999 2589 1088 2619 omni
1113 2589 1219 2619 medio
1244 2599 1371 2619 movere

305 2643 421 2673 corpus
444 2633 575 2673 aliquod
599 2631 706 2674 (quod
722 2639 844 2663 constat
867 2642 934 2663 non
953 2642 1019 2662 esse
1037 2631 1256 2674 impossibile).
1278 2633 1372 2663 Tunc

306 2677 391 2708 enim
421 2676 586 2706 manifeste
609 2676 713 2707 videre
737 2676 873 2716 quisque
896 2683 1001 2716 potest
1027 2683 1153 2707 motum
1186 2687 1252 2707 non
1277 2686 1371 2716 opor-

306 2728 370 2752 tere
384 2720 568 2751 identificari
591 2720 782 2751 substantiae
806 2720 943 2756 divinae;
968 2727 999 2751 et
1021 2720 1163 2751 similiter
1186 2721 1371 2755 relationem

305 2775 372 2796 non
392 2771 538 2807 oportere
561 2763 744 2794 identificari
764 2764 877 2800 eidem,
894 2764 1038 2804 quamvis
1054 2765 1071 2783 *
1094 2771 1254 2805 oporteret
1269 2765 1371 2805 ipsam

306 2819 372 2840 non
396 2818 463 2839 esse
486 2808 602 2838 realem
626 2818 662 2838 ex
689 2814 776 2848 parte
799 2807 878 2844 Dei,
902 2815 939 2839 ut
961 2818 998 2838 ex
1021 2809 1205 2848 supradictis
1228 2808 1245 2827 *
1267 2815 1370 2848 patet;

306 2860 337 2884 et
360 2859 590 2893 consequenter
618 2861 675 2882 nec
698 2857 816 2882 motum
841 2852 881 2882 ab
903 2852 963 2883 hoc
983 2852 1166 2883 identificari
1196 2852 1298 2883 eidem
1322 2852 1369 2882 di-

305 2897 397 2927 vinae
420 2896 571 2927 essentiae
595 2896 752 2936 oportere.
767 2912 789 2919 -
805 2895 837 2926 Si
856 2906 931 2926 vero
955 2896 1108 2936 significat
1131 2896 1250 2936 aliquid
1274 2895 1369 2932 aliud,

305 2947 403 2972 ruunt
430 2940 540 2970 omnia
567 2940 600 2970 in
634 2940 674 2970 111
697 2940 827 2980 Physic.
843 2939 862 2957 ’κ’
885 2940 1006 2971 tradita.
1038 2941 1141 2970 Ruere
1170 2950 1301 2980 quoque
1324 2940 1369 2970 vi-

306 2986 397 3016 detur
413 2984 524 3025 opinio
540 2984 647 3014 dicens
670 2983 828 3014 actionem
843 2994 910 3014 esse
929 2984 1098 3015 subiective
1114 2984 1147 3014 in
1161 2993 1268 3023 passo;
1289 2994 1370 3024 quae

305 3036 413 3060 tamen
428 3038 466 3059 ex
479 3028 658 3072 Aristotele,
681 3027 808 3064 ibidem,
834 3034 864 3058 et
886 3028 920 3058 in
943 3028 984 3058 111
1004 3028 1044 3058 de
1059 3028 1176 3058 Anima
1192 3027 1218 3064 *,
1243 3034 1370 3068 sumpta

306 3072 439 3103 videtur.

364 3116 417 3147 IV.
441 3116 492 3146 Ad
510 3115 572 3146 hoc
587 3115 757 3146 dicendum
774 3115 851 3145 mihi
865 3115 989 3146 videtur
1007 3116 1105 3157 quod,
1131 3116 1216 3156 apud
1240 3125 1263 3145 s·
1281 3115 1369 3146 Tho-

307 3170 407 3195 mam,
433 3159 514 3190 actio
537 3159 704 3196 transiens,
729 3165 852 3199 praeter
873 3166 1000 3190 motum
1024 3167 1054 3190 et
1077 3159 1272 3195 relationem,
1297 3159 1371 3190 dicit

306 3203 428 3244 aliquid
442 3203 612 3234 subiective
627 3204 659 3233 in
672 3208 799 3244 agente.
816 3203 971 3234 Probatur
986 3204 1058 3240 hoc,
1072 3210 1102 3234 et
1114 3203 1330 3234 manifestatur
1342 3203 1368 3234 *.

306 3248 461 3278 Probatur
480 3247 610 3287 quidem
629 3247 749 3278 ratione
766 3247 859 3277 unica
872 3247 936 3277 iam
952 3254 1033 3279 tacta
1046 3246 1074 3284 *,
1099 3247 1304 3278 convincente
1323 3247 1368 3277 in-

306 3291 469 3322 tellectum
494 3301 624 3327 meum,
657 3291 841 3323 sustinendo
866 3298 1034 3331 utramque
1061 3291 1147 3321 viam
1177 3291 1314 3330 positam
1337 3291 1369 3321 in

307 3334 512 3375 responsione
535 3335 575 3365 ad
598 3342 757 3376 quartum.
782 3335 874 3366 Actio
899 3335 1051 3365 transiens
1074 3333 1228 3374 significat
1250 3335 1370 3375 aliquid

307 3379 478 3410 subiective
508 3378 641 3409 existens
669 3379 702 3409 in
725 3386 836 3419 agente
860 3385 982 3414 creato,
1012 3377 1240 3409 identificatum
1263 3385 1370 3409 autem

307 3423 428 3454 realiter
452 3422 643 3453 substantiae
665 3422 699 3452 in
722 3429 832 3463 agente
855 3423 1010 3453 increato:
1035 3422 1089 3452 sed
1113 3429 1220 3453 motus
1243 3423 1280 3452 ab
1297 3423 1367 3458 hoc,

307 3474 343 3498 ut
366 3467 516 3506 importat
543 3471 668 3496 tantum
690 3473 817 3497 motum
841 3474 871 3498 et
894 3466 1096 3502 relationem,
1121 3476 1186 3496 non
1218 3465 1370 3506 significat

307 3511 426 3552 aliquid
449 3510 652 3540 huiusmodi:
681 3520 755 3550 ergo
779 3517 887 3541 motus
910 3511 948 3540 ab
972 3510 1052 3546 hoc,
1077 3510 1176 3540 modo
1209 3510 1367 3550 exposito,

308 3565 373 3585 non
398 3561 443 3585 est
466 3560 570 3584 totum
595 3553 725 3584 actionis
753 3554 950 3585 transeuntis.
969 3573 988 3576 —
1004 3554 1106 3584 Maior
1129 3554 1261 3584 habetur
1284 3561 1314 3584 et
1336 3554 1369 3583 in

308 3599 334 3629 11
362 3599 484 3629 Contra
510 3597 614 3635 Gent„
631 3607 698 3637 cap.
715 3608 755 3633 1x,
772 3598 892 3628 ratione
916 3598 1043 3628 ultima:
1068 3605 1106 3634 et,
1132 3598 1239 3638 quoad
1260 3608 1369 3628 secun-

1417 919 1491 948 dam
1514 926 1645 959 partem,
1665 919 1797 950 habetur
1820 919 1853 949 in
1876 919 1963 949 mille
1985 919 2073 955 locis,
2098 919 2152 949 ubi
2176 919 2215 949 de
2239 919 2403 956 creatione,
2419 930 2478 959 gu-

1416 963 1609 999 bernatione,
1627 970 1658 994 et
1671 963 1835 1004 quibusvis
1858 963 1924 993 aliis
1948 963 2123 993 actionibus
2148 970 2178 993 et
2196 963 2344 1003 potentiis
2367 963 2479 994 divinis

1417 1007 1456 1036 ad
1473 1014 1566 1043 extra,
1583 1015 1628 1038 est
1645 1017 1759 1043 sermo,
1778 1013 1813 1037 ut
1831 1006 1881 1037 hic
1897 1007 1992 1037 etiam
2007 1014 2102 1047 patet.
2118 1024 2136 1030 -
2152 1006 2258 1037 Minor
2274 1014 2380 1038 autem
2394 1014 2479 1047 patet

1417 1051 1595 1082 resolutive.
1621 1051 1755 1082 Constat
1778 1050 1862 1081 enim
1886 1051 1983 1091 quod,
2007 1051 2077 1081 Deo
2100 1058 2248 1082 movente
2276 1051 2326 1082 vel
2349 1051 2478 1091 angelo,

1417 1094 1450 1124 in
1474 1101 1586 1125 neutro
1610 1101 1718 1125 motus
1741 1101 1830 1126 esset.
1855 1094 1978 1125 Relatio
2002 1102 2118 1131 autem,
2144 1095 2288 1135 quamvis
2311 1095 2344 1125 in
2367 1095 2479 1135 angelo
2522 1125 2524 1128 ,

1419 1146 1507 1174 esset,
1528 1139 1560 1169 in
1576 1139 1645 1170 Deo
1670 1146 1776 1169 tamen
1800 1139 1889 1169 nullo
1913 1139 1988 1169 reali
2007 1139 2106 1169 modo
2130 1145 2226 1169 esset:
2251 1139 2326 1180 quia
2349 1149 2406 1170 nec
2424 1149 2480 1179 per

1418 1182 1644 1219 inhaesionem,
1665 1189 1700 1213 ut
1716 1189 1815 1222 patet;
1841 1193 1898 1213 nec
1916 1192 1972 1222 per
1990 1183 2193 1219 identitatem,
2214 1190 2250 1213 ut
2265 1183 2298 1213 in
2313 1183 2339 1213 II
2358 1183 2479 1214 Contra

1422 1226 1525 1263 Gent„
1546 1237 1613 1266 cap.
1630 1237 1681 1263 xn,
1705 1227 1738 1256 in
1762 1226 1926 1266 principio,
1951 1227 2102 1266 probatur
2126 1227 2299 1257 manifeste.

1474 1270 1513 1300 V.
1538 1270 1578 1300 Et
1602 1270 1626 1300 si
1651 1270 1804 1300 diceretur
1827 1271 1866 1300 ad
1889 1270 1970 1301 hanc
1998 1271 2169 1306 rationem,
2199 1271 2287 1311 quod
2310 1271 2412 1301 maior
2435 1277 2481 1301 est

1419 1323 1501 1349 vera,
1526 1324 1592 1344 non
1617 1324 1653 1344 ex
1677 1324 1756 1350 una,
1781 1315 1836 1344 sed
1859 1324 1895 1344 ex
1919 1314 2045 1344 diversis
2064 1314 2235 1351 radicibus;
2260 1314 2349 1354 quia,
2373 1315 2480 1354 quoad

1419 1357 1542 1397 agentia
1566 1364 1682 1394 creata,
1707 1365 1753 1388 est
1775 1367 1848 1387 vera
1876 1358 1996 1388 ratione
2024 1358 2198 1394 relationis,
2230 1368 2328 1399 quam
2355 1364 2482 1398 oportet

1420 1401 1590 1431 subiective
1609 1401 1737 1432 existere
1760 1401 1792 1431 in
1816 1408 1941 1441 agente;
1967 1402 2074 1441 quoad
2092 1412 2186 1441 agens
2205 1412 2280 1432 vero
2296 1402 2480 1438 increatum,

1421 1452 1468 1476 est
1489 1455 1561 1475 vera
1585 1445 1704 1475 ratione
1728 1445 1859 1476 actionis
1882 1445 2093 1482 immanentis,
2111 1456 2208 1486 quam
2232 1446 2332 1476 solam
2356 1446 2388 1476 in
2411 1447 2480 1476 Deo

1420 1489 1512 1529 ponit
1535 1489 1616 1520 actio
1639 1489 1801 1525 transiens,
1819 1496 1939 1529 praeter
1956 1489 2076 1520 factum
2099 1497 2130 1520 et
2152 1489 2353 1520 relationem:
2379 1490 2404 1520 si
2428 1490 2480 1525 sic,

1420 1533 1561 1574 inquam,
1583 1533 1735 1564 diceretur
1755 1531 1935 1575 (praecipue
1959 1541 2088 1573 propter
2111 1534 2330 1565 auctoritatem
2353 1545 2376 1564 s.
2394 1534 2482 1564 Tho-

1421 1587 1492 1607 mae
1507 1577 1539 1607 in
1557 1577 1583 1607 II
1603 1577 1722 1607 Contra
1741 1577 1845 1614 Gent„
1864 1587 1931 1616 cap.
1948 1588 2030 1613 xx111,
2047 1577 2166 1608 ratione
2181 1576 2315 1619 quarta),
2331 1577 2483 1608 subtiliter

1422 1621 1552 1662 quidem
1577 1622 1767 1657 evaderetur,
1793 1630 1859 1650 non
1882 1628 1987 1651 tamen
2012 1621 2209 1652 sufficienter.

1475 1666 1527 1696 Ad
1548 1665 1637 1696 cuius
1663 1665 1862 1700 evidentiam,
1880 1665 1957 1695 scito
1978 1665 2075 1705 quod,
2093 1673 2128 1696 ut
2151 1665 2184 1695 in
2206 1666 2267 1696 hoc
2291 1665 2432 1701 articulo,
2449 1665 2482 1695 in

1421 1709 1628 1750 responsione
1647 1709 1687 1739 ad
1710 1715 1869 1750 quartum,
1889 1709 1990 1739 littera
2013 1709 2095 1745 dicit,
2116 1710 2242 1740 duobus
2265 1709 2369 1739 modis
2393 1709 2483 1739 susti-

1422 1760 1515 1784 netur
1538 1753 1679 1794 potentia
1702 1753 1802 1783 activa
1824 1752 1857 1782 in
1876 1753 1962 1783 Deo:
1988 1763 2053 1783 uno
2071 1754 2180 1790 modo,
2205 1760 2241 1784 ut
2264 1753 2303 1783 sit
2324 1753 2411 1783 velut
2426 1763 2485 1793 po-

1422 1798 1519 1828 tentia
1535 1797 1694 1828 executiva
1718 1797 1893 1828 intellectus
1917 1803 1947 1827 et
1969 1797 2156 1833 voluntatis;
2181 1797 2244 1827 alio
2269 1797 2378 1833 modo,
2394 1804 2430 1827 ut
2445 1796 2484 1827 sit

1422 1842 1491 1882 ipsa
1513 1842 1661 1872 voluntas
1685 1841 1829 1871 consulta
1851 1847 1920 1877 etc.‚
1945 1848 1981 1871 ut
2004 1841 2111 1871 efficax
2133 1847 2276 1881 respectu
2305 1841 2483 1872 effectuum.

1423 1886 1463 1916 Et
1482 1886 1508 1915 si
1531 1885 1582 1916 hic
1606 1885 1763 1916 secundus
1786 1885 1904 1914 modus
1928 1883 1997 1926 (qui
2018 1885 2097 1916 forte
2119 1885 2223 1915 verior
2246 1883 2304 1927 est)
2328 1891 2482 1925 ponatur,

1423 1929 1510 1959 nulla
1533 1929 1566 1959 in
1589 1929 1647 1959 hac
1670 1928 1799 1959 materia
1814 1938 1851 1958 ex
1866 1929 1997 1959 actionis
2013 1929 2201 1959 transeuntis
2218 1935 2329 1959 natura
2342 1928 2484 1968 angustia

1424 1979 1521 2004 esset:
1546 1973 1710 2014 quoniam,
1727 1972 1760 2002 in
1780 1972 1822 2002 rei
1838 1972 1975 2008 veritate,
1991 1972 2078 2003 nulla
2092 1972 2124 2002 in
2140 1973 2209 2003 Deo
2224 1979 2394 2013 poneretur
2409 1979 2484 2003 tunc

1423 2017 1504 2047 actio
1528 2016 1696 2052 transiens,'
1720 2016 1774 2046 sed
1805 2016 1982 2046 immanens
2010 2023 2149 2052 tantum,
2174 2016 2292 2047 habens
2315 2016 2485 2047 efficaciam

1423 2061 1671 2097 transeuntium,
1695 2060 1781 2091 iuxta
1804 2059 1884 2090 illud
1899 2060 1929 2089 *z
1953 2061 2057 2097 Dixit,
2075 2066 2105 2091 et
2111 2060 2208 2101 sacta
2231 2066 2315 2091 sunt.
2341 2061 2382 2091 Et
2404 2060 2486 2090 hanc

1423 2105 1508 2135 viam
1531 2111 1657 2135 secutus
1671 2104 1796 2135 videtur
1818 2114 1843 2135 s.
1859 2104 2003 2134 Thomas
2026 2104 2058 2134 in
2083 2104 2267 2135 auctoritate
2290 2104 2430 2144 allegata,
2456 2111 2486 2135 et

1423 2149 1456 2179 in
1480 2159 1548 2188 cap.
1567 2159 1666 2184 xxxv,
1691 2148 1746 2178 ubi
1770 2158 1913 2188 expresse
1943 2154 2036 2188 negat
2058 2148 2196 2179 mediam
2219 2148 2386 2179 actionem.
2411 2166 2431 2170 —
2454 2148 2486 2178 Si

1425 2200 1531 2223 autem
1555 2193 1676 2232 primus
1702 2193 1819 2222 modus
1842 2199 1998 2228 teneatur,
2023 2198 2098 2222 tunc
2122 2199 2210 2223 mota
2233 2191 2399 2222 difficultas
2421 2192 2487 2222 vim

1425 2236 1529 2266 habet.
1558 2237 1624 2266 Nec
1648 2235 1757 2266 satisfit
1780 2246 1816 2266 ex
1839 2235 2046 2276 responsione
2070 2236 2157 2272 data,
2181 2246 2262 2277 quae
2286 2236 2326 2266 ad
2348 2236 2487 2266 actiones

1425 2280 1643 2315 immanentes,
1660 2280 1745 2310 iuxta
1769 2280 1902 2310 alterum
1919 2280 2054 2310 modum
2072 2279 2204 2316 dicendi,
2220 2279 2358 2310 recurrit.
2383 2279 2487 2320 Opor-

1426 2330 1470 2354 tet
1493 2324 1594 2360 enim,
1619 2323 1644 2353 si
1668 2323 1808 2363 potentia
1837 2323 1927 2363 quasi
1954 2323 2058 2354 media
2080 2323 2113 2354 in
2136 2324 2205 2354 Deo
2229 2324 2374 2364 ponitur,
2399 2324 2487 2364 quod

1426 2368 1506 2398 actio
1523 2367 1675 2398 transiens
1691 2367 1724 2397 in
1740 2377 1778 2397 eo
1794 2378 1924 2408 quoque
1941 2375 2091 2407 ponatur;
2112 2374 2143 2398 et
2159 2374 2386 2408 consequenter
2401 2368 2486 2398 iden-

1426 2411 1540 2442 tificata
1571 2411 1761 2442 substantiae
1793 2422 1883 2447 suae,
1909 2418 1944 2441 ut
1967 2411 2017 2441 hic
2050 2418 2150 2451 patet,
2181 2418 2211 2441 et
2238 2421 2380 2451 expresse
2403 2411 2436 2441 in
2460 2412 2486 2441 11

1429 2456 1550 2486 Contra
1569 2455 1672 2493 Gent.‚
1691 2466 1757 2495 cap.
1774 2466 1814 2491 1x,
1832 2455 1953 2491 dicitur,
1971 2456 2048 2486 dum
2064 2455 2174 2485 eadem
2190 2455 2335 2485 asseritur
2350 2455 2428 2485 ratio
2448 2456 2486 2485 de

1424 2499 1669 2530 identificatione
1693 2499 1952 2529 intellectualium
1975 2499 2197 2539 operationum
2217 2506 2246 2529 et
2261 2499 2393 2529 aliarum
2413 2509 2487 2529 cum

1427 2543 1599 2574 substantia
1615 2543 1729 2573 divina.
1747 2543 1787 2573 Et
1802 2542 1965 2583 quoniam,
1980 2549 2015 2573 ut
2033 2542 2064 2572 in
2081 2542 2182 2573 littera
2196 2549 2290 2582 patet,
2308 2553 2332 2573 s.
2343 2543 2486 2573 Thomas

1427 2594 1594 2628 utramque
1617 2587 1701 2616 viam
1725 2586 1874 2622 sustinet,
1899 2596 2095 2626 consequens
2126 2593 2172 2616 est
2199 2587 2287 2627 quod
2310 2596 2376 2616 non
2399 2586 2486 2616 suffi-

1427 2631 1542 2661 cienter
1573 2630 1710 2661 salvatur
1734 2640 1822 2660 mens
1845 2637 1939 2670 atque
1963 2630 2104 2660 doctrina
2128 2630 2210 2666 eius,
2234 2630 2423 2660 recurrendo
2447 2631 2486 2660 ad

1426 2675 1565 2705 actiones
1595 2674 1813 2704 immanentes.
1847 2674 1888 2704 Et
1916 2673 1959 2704 sic
1982 2674 2169 2714 relinquitur
2199 2674 2286 2714 quod
2315 2674 2416 2704 maior
2439 2684 2486 2704 as-

1427 2725 1562 2758 sumpta,
1580 2728 1616 2748 ex
1640 2728 1703 2748 una
1726 2724 1756 2748 et
1779 2718 1890 2748 eadem
1913 2717 2015 2748 radice
2038 2717 2070 2747 in
2095 2717 2184 2748 otnni
2207 2724 2317 2758 agente
2342 2718 2392 2748 cui
2414 2728 2486 2748 vere

1427 2762 1574 2792 convenit
1596 2762 1677 2792 actio
1702 2761 1867 2797 transiens,
1892 2762 1932 2792 sit
1953 2772 2025 2792 vera
2034 2768 2047 2791 z·
2065 2761 2207 2802 alioquin
2231 2772 2296 2791 non
2319 2768 2400 2792 esset
2422 2761 2486 2791 for-

1426 2806 1527 2836 malis.
1556 2806 1598 2836 Et
1621 2815 1694 2836 cum
1718 2815 1774 2835 nec
1799 2805 1919 2836 ratione
1942 2805 2117 2841 relationis,
2150 2816 2208 2836 nec
2236 2806 2356 2836 ratione
2379 2812 2486 2835 motus

1425 2849 1601 2880 verificetur
1624 2849 1847 2885 universaliter,
1864 2849 2050 2890 relinquitur
2066 2849 2154 2890 quod
2169 2849 2288 2890 aliquid
2304 2849 2389 2880 aliud
2405 2849 2485 2879 actio

1425 2894 1578 2924 transiens
1602 2892 1754 2933 significat
1777 2893 1809 2923 in
1833 2900 1952 2933 agente.
1968 2911 1988 2915 -
2002 2893 2104 2924 Verba
2127 2900 2234 2924 autem
2252 2893 2284 2923 in
2301 2893 2486 2933 oppositum

1426 2938 1560 2968 adducta
1583 2947 1619 2967 ex
1642 2947 1716 2967 xxm
1733 2947 1800 2977 cap.
1811 2960 1818 2973 ,
1843 2943 1874 2967 et
1889 2947 1926 2967 ex
1940 2947 2029 2973 xxxv,
2051 2944 2081 2967 et
2100 2937 2222 2973 similia,
2240 2943 2374 2977 possunt
2391 2937 2486 2967 inter-

1425 2981 1539 3021 pretari
1569 2981 1658 3021 quod
1681 2981 1858 3021 procedunt
1889 2981 1974 3011 iuxta
1996 2981 2084 3011 illam
2113 2981 2212 3011 viam:
2237 2991 2375 3022 namque
2406 2981 2485 3011 illud

1425 3025 1517 3065 Opus
1542 3025 1691 3055 omnibus
1714 3025 1771 3055 viis
1795 3025 1841 3055 uti
1864 3025 1988 3056 videtur
2010 3025 2050 3055 ad
2072 3025 2239 3055 intentum.

1481 3069 1534 3099 VI.
1559 3069 1741 3099 Declaratur
1771 3075 1878 3099 autern
1905 3069 2067 3099 occultum
2090 3069 2151 3099 hoc
2174 3068 2301 3099 latuisse
2332 3068 2426 3098 etiam
2452 3068 2485 3098 in

1425 3113 1466 3143 111
1482 3113 1607 3153 Physic.
1632 3119 1663 3143 et
1686 3112 1840 3143 similibus
1863 3113 1951 3149 locis,
1972 3122 2008 3143 ex
2021 3122 2090 3143 „suo
2115 3112 2265 3152 compari,
2282 3112 2398 3142 scilicet
2413 3122 2485 3152 pas—

1425 3158 1531 3192 sione,
1556 3157 1594 3186 de
1618 3167 1681 3196 qua
1704 3156 1982 3196 proportionaliter
2005 3156 2117 3187 dicitur
2139 3156 2228 3196 quod
2251 3162 2297 3186 est
2320 3161 2424 3186 motus
2451 3157 2483 3186 in

1424 3202 1501 3239 hoc;
1526 3200 1606 3231 sicut
1629 3200 1668 3230 de
1691 3200 1830 3236 actione,
1855 3201 1944 3241 quod
1967 3207 2012 3230 est
2035 3205 2139 3230 motus
2161 3200 2201 3230 ab
2223 3200 2291 3230 hoc.
2323 3199 2484 3236 Quemad-

1424 3245 1558 3275 modum
1582 3244 1666 3274 enim
1690 3251 1811 3274 constat
1839 3244 1926 3284 quod
1949 3244 1981 3274 in
2006 3244 2151 3284 passione
2175 3250 2248 3274 sunt
2270 3243 2343 3279 tria,
2369 3243 2484 3274 scilicet

1424 3296 1541 3325 motus,
1562 3288 1671 3318 relatio
1695 3288 1904 3318 inhaerentiae
1927 3287 2026 3328 ipsius
2049 3294 2157 3318 motus
2180 3287 2220 3317 ad
2243 3288 2429 3323 subiectum,
2454 3294 2484 3318 et

1424 3333 1668 3363 fundamentum
1690 3331 1775 3362 illius
1794 3331 1962 3368 relationis,
1981 3331 2068 3372 quod
2092 3339 2138 3362 est
2161 3331 2363 3362 essentialiter
2377 3331 2482 3371 passio

1424 3375 1502 3419 (sive
1525 3376 1604 3406 illud
1628 3376 1667 3406 sit
1690 3375 1813 3416 passiva
1843 3375 1979 3406 actuatio
2003 3375 2151 3411 subiecti,
2180 3375 2244 3405 sive
2267 3385 2334 3405 esse
2363 3375 2483 3405 formae

1424 3420 1548 3451 fluentis
1565 3426 1600 3450 ut
1619 3426 1747 3450 aetuans
1764 3419 1951 3455 subiectum,
1968 3419 2031 3449 sive
2055 3419 2282 3460 quodcumque
2303 3417 2402 3461 aliud)
2409 3427 2417 3455 ;
2441 3419 2483 3449 ita

1400 3462 1402 3464 ¹
1425 3475 1461 3494 ex
1485 3471 1570 3504 parte
1595 3463 1735 3499 actionis,
1753 3473 1818 3494 non
1839 3463 1944 3493 solum
1968 3469 2075 3493 motus
2099 3469 2129 3493 et
2152 3462 2261 3493 relatio
2283 3462 2482 3503 significatur,

1424 3509 1478 3538 sed
1501 3508 1533 3548 ly
1556 3508 1595 3537 ab
1619 3506 1770 3547 significat
1794 3507 1880 3547 prius
1903 3507 2005 3546 ipsam
2029 3506 2193 3537 essentiam
2213 3506 2353 3542 actionis,
2374 3516 2483 3546 opera-

1424 3552 1545 3583 tionem
1569 3551 1684 3581 scilicet
1708 3551 1739 3580 in
1763 3558 1874 3590 agente
1897 3557 2025 3590 propter
2048 3550 2274 3590 perficiendum
2298 3551 2393 3581 aliud.
2422 3550 2483 3580 Sed

1424 3595 1576 3636 quoniam
1592 3594 1727 3634 propriis
1742 3594 1903 3624 vocabulis
1921 3604 2071 3630 caremus,
2085 3594 2268 3624 nominibus
2283 3594 2482 3629 relationum,

2511 2061 2522 2071 ⁸
2533 2061 2618 2083 Psalm.
2631 2066 2725 2088 exzvrn,

2511 2093 2531 2115 5.
