<?xml version="1.0" encoding="UTF-8"?>
<!DOCTYPE html PUBLIC "-//W3C//DTD XHTML 1.0 Transitional//EN"
    "http://www.w3.org/TR/xhtml1/DTD/xhtml1-transitional.dtd">
<html xmlns="http://www.w3.org/1999/xhtml" xml:lang="en" lang="en">
 <head>
  <title>
</title>
<meta http-equiv="Content-Type" content="text/html;charset=utf-8" />
  <meta name='ocr-system' content='tesseract 3.04.00' />
  <meta name='ocr-capabilities' content='ocr_page ocr_carea ocr_par ocr_line ocrx_word'/>
</head>
<body>
  <div class='ocr_page' id='page_1' title='image "./operaomniaiussui04thom/operaomniaiussui04thom_0195.png"; bbox 0 0 2768 4178; ppageno 0'>
   <div class='ocr_carea' id='block_1_1' title="bbox 45 1603 228 1631">
    <p class='ocr_par' dir='ltr' id='par_1_1' title="bbox 45 1603 228 1631">
     <span class='ocr_line' id='line_1_1' title="bbox 45 1603 228 1631; baseline -0.011 0"><span class='ocrx_word' id='word_1_1' title='bbox 45 1607 59 1621; x_wconf 76' lang='lat'><strong>*</strong></span> <span class='ocrx_word' id='word_1_2' title='bbox 73 1603 110 1631; x_wconf 72' lang='lat' dir='ltr'><strong>&#39;Cf-</strong></span> <span class='ocrx_word' id='word_1_3' title='bbox 124 1613 189 1630; x_wconf 80' lang='lat' dir='ltr'><strong>num.</strong></span> <span class='ocrx_word' id='word_1_4' title='bbox 196 1613 228 1630; x_wconf 78' lang='lat' dir='ltr'><strong>tx.</strong></span> 
     </span>
    </p>
   </div>
   <div class='ocr_carea' id='block_1_2' title="bbox 0 815 13 1945">
    <p class='ocr_par' dir='ltr' id='par_1_2' title="bbox 0 815 13 1945">
     <span class='ocr_line' id='line_1_2' title="bbox 0 815 13 1945; textangle 90"><span class='ocrx_word' id='word_1_5' title='bbox 0 1941 2 1945; x_wconf 95' lang='lat'><em>-</em></span> <span class='ocrx_word' id='word_1_6' title='bbox 0 1916 3 1920; x_wconf 81' lang='lat'><em>‹</em></span> <span class='ocrx_word' id='word_1_7' title='bbox 0 1838 4 1888; x_wconf 51' lang='lat' dir='ltr'><strong>ww-</strong></span> <span class='ocrx_word' id='word_1_8' title='bbox 0 1703 4 1833; x_wconf 52' lang='lat' dir='ltr'><strong>-„v.-,w--</strong></span> <span class='ocrx_word' id='word_1_9' title='bbox 0 1466 7 1698; x_wconf 39' lang='lat' dir='ltr'><strong>-w-r-—v-s—-ffvw</strong></span> <span class='ocrx_word' id='word_1_10' title='bbox 0 959 13 1460; x_wconf 46' lang='lat' dir='ltr'><strong>*emm——</strong></span> <span class='ocrx_word' id='word_1_11' title='bbox 0 933 9 953; x_wconf 58' lang='grc' dir='ltr'><strong><em>Ψ</em></strong></span> <span class='ocrx_word' id='word_1_12' title='bbox 0 914 5 929; x_wconf 28' lang='grc' dir='ltr'><strong>-Ἷ</strong></span> <span class='ocrx_word' id='word_1_13' title='bbox 0 877 5 907; x_wconf 51' lang='lat' dir='ltr'><strong>vvv-</strong></span> <span class='ocrx_word' id='word_1_14' title='bbox 0 855 4 865; x_wconf 65' lang='grc'>-</span> <span class='ocrx_word' id='word_1_15' title='bbox 0 844 3 848; x_wconf 61' lang='lat'>&gt;</span> <span class='ocrx_word' id='word_1_16' title='bbox 0 827 2 838; x_wconf 96' lang='lat'><em>-</em></span> <span class='ocrx_word' id='word_1_17' title='bbox 1 815 3 818; x_wconf 92' lang='lat'>·</span> 
     </span>
    </p>
   </div>
   <div class='ocr_carea' id='block_1_3' title="bbox 0 2415 21 3471">
    <p class='ocr_par' dir='ltr' id='par_1_3' title="bbox 0 2415 21 3471">
     <span class='ocr_line' id='line_1_3' title="bbox 0 2415 21 3471; baseline 0 0"><span class='ocrx_word' id='word_1_18' title='bbox 0 2415 21 3471; x_wconf 95' lang='lat' dir='ltr'><strong> </strong></span> 
     </span>
    </p>
   </div>
   <div class='ocr_carea' id='block_1_4' title="bbox 45 1518 239 1544">
    <p class='ocr_par' dir='ltr' id='par_1_4' title="bbox 45 1518 239 1544">
     <span class='ocr_line' id='line_1_4' title="bbox 45 1518 239 1544; baseline -0.015 0"><span class='ocrx_word' id='word_1_19' title='bbox 45 1520 58 1533; x_wconf 72' lang='lat'>⁸</span> <span class='ocrx_word' id='word_1_20' title='bbox 73 1518 110 1544; x_wconf 72' lang='lat' dir='ltr'><strong>Cf·</strong></span> <span class='ocrx_word' id='word_1_21' title='bbox 122 1522 239 1543; x_wconf 66' lang='lat' dir='ltr'><strong>mavu-</strong></span> 
     </span>
    </p>
   </div>
   <div class='ocr_carea' id='block_1_5' title="bbox 0 2581 239 2610">
    <p class='ocr_par' dir='ltr' id='par_1_5' title="bbox 0 2581 239 2610">
     <span class='ocr_line' id='line_1_5' title="bbox 0 2581 239 2610; baseline 0 -1"><span class='ocrx_word' id='word_1_22' title='bbox 0 2581 4 2587; x_wconf 84' lang='lat'>&#39;</span> <span class='ocrx_word' id='word_1_23' title='bbox 47 2586 61 2599; x_wconf 75' lang='lat'><strong>¹⁶</strong></span> <span class='ocrx_word' id='word_1_24' title='bbox 77 2585 114 2609; x_wconf 79' lang='lat' dir='ltr'><strong>ef.</strong></span> <span class='ocrx_word' id='word_1_25' title='bbox 128 2592 193 2610; x_wconf 85' lang='lat' dir='ltr'><strong>num.</strong></span> <span class='ocrx_word' id='word_1_26' title='bbox 208 2592 239 2609; x_wconf 77' lang='lat' dir='ltr'><strong>tv.</strong></span> 
     </span>
    </p>
   </div>
   <div class='ocr_carea' id='block_1_6' title="bbox 988 230 1794 277">
    <p class='ocr_par' dir='ltr' id='par_1_6' title="bbox 988 230 1794 277">
     <span class='ocr_line' id='line_1_6' title="bbox 988 230 1794 277; baseline 0.002 -11"><span class='ocrx_word' id='word_1_27' title='bbox 988 230 1256 277; x_wconf 88' lang='lat' dir='ltr'><strong>QUAESTIO</strong></span> <span class='ocrx_word' id='word_1_28' title='bbox 1286 230 1388 277; x_wconf 85' lang='lat' dir='ltr'><strong>XIV,</strong></span> <span class='ocrx_word' id='word_1_29' title='bbox 1417 230 1714 268; x_wconf 87' lang='lat' dir='ltr'><strong>ARTICULUS</strong></span> <span class='ocrx_word' id='word_1_30' title='bbox 1742 233 1794 268; x_wconf 91' lang='lat' dir='ltr'><strong>VI</strong></span> 
     </span>
    </p>
   </div>
   <div class='ocr_carea' id='block_1_7' title="bbox 287 308 1365 784">
    <p class='ocr_par' dir='ltr' id='par_1_7' title="bbox 287 308 1365 677">
     <span class='ocr_line' id='line_1_7' title="bbox 289 308 1361 358; baseline 0.001 -14"><span class='ocrx_word' id='word_1_31' title='bbox 289 313 431 357; x_wconf 86' lang='lat' dir='ltr'><strong>&#39;quanto</strong></span> <span class='ocrx_word' id='word_1_32' title='bbox 460 309 663 358; x_wconf 89' lang='lat' dir='ltr'><strong>perfectius</strong></span> <span class='ocrx_word' id='word_1_33' title='bbox 700 317 755 346; x_wconf 92' lang='lat' dir='ltr'><strong>est</strong></span> <span class='ocrx_word' id='word_1_34' title='bbox 791 309 985 357; x_wconf 89' lang='lat' dir='ltr'><strong>cognitum</strong></span> <span class='ocrx_word' id='word_1_35' title='bbox 1016 308 1055 345; x_wconf 91' lang='lat' dir='ltr'><strong>in</strong></span> <span class='ocrx_word' id='word_1_36' title='bbox 1090 317 1361 356; x_wconf 82' lang='lat' dir='ltr'>cognoscente,</span> 
     </span>
     <span class='ocr_line' id='line_1_8' title="bbox 287 361 1365 410; baseline 0.001 -12"><span class='ocrx_word' id='word_1_37' title='bbox 287 369 391 398; x_wconf 92' lang='lat' dir='ltr'><strong>tanto</strong></span> <span class='ocrx_word' id='word_1_38' title='bbox 409 362 615 410; x_wconf 88' lang='lat' dir='ltr'>perfectior</span> <span class='ocrx_word' id='word_1_39' title='bbox 634 370 691 400; x_wconf 89' lang='lat' dir='ltr'><strong>est</strong></span> <span class='ocrx_word' id='word_1_40' title='bbox 709 362 850 400; x_wconf 88' lang='lat' dir='ltr'><strong>modus</strong></span> <span class='ocrx_word' id='word_1_41' title='bbox 871 361 1108 410; x_wconf 89' lang='lat' dir='ltr'><strong>cognitionis.</strong></span> <span class='ocrx_word' id='word_1_42' title='bbox 1126 383 1149 389; x_wconf 97' lang='lat'><em>-</em></span> <span class='ocrx_word' id='word_1_43' title='bbox 1171 362 1234 399; x_wconf 89' lang='lat' dir='ltr'><strong>Sic</strong></span> <span class='ocrx_word' id='word_1_44' title='bbox 1253 362 1365 410; x_wconf 87' lang='lat' dir='ltr'><strong>igitur</strong></span> 
     </span>
     <span class='ocr_line' id='line_1_9' title="bbox 289 413 1363 466; baseline 0.001 -15"><span class='ocrx_word' id='word_1_45' title='bbox 289 413 495 453; x_wconf 92' lang='lat' dir='ltr'><strong>dicendum</strong></span> <span class='ocrx_word' id='word_1_46' title='bbox 530 424 586 453; x_wconf 91' lang='lat' dir='ltr'><strong>est</strong></span> <span class='ocrx_word' id='word_1_47' title='bbox 614 416 720 466; x_wconf 90' lang='lat' dir='ltr'><strong>quod</strong></span> <span class='ocrx_word' id='word_1_48' title='bbox 754 417 861 452; x_wconf 91' lang='lat' dir='ltr'><strong>Deus</strong></span> <span class='ocrx_word' id='word_1_49' title='bbox 895 427 975 452; x_wconf 93' lang='lat' dir='ltr'><strong>non</strong></span> <span class='ocrx_word' id='word_1_50' title='bbox 1007 415 1134 452; x_wconf 91' lang='lat' dir='ltr'><strong>solum</strong></span> <span class='ocrx_word' id='word_1_51' title='bbox 1170 415 1363 463; x_wconf 89' lang='lat' dir='ltr'><strong>cognoscit</strong></span> 
     </span>
     <span class='ocr_line' id='line_1_10' title="bbox 287 468 1362 527; baseline 0 -22"><span class='ocrx_word' id='word_1_52' title='bbox 287 480 347 505; x_wconf 89' lang='lat' dir='ltr'><strong>res</strong></span> <span class='ocrx_word' id='word_1_53' title='bbox 377 481 460 506; x_wconf 92' lang='lat' dir='ltr'><strong>esse</strong></span> <span class='ocrx_word' id='word_1_54' title='bbox 495 468 534 506; x_wconf 91' lang='lat' dir='ltr'><strong>in</strong></span> <span class='ocrx_word' id='word_1_55' title='bbox 572 469 722 519; x_wconf 90' lang='lat' dir='ltr'><strong>seipso;</strong></span> <span class='ocrx_word' id='word_1_56' title='bbox 751 468 819 506; x_wconf 93' lang='lat' dir='ltr'><strong>sed</strong></span> <span class='ocrx_word' id='word_1_57' title='bbox 847 480 917 517; x_wconf 93' lang='lat' dir='ltr'><strong>per</strong></span> <span class='ocrx_word' id='word_1_58' title='bbox 949 468 988 505; x_wconf 93' lang='lat' dir='ltr'><strong>id</strong></span> <span class='ocrx_word' id='word_1_59' title='bbox 1024 468 1129 527; x_wconf 85' lang='lat' dir='ltr'><strong>quod</strong></span> <span class='ocrx_word' id='word_1_60' title='bbox 1162 468 1201 505; x_wconf 91' lang='lat' dir='ltr'><strong>in</strong></span> <span class='ocrx_word' id='word_1_61' title='bbox 1236 469 1362 518; x_wconf 89' lang='lat' dir='ltr'><strong>seipso</strong></span> 
     </span>
     <span class='ocr_line' id='line_1_11' title="bbox 289 521 1364 571; baseline 0.001 -13"><span class='ocrx_word' id='word_1_62' title='bbox 289 521 458 559; x_wconf 89' lang='lat' dir='ltr'><strong>continet</strong></span> <span class='ocrx_word' id='word_1_63' title='bbox 485 535 558 569; x_wconf 89' lang='lat' dir='ltr'><strong>res,</strong></span> <span class='ocrx_word' id='word_1_64' title='bbox 580 521 778 571; x_wconf 89' lang='lat' dir='ltr'><strong>cognoscit</strong></span> <span class='ocrx_word' id='word_1_65' title='bbox 807 534 871 558; x_wconf 90' lang='lat' dir='ltr'><strong>eas</strong></span> <span class='ocrx_word' id='word_1_66' title='bbox 899 521 938 558; x_wconf 92' lang='lat' dir='ltr'><strong>in</strong></span> <span class='ocrx_word' id='word_1_67' title='bbox 966 521 1123 570; x_wconf 91' lang='lat' dir='ltr'><strong>propria</strong></span> <span class='ocrx_word' id='word_1_68' title='bbox 1141 529 1297 568; x_wconf 89' lang='lat' dir='ltr'><strong>natura;</strong></span> <span class='ocrx_word' id='word_1_69' title='bbox 1328 530 1364 559; x_wconf 91' lang='lat' dir='ltr'><strong>et</strong></span> 
     </span>
     <span class='ocr_line' id='line_1_12' title="bbox 288 574 1363 625; baseline 0.002 -14"><span class='ocrx_word' id='word_1_70' title='bbox 288 582 392 612; x_wconf 89' lang='lat' dir='ltr'><strong>tanto</strong></span> <span class='ocrx_word' id='word_1_71' title='bbox 412 575 628 625; x_wconf 84' lang='lat' dir='ltr'><strong>perfectius,</strong></span> <span class='ocrx_word' id='word_1_72' title='bbox 650 582 794 625; x_wconf 89' lang='lat' dir='ltr'><strong>quanto</strong></span> <span class='ocrx_word' id='word_1_73' title='bbox 819 574 1023 624; x_wconf 87' lang='lat' dir='ltr'><strong>perfectius</strong></span> <span class='ocrx_word' id='word_1_74' title='bbox 1045 582 1100 611; x_wconf 92' lang='lat' dir='ltr'><strong>est</strong></span> <span class='ocrx_word' id='word_1_75' title='bbox 1117 576 1363 624; x_wconf 89' lang='lat' dir='ltr'><strong>unumquod-</strong></span> 
     </span>
     <span class='ocr_line' id='line_1_13' title="bbox 288 628 555 677; baseline 0.004 -13"><span class='ocrx_word' id='word_1_76' title='bbox 288 639 363 676; x_wconf 89' lang='lat' dir='ltr'><strong>que</strong></span> <span class='ocrx_word' id='word_1_77' title='bbox 391 628 430 666; x_wconf 92' lang='lat' dir='ltr'><strong>in</strong></span> <span class='ocrx_word' id='word_1_78' title='bbox 458 628 555 677; x_wconf 92' lang='lat' dir='ltr'><strong>ipso.</strong></span> 
     </span>
    </p>

    <p class='ocr_par' dir='ltr' id='par_1_8' title="bbox 290 681 1363 784">
     <span class='ocr_line' id='line_1_14' title="bbox 342 681 1361 729; baseline 0 -10"><span class='ocrx_word' id='word_1_79' title='bbox 342 683 400 718; x_wconf 80' lang='lat' dir='ltr'><strong>An</strong></span> <span class='ocrx_word' id='word_1_80' title='bbox 429 693 623 719; x_wconf 76' lang='lat' dir='ltr'><strong>SECUNDUM</strong></span> <span class='ocrx_word' id='word_1_81' title='bbox 643 693 830 718; x_wconf 79' lang='lat' dir='ltr'><strong>mOENDUM</strong></span> <span class='ocrx_word' id='word_1_82' title='bbox 850 681 957 729; x_wconf 92' lang='lat' dir='ltr'><strong>quod</strong></span> <span class='ocrx_word' id='word_1_83' title='bbox 977 681 1142 718; x_wconf 86' lang='lat' dir='ltr'><strong>essentia</strong></span> <span class='ocrx_word' id='word_1_84' title='bbox 1167 689 1361 719; x_wconf 84' lang='lat' dir='ltr'>creaturae</span> 
     </span>
     <span class='ocr_line' id='line_1_15' title="bbox 290 734 1363 784; baseline 0.001 -13"><span class='ocrx_word' id='word_1_85' title='bbox 290 742 535 783; x_wconf 88' lang='lat' dir='ltr'><strong>comparatur</strong></span> <span class='ocrx_word' id='word_1_86' title='bbox 564 734 613 771; x_wconf 92' lang='lat' dir='ltr'><strong>ad</strong></span> <span class='ocrx_word' id='word_1_87' title='bbox 642 734 847 772; x_wconf 86' lang='lat' dir='ltr'><strong>essentiam</strong></span> <span class='ocrx_word' id='word_1_88' title='bbox 877 734 961 782; x_wconf 87' lang='lat' dir='ltr'><strong>Dei,</strong></span> <span class='ocrx_word' id='word_1_89' title='bbox 982 742 1024 772; x_wconf 89' lang='lat' dir='ltr'><strong>ut</strong></span> <span class='ocrx_word' id='word_1_90' title='bbox 1051 737 1159 772; x_wconf 84' lang='lat' dir='ltr'><strong>actus</strong></span> <span class='ocrx_word' id='word_1_91' title='bbox 1187 735 1363 784; x_wconf 87' lang='lat' dir='ltr'><strong>imperfe-</strong></span> 
     </span>
    </p>
   </div>
   <div class='ocr_carea' id='block_1_8' title="bbox 342 848 1359 883">
    <p class='ocr_par' dir='ltr' id='par_1_9' title="bbox 342 848 1359 883">
     <span class='ocr_line' id='line_1_16' title="bbox 342 848 1359 883; baseline 0.003 -10"><span class='ocrx_word' id='word_1_92' title='bbox 342 848 370 883; x_wconf 79' lang='grc' dir='ltr'><strong>φ)</strong></span> <span class='ocrx_word' id='word_1_93' title='bbox 392 848 428 873; x_wconf 79' lang='lat' dir='ltr'><strong>Et</strong></span> <span class='ocrx_word' id='word_1_94' title='bbox 445 848 506 874; x_wconf 83' lang='lat' dir='ltr'><strong>ideo</strong></span> <span class='ocrx_word' id='word_1_95' title='bbox 525 848 648 874; x_wconf 78' lang='lat' dir='ltr'><strong>essentia.</strong></span> <span class='ocrx_word' id='word_1_96' title='bbox 666 862 684 867; x_wconf 88' lang='lat'>-</span> <span class='ocrx_word' id='word_1_97' title='bbox 707 848 782 874; x_wconf 85' lang='lat' dir='ltr'><strong>Unde</strong></span> <span class='ocrx_word' id='word_1_98' title='bbox 800 852 829 874; x_wconf 84' lang='lat' dir='ltr'><strong>et</strong></span> <span class='ocrx_word' id='word_1_99' title='bbox 847 850 962 874; x_wconf 83' lang='lat' dir='ltr'><strong>essentia</strong></span> <span class='ocrx_word' id='word_1_100' title='bbox 980 850 1010 881; x_wconf 85' lang='lat' dir='ltr'><strong>B,</strong></span> <span class='ocrx_word' id='word_1_101' title='bbox 1031 850 1067 875; x_wconf 85' lang='lat' dir='ltr'><strong>Et</strong></span> <span class='ocrx_word' id='word_1_102' title='bbox 1085 850 1199 875; x_wconf 81' lang='lat' dir='ltr'><strong>essentia</strong></span> <span class='ocrx_word' id='word_1_103' title='bbox 1218 851 1359 876; x_wconf 87' lang='lat' dir='ltr'><strong>CDEFGa.</strong></span> 
     </span>
    </p>
   </div>
   <div class='ocr_carea' id='block_1_9' title="bbox 2418 250 2487 286">
    <p class='ocr_par' dir='ltr' id='par_1_10' title="bbox 2418 250 2487 286">
     <span class='ocr_line' id='line_1_17' title="bbox 2418 250 2487 286; baseline 0.014 -1"><span class='ocrx_word' id='word_1_104' title='bbox 2418 250 2487 286; x_wconf 90' lang='lat'><strong>¹77</strong></span> 
     </span>
    </p>
   </div>
   <div class='ocr_carea' id='block_1_10' title="bbox 1417 310 2489 786">
    <p class='ocr_par' dir='ltr' id='par_1_11' title="bbox 1418 310 2489 455">
     <span class='ocr_line' id='line_1_18' title="bbox 1420 310 2489 358; baseline 0.008 -13"><span class='ocrx_word' id='word_1_105' title='bbox 1420 317 1500 346; x_wconf 91' lang='lat' dir='ltr'><strong>ctus</strong></span> <span class='ocrx_word' id='word_1_106' title='bbox 1528 310 1577 347; x_wconf 91' lang='lat' dir='ltr'><strong>ad</strong></span> <span class='ocrx_word' id='word_1_107' title='bbox 1614 310 1836 358; x_wconf 84' lang='lat' dir='ltr'><strong>perfectum.</strong></span> <span class='ocrx_word' id='word_1_108' title='bbox 1873 313 1921 349; x_wconf 89' lang='lat' dir='ltr'><strong>Et</strong></span> <span class='ocrx_word' id='word_1_109' title='bbox 1954 314 2040 350; x_wconf 91' lang='lat' dir='ltr'><strong>ideo</strong></span> <span class='ocrx_word' id='word_1_110' title='bbox 2072 315 2233 352; x_wconf 88' lang='lat' dir='ltr'><strong>essentia</strong></span> <span class='ocrx_word' id='word_1_111' title='bbox 2252 322 2266 346; x_wconf 67' lang='lat'><strong>⁹⁹</strong></span> <span class='ocrx_word' id='word_1_112' title='bbox 2297 324 2489 354; x_wconf 84' lang='lat' dir='ltr'><strong>creaturae</strong></span> 
     </span>
     <span class='ocr_line' id='line_1_19' title="bbox 1418 363 2487 415; baseline 0.008 -16"><span class='ocrx_word' id='word_1_113' title='bbox 1418 375 1496 400; x_wconf 93' lang='lat' dir='ltr'><strong>non</strong></span> <span class='ocrx_word' id='word_1_114' title='bbox 1526 363 1757 401; x_wconf 82' lang='lat' dir='ltr'><strong>sufficienter</strong></span> <span class='ocrx_word' id='word_1_115' title='bbox 1792 364 1894 401; x_wconf 90' lang='lat' dir='ltr'><strong>ducit</strong></span> <span class='ocrx_word' id='word_1_116' title='bbox 1930 366 1969 403; x_wconf 90' lang='lat' dir='ltr'><strong>in</strong></span> <span class='ocrx_word' id='word_1_117' title='bbox 2010 368 2266 415; x_wconf 89' lang='lat' dir='ltr'><strong>cognitionem</strong></span> <span class='ocrx_word' id='word_1_118' title='bbox 2303 370 2487 407; x_wconf 87' lang='lat' dir='ltr'><strong>essentiae</strong></span> 
     </span>
     <span class='ocr_line' id='line_1_20' title="bbox 1420 416 1955 464; baseline 0.004 -11"><span class='ocrx_word' id='word_1_119' title='bbox 1420 416 1584 464; x_wconf 90' lang='lat' dir='ltr'><strong>divinae,</strong></span> <span class='ocrx_word' id='word_1_120' title='bbox 1606 417 1675 454; x_wconf 87' lang='lat' dir='ltr'><strong>sed</strong></span> <span class='ocrx_word' id='word_1_121' title='bbox 1704 430 1724 454; x_wconf 93' lang='lat' dir='ltr'><strong>e</strong></span> <span class='ocrx_word' id='word_1_122' title='bbox 1755 430 1955 456; x_wconf 89' lang='lat' dir='ltr'><strong>converso.</strong></span> 
     </span>
    </p>

    <p class='ocr_par' dir='ltr' id='par_1_12' title="bbox 1417 472 2488 786">
     <span class='ocr_line' id='line_1_21' title="bbox 1472 472 2488 525; baseline 0.008 -19"><span class='ocrx_word' id='word_1_123' title='bbox 1472 472 1530 506; x_wconf 85' lang='lat' dir='ltr'><strong>AD</strong></span> <span class='ocrx_word' id='word_1_124' title='bbox 1560 482 1720 507; x_wconf 85' lang='lat' dir='ltr'>TERT1UM</span> <span class='ocrx_word' id='word_1_125' title='bbox 1755 483 1939 508; x_wconf 78' lang='lat' dir='ltr'><strong>mCENDUM</strong></span> <span class='ocrx_word' id='word_1_126' title='bbox 1970 475 2075 521; x_wconf 91' lang='lat' dir='ltr'><strong>quod</strong></span> <span class='ocrx_word' id='word_1_127' title='bbox 2112 474 2214 511; x_wconf 92' lang='lat' dir='ltr'><strong>idem</strong></span> <span class='ocrx_word' id='word_1_128' title='bbox 2247 488 2326 513; x_wconf 93' lang='lat' dir='ltr'><strong>non</strong></span> <span class='ocrx_word' id='word_1_129' title='bbox 2362 485 2488 525; x_wconf 90' lang='lat' dir='ltr'><strong>potest</strong></span> 
     </span>
     <span class='ocr_line' id='line_1_22' title="bbox 1418 523 2487 582; baseline 0.008 -23"><span class='ocrx_word' id='word_1_130' title='bbox 1418 523 1538 582; x_wconf 88' lang='lat' dir='ltr'><strong>accipi</strong></span> <span class='ocrx_word' id='word_1_131' title='bbox 1557 531 1599 560; x_wconf 93' lang='lat' dir='ltr'><strong>ut</strong></span> <span class='ocrx_word' id='word_1_132' title='bbox 1618 524 1713 561; x_wconf 90' lang='lat' dir='ltr'><strong>ratio</strong></span> <span class='ocrx_word' id='word_1_133' title='bbox 1743 524 1984 562; x_wconf 91' lang='lat' dir='ltr'><strong>diversorum</strong></span> <span class='ocrx_word' id='word_1_134' title='bbox 2013 539 2082 575; x_wconf 89' lang='lat' dir='ltr'><strong>per</strong></span> <span class='ocrx_word' id='word_1_135' title='bbox 2111 529 2272 565; x_wconf 88' lang='lat' dir='ltr'><strong>modurn</strong></span> <span class='ocrx_word' id='word_1_136' title='bbox 2299 529 2487 579; x_wconf 89' lang='lat' dir='ltr'><strong>adaequa-</strong></span> 
     </span>
     <span class='ocr_line' id='line_1_23' title="bbox 1417 576 2487 641; baseline 0.007 -29"><span class='ocrx_word' id='word_1_137' title='bbox 1417 576 1541 613; x_wconf 91' lang='lat' dir='ltr'><strong>tionis.</strong></span> <span class='ocrx_word' id='word_1_138' title='bbox 1572 577 1650 614; x_wconf 89' lang='lat' dir='ltr'><strong>Sed</strong></span> <span class='ocrx_word' id='word_1_139' title='bbox 1685 577 1815 615; x_wconf 90' lang='lat' dir='ltr'><strong>divina</strong></span> <span class='ocrx_word' id='word_1_140' title='bbox 1845 579 2007 616; x_wconf 86' lang='lat' dir='ltr'><strong>essentia</strong></span> <span class='ocrx_word' id='word_1_141' title='bbox 2046 588 2101 617; x_wconf 91' lang='lat' dir='ltr'><strong>est</strong></span> <span class='ocrx_word' id='word_1_142' title='bbox 2128 581 2270 641; x_wconf 84' lang='lat' dir='ltr'><strong>aliquid</strong></span> <span class='ocrx_word' id='word_1_143' title='bbox 2299 584 2487 620; x_wconf 85' lang='lat' dir='ltr'><strong>excedens</strong></span> 
     </span>
     <span class='ocr_line' id='line_1_24' title="bbox 1419 632 2488 686; baseline 0.007 -20"><span class='ocrx_word' id='word_1_144' title='bbox 1419 642 1555 666; x_wconf 89' lang='lat' dir='ltr'><strong>omnes</strong></span> <span class='ocrx_word' id='word_1_145' title='bbox 1585 638 1787 668; x_wconf 87' lang='lat' dir='ltr'><strong>creaturas.</strong></span> <span class='ocrx_word' id='word_1_146' title='bbox 1816 632 1927 669; x_wconf 86' lang='lat' dir='ltr'><strong>Unde</strong></span> <span class='ocrx_word' id='word_1_147' title='bbox 1955 640 2081 681; x_wconf 88' lang='lat' dir='ltr'><strong>potest</strong></span> <span class='ocrx_word' id='word_1_148' title='bbox 2117 634 2238 684; x_wconf 88' lang='lat' dir='ltr'><strong>accipi</strong></span> <span class='ocrx_word' id='word_1_149' title='bbox 2266 643 2308 672; x_wconf 90' lang='lat' dir='ltr'><strong>ut</strong></span> <span class='ocrx_word' id='word_1_150' title='bbox 2334 636 2488 686; x_wconf 88' lang='lat' dir='ltr'><strong>propria</strong></span> 
     </span>
     <span class='ocr_line' id='line_1_25' title="bbox 1419 682 2487 734; baseline 0.007 -15"><span class='ocrx_word' id='word_1_151' title='bbox 1419 683 1510 720; x_wconf 88' lang='lat' dir='ltr'><strong>ratio</strong></span> <span class='ocrx_word' id='word_1_152' title='bbox 1531 682 1844 733; x_wconf 88' lang='lat' dir='ltr'><strong>uniuscuiusque,</strong></span> <span class='ocrx_word' id='word_1_153' title='bbox 1866 686 2078 723; x_wconf 91' lang='lat' dir='ltr'><strong>secundum</strong></span> <span class='ocrx_word' id='word_1_154' title='bbox 2104 689 2210 734; x_wconf 91' lang='lat' dir='ltr'><strong>quod</strong></span> <span class='ocrx_word' id='word_1_155' title='bbox 2231 688 2487 726; x_wconf 88' lang='lat' dir='ltr'><strong>diversimode</strong></span> 
     </span>
     <span class='ocr_line' id='line_1_26' title="bbox 1419 737 2486 786; baseline 0.007 -13"><span class='ocrx_word' id='word_1_156' title='bbox 1419 744 1474 773; x_wconf 90' lang='lat' dir='ltr'><strong>est</strong></span> <span class='ocrx_word' id='word_1_157' title='bbox 1493 737 1758 786; x_wconf 89' lang='lat' dir='ltr'><strong>participabilis</strong></span> <span class='ocrx_word' id='word_1_158' title='bbox 1777 739 1839 775; x_wconf 79' lang='lat' dir='ltr'><strong>vel</strong></span> <span class='ocrx_word' id='word_1_159' title='bbox 1868 738 2057 776; x_wconf 87' lang='lat' dir='ltr'><strong>imitabilis</strong></span> <span class='ocrx_word' id='word_1_160' title='bbox 2077 753 2099 777; x_wconf 95' lang='lat' dir='ltr'><strong>a</strong></span> <span class='ocrx_word' id='word_1_161' title='bbox 2119 740 2277 778; x_wconf 89' lang='lat' dir='ltr'><strong>diversis</strong></span> <span class='ocrx_word' id='word_1_162' title='bbox 2297 743 2486 780; x_wconf 87' lang='lat' dir='ltr'><strong>creaturis.</strong></span> 
     </span>
    </p>
   </div>
   <div class='ocr_carea' id='block_1_11' title="bbox 972 939 1807 975">
    <p class='ocr_par' dir='ltr' id='par_1_13' title="bbox 972 939 1807 975">
     <span class='ocr_line' id='line_1_27' title="bbox 972 939 1807 975; baseline 0.002 -3"><span class='ocrx_word' id='word_1_163' title='bbox 972 939 1307 973; x_wconf 78' lang='lat' dir='ltr'><strong>Commentaria</strong></span> <span class='ocrx_word' id='word_1_164' title='bbox 1330 939 1583 974; x_wconf 68' lang='lat' dir='ltr'><strong>cardinalis</strong></span> <span class='ocrx_word' id='word_1_165' title='bbox 1605 941 1807 975; x_wconf 74' lang='lat' dir='ltr'><strong>Caietam</strong></span> 
     </span>
    </p>
   </div>
   <div class='ocr_carea' id='block_1_12' title="bbox 288 1027 1364 1246">
    <p class='ocr_par' dir='ltr' id='par_1_14' title="bbox 288 1027 1364 1246">
     <span class='ocr_line' id='line_1_28' title="bbox 349 1027 1363 1069; baseline 0 -11"><span class='ocrx_word' id='word_1_166' title='bbox 349 1037 466 1058; x_wconf 70' lang='lat' dir='ltr'><strong>tumus.</strong></span> <span class='ocrx_word' id='word_1_167' title='bbox 493 1027 631 1067; x_wconf 78' lang='lat' dir='ltr'><strong>Propria</strong></span> <span class='ocrx_word' id='word_1_168' title='bbox 655 1028 855 1068; x_wconf 84' lang='lat' dir='ltr'><strong>cognitione:</strong></span> <span class='ocrx_word' id='word_1_169' title='bbox 879 1027 1018 1068; x_wconf 89' lang='lat' dir='ltr'><strong>cognitio</strong></span> <span class='ocrx_word' id='word_1_170' title='bbox 1042 1028 1170 1068; x_wconf 87' lang='lat' dir='ltr'><strong>propria</strong></span> <span class='ocrx_word' id='word_1_171' title='bbox 1192 1028 1232 1058; x_wconf 91' lang='lat' dir='ltr'><strong>de</strong></span> <span class='ocrx_word' id='word_1_172' title='bbox 1255 1028 1363 1069; x_wconf 89' lang='lat' dir='ltr'><strong>aliquo</strong></span> 
     </span>
     <span class='ocr_line' id='line_1_29' title="bbox 290 1038 1364 1112; baseline 0.001 -11"><span class='ocrx_word' id='word_1_173' title='bbox 290 1038 517 1112; x_wconf 87' lang='lat' dir='ltr'><strong>Tdupliciter</strong></span> <span class='ocrx_word' id='word_1_174' title='bbox 540 1071 672 1111; x_wconf 88' lang='lat' dir='ltr'><strong>intelligi</strong></span> <span class='ocrx_word' id='word_1_175' title='bbox 695 1078 810 1112; x_wconf 90' lang='lat' dir='ltr'><strong>potest.</strong></span> <span class='ocrx_word' id='word_1_176' title='bbox 835 1071 953 1108; x_wconf 88' lang='lat' dir='ltr'><strong>Primo,</strong></span> <span class='ocrx_word' id='word_1_177' title='bbox 979 1078 1015 1102; x_wconf 93' lang='lat' dir='ltr'><strong>ut</strong></span> <span class='ocrx_word' id='word_1_178' title='bbox 1035 1072 1236 1112; x_wconf 88' lang='lat' dir='ltr'><strong>distinguitur</strong></span> <span class='ocrx_word' id='word_1_179' title='bbox 1255 1078 1364 1103; x_wconf 90' lang='lat' dir='ltr'><strong>contra</strong></span> 
     </span>
     <span class='ocr_line' id='line_1_30' title="bbox 289 1116 1362 1158; baseline 0 -11"><span class='ocrx_word' id='word_1_180' title='bbox 289 1125 498 1148; x_wconf 87' lang='lat' dir='ltr'><strong>communem</strong></span> <span class='ocrx_word' id='word_1_181' title='bbox 514 1125 556 1147; x_wconf 87' lang='lat' dir='ltr'><strong>ex</strong></span> <span class='ocrx_word' id='word_1_182' title='bbox 564 1121 664 1157; x_wconf 82' lang='lat' dir='ltr'><strong>parte</strong></span> <span class='ocrx_word' id='word_1_183' title='bbox 679 1121 771 1147; x_wconf 85' lang='lat' dir='ltr'><strong>actus</strong></span> <span class='ocrx_word' id='word_1_184' title='bbox 794 1117 1019 1158; x_wconf 80' lang='lat' dir='ltr'><strong>cognoscendi,</strong></span> <span class='ocrx_word' id='word_1_185' title='bbox 1037 1116 1118 1148; x_wconf 89' lang='lat' dir='ltr'><strong>idest</strong></span> <span class='ocrx_word' id='word_1_186' title='bbox 1133 1117 1172 1147; x_wconf 87' lang='lat' dir='ltr'><strong>de</strong></span> <span class='ocrx_word' id='word_1_187' title='bbox 1187 1117 1258 1157; x_wconf 92' lang='lat' dir='ltr'><strong>ipso</strong></span> <span class='ocrx_word' id='word_1_188' title='bbox 1281 1117 1362 1147; x_wconf 86' lang='lat' dir='ltr'><strong>solo.</strong></span> 
     </span>
     <span class='ocr_line' id='line_1_31' title="bbox 288 1160 1363 1201; baseline -0.001 -9"><span class='ocrx_word' id='word_1_189' title='bbox 288 1162 331 1193; x_wconf 90' lang='lat' dir='ltr'><strong>Et</strong></span> <span class='ocrx_word' id='word_1_190' title='bbox 345 1161 389 1192; x_wconf 88' lang='lat' dir='ltr'><strong>sic</strong></span> <span class='ocrx_word' id='word_1_191' title='bbox 409 1161 447 1192; x_wconf 89' lang='lat' dir='ltr'><strong>de</strong></span> <span class='ocrx_word' id='word_1_192' title='bbox 463 1161 552 1192; x_wconf 88' lang='lat' dir='ltr'><strong>nulla</strong></span> <span class='ocrx_word' id='word_1_193' title='bbox 575 1171 608 1192; x_wconf 87' lang='lat' dir='ltr'><strong>re</strong></span> <span class='ocrx_word' id='word_1_194' title='bbox 631 1161 719 1191; x_wconf 92' lang='lat' dir='ltr'><strong>Deus</strong></span> <span class='ocrx_word' id='word_1_195' title='bbox 734 1161 828 1191; x_wconf 87' lang='lat' dir='ltr'><strong>habet</strong></span> <span class='ocrx_word' id='word_1_196' title='bbox 851 1160 1015 1201; x_wconf 86' lang='lat' dir='ltr'><strong>propriam</strong></span> <span class='ocrx_word' id='word_1_197' title='bbox 1034 1161 1266 1201; x_wconf 86' lang='lat' dir='ltr'><strong>cognitionem:</strong></span> <span class='ocrx_word' id='word_1_198' title='bbox 1288 1160 1363 1201; x_wconf 87' lang='lat' dir='ltr'><strong>quia</strong></span> 
     </span>
     <span class='ocr_line' id='line_1_32' title="bbox 289 1205 1361 1246; baseline -0.003 -8"><span class='ocrx_word' id='word_1_199' title='bbox 289 1206 392 1238; x_wconf 82' lang='lat' dir='ltr'><strong>solam</strong></span> <span class='ocrx_word' id='word_1_200' title='bbox 416 1206 545 1245; x_wconf 76' lang='lat' dir='ltr'><strong>unicam</strong></span> <span class='ocrx_word' id='word_1_201' title='bbox 568 1205 663 1236; x_wconf 81' lang='lat' dir='ltr'><strong>habet</strong></span> <span class='ocrx_word' id='word_1_202' title='bbox 686 1205 913 1246; x_wconf 88' lang='lat' dir='ltr'><strong>cognitionem,</strong></span> <span class='ocrx_word' id='word_1_203' title='bbox 938 1215 1021 1246; x_wconf 88' lang='lat' dir='ltr'><strong>quae</strong></span> <span class='ocrx_word' id='word_1_204' title='bbox 1044 1205 1164 1235; x_wconf 89' lang='lat' dir='ltr'><strong>nullius</strong></span> <span class='ocrx_word' id='word_1_205' title='bbox 1183 1211 1230 1236; x_wconf 93' lang='lat' dir='ltr'><strong>est</strong></span> <span class='ocrx_word' id='word_1_206' title='bbox 1253 1205 1361 1240; x_wconf 89' lang='lat' dir='ltr'><strong>solius,</strong></span> 
     </span>
    </p>
   </div>
   <div class='ocr_carea' id='block_1_13' title="bbox 264 1249 1363 1291">
    <p class='ocr_par' dir='ltr' id='par_1_15' title="bbox 264 1249 1363 1291">
     <span class='ocr_line' id='line_1_33' title="bbox 264 1249 1363 1291; baseline -0.003 -9"><span class='ocrx_word' id='word_1_207' title='bbox 264 1268 267 1269; x_wconf 30' lang='grc' dir='ltr'><em>ν</em></span> <span class='ocrx_word' id='word_1_208' title='bbox 289 1251 348 1282; x_wconf 81' lang='lat' dir='ltr'><strong>sed</strong></span> <span class='ocrx_word' id='word_1_209' title='bbox 367 1250 429 1281; x_wconf 53' lang='lat' dir='ltr'><strong>ita*</strong></span> <span class='ocrx_word' id='word_1_210' title='bbox 435 1252 481 1281; x_wconf 84' lang='lat' dir='ltr'><strong>est</strong></span> <span class='ocrx_word' id='word_1_211' title='bbox 504 1250 600 1281; x_wconf 88' lang='lat' dir='ltr'><strong>huius</strong></span> <span class='ocrx_word' id='word_1_212' title='bbox 624 1249 714 1291; x_wconf 93' lang='lat' dir='ltr'><strong>quod</strong></span> <span class='ocrx_word' id='word_1_213' title='bbox 737 1249 833 1280; x_wconf 88' lang='lat' dir='ltr'><strong>etiam</strong></span> <span class='ocrx_word' id='word_1_214' title='bbox 857 1249 1006 1279; x_wconf 88' lang='lat' dir='ltr'><strong>omnium</strong></span> <span class='ocrx_word' id='word_1_215' title='bbox 1029 1249 1177 1280; x_wconf 86' lang='lat' dir='ltr'><strong>aliorum.</strong></span> <span class='ocrx_word' id='word_1_216' title='bbox 1198 1249 1363 1285; x_wconf 89' lang='lat' dir='ltr'><strong>Secundo,</strong></span> 
     </span>
    </p>
   </div>
   <div class='ocr_carea' id='block_1_14' title="bbox 283 1294 1363 3646">
    <p class='ocr_par' dir='ltr' id='par_1_16' title="bbox 288 1294 1363 1470">
     <span class='ocr_line' id='line_1_34' title="bbox 289 1294 1362 1335; baseline -0.002 -9"><span class='ocrx_word' id='word_1_217' title='bbox 289 1302 326 1326; x_wconf 88' lang='lat' dir='ltr'><strong>ut</strong></span> <span class='ocrx_word' id='word_1_218' title='bbox 349 1294 554 1335; x_wconf 88' lang='lat' dir='ltr'><strong>distinguitur</strong></span> <span class='ocrx_word' id='word_1_219' title='bbox 583 1300 693 1325; x_wconf 87' lang='lat' dir='ltr'><strong>contra</strong></span> <span class='ocrx_word' id='word_1_220' title='bbox 716 1303 925 1324; x_wconf 88' lang='lat' dir='ltr'><strong>communem</strong></span> <span class='ocrx_word' id='word_1_221' title='bbox 949 1303 991 1324; x_wconf 88' lang='lat' dir='ltr'><strong>ex</strong></span> <span class='ocrx_word' id='word_1_222' title='bbox 1007 1299 1107 1334; x_wconf 83' lang='lat' dir='ltr'><strong>parte</strong></span> <span class='ocrx_word' id='word_1_223' title='bbox 1130 1295 1179 1324; x_wconf 88' lang='lat' dir='ltr'><strong>rei</strong></span> <span class='ocrx_word' id='word_1_224' title='bbox 1202 1294 1362 1335; x_wconf 81' lang='lat' dir='ltr'><strong>cognitae,</strong></span> 
     </span>
     <span class='ocr_line' id='line_1_35' title="bbox 289 1337 1363 1380; baseline -0.002 -10"><span class='ocrx_word' id='word_1_225' title='bbox 289 1339 371 1371; x_wconf 87' lang='lat' dir='ltr'><strong>idest</strong></span> <span class='ocrx_word' id='word_1_226' title='bbox 387 1340 426 1370; x_wconf 92' lang='lat' dir='ltr'><strong>de</strong></span> <span class='ocrx_word' id='word_1_227' title='bbox 449 1338 586 1380; x_wconf 89' lang='lat' dir='ltr'><strong>propriis</strong></span> <span class='ocrx_word' id='word_1_228' title='bbox 602 1338 713 1379; x_wconf 87' lang='lat' dir='ltr'><strong>ipsius.</strong></span> <span class='ocrx_word' id='word_1_229' title='bbox 731 1338 772 1368; x_wconf 90' lang='lat' dir='ltr'><strong>Et</strong></span> <span class='ocrx_word' id='word_1_230' title='bbox 789 1337 832 1368; x_wconf 93' lang='lat' dir='ltr'><strong>sic</strong></span> <span class='ocrx_word' id='word_1_231' title='bbox 857 1337 994 1368; x_wconf 89' lang='lat' dir='ltr'><strong>sumitur</strong></span> <span class='ocrx_word' id='word_1_232' title='bbox 1011 1337 1044 1368; x_wconf 91' lang='lat' dir='ltr'><strong>in</strong></span> <span class='ocrx_word' id='word_1_233' title='bbox 1060 1338 1243 1379; x_wconf 87' lang='lat' dir='ltr'><strong>proposito:</strong></span> <span class='ocrx_word' id='word_1_234' title='bbox 1267 1348 1363 1379; x_wconf 87' lang='lat' dir='ltr'><strong>quae-</strong></span> 
     </span>
     <span class='ocr_line' id='line_1_36' title="bbox 290 1381 1363 1421; baseline -0.003 -6"><span class='ocrx_word' id='word_1_235' title='bbox 290 1384 390 1415; x_wconf 88' lang='lat' dir='ltr'><strong>rimus</strong></span> <span class='ocrx_word' id='word_1_236' title='bbox 414 1384 500 1414; x_wconf 90' lang='lat' dir='ltr'><strong>enim</strong></span> <span class='ocrx_word' id='word_1_237' title='bbox 523 1393 563 1413; x_wconf 90' lang='lat' dir='ltr'><strong>an</strong></span> <span class='ocrx_word' id='word_1_238' title='bbox 586 1383 674 1413; x_wconf 89' lang='lat' dir='ltr'><strong>Deus</strong></span> <span class='ocrx_word' id='word_1_239' title='bbox 698 1382 741 1413; x_wconf 89' lang='lat' dir='ltr'><strong>sic</strong></span> <span class='ocrx_word' id='word_1_240' title='bbox 765 1388 937 1421; x_wconf 89' lang='lat' dir='ltr'><strong>cognoscat</strong></span> <span class='ocrx_word' id='word_1_241' title='bbox 958 1381 1018 1412; x_wconf 86' lang='lat' dir='ltr'><strong>alia</strong></span> <span class='ocrx_word' id='word_1_242' title='bbox 1042 1393 1060 1413; x_wconf 91' lang='lat' dir='ltr'><strong>a</strong></span> <span class='ocrx_word' id='word_1_243' title='bbox 1083 1392 1126 1419; x_wconf 90' lang='lat' dir='ltr'><strong>se,</strong></span> <span class='ocrx_word' id='word_1_244' title='bbox 1143 1389 1179 1413; x_wconf 90' lang='lat' dir='ltr'><strong>ut</strong></span> <span class='ocrx_word' id='word_1_245' title='bbox 1202 1383 1363 1414; x_wconf 88' lang='lat' dir='ltr'><strong>intueatur</strong></span> 
     </span>
     <span class='ocr_line' id='line_1_37' title="bbox 288 1427 855 1470; baseline -0.007 -10"><span class='ocrx_word' id='word_1_246' title='bbox 288 1433 372 1470; x_wconf 81' lang='lat' dir='ltr'><strong>&#39;quae</strong></span> <span class='ocrx_word' id='word_1_247' title='bbox 395 1434 470 1459; x_wconf 90' lang='lat' dir='ltr'><strong>sunt</strong></span> <span class='ocrx_word' id='word_1_248' title='bbox 492 1427 621 1468; x_wconf 90' lang='lat' dir='ltr'><strong>propria</strong></span> <span class='ocrx_word' id='word_1_249' title='bbox 644 1427 855 1467; x_wconf 86' lang='lat' dir='ltr'><strong>singulorum.</strong></span> 
     </span>
    </p>

    <p class='ocr_par' dir='ltr' id='par_1_17' title="bbox 287 1471 1363 1914">
     <span class='ocr_line' id='line_1_38' title="bbox 347 1471 1363 1512; baseline -0.002 -8"><span class='ocrx_word' id='word_1_250' title='bbox 347 1471 385 1504; x_wconf 93' lang='lat'><strong>11.</strong></span> <span class='ocrx_word' id='word_1_251' title='bbox 410 1473 446 1503; x_wconf 88' lang='lat' dir='ltr'><strong>In</strong></span> <span class='ocrx_word' id='word_1_252' title='bbox 471 1481 604 1512; x_wconf 88' lang='lat' dir='ltr'><strong>corpore</strong></span> <span class='ocrx_word' id='word_1_253' title='bbox 627 1471 699 1502; x_wconf 85' lang='lat' dir='ltr'><strong>tria:</strong></span> <span class='ocrx_word' id='word_1_254' title='bbox 724 1471 840 1511; x_wconf 90' lang='lat' dir='ltr'><strong>prim0,</strong></span> <span class='ocrx_word' id='word_1_255' title='bbox 865 1471 1037 1511; x_wconf 89' lang='lat' dir='ltr'><strong>respondet</strong></span> <span class='ocrx_word' id='word_1_256' title='bbox 1059 1471 1204 1512; x_wconf 85' lang='lat' dir='ltr'><strong>quaesito</strong></span> <span class='ocrx_word' id='word_1_257' title='bbox 1228 1471 1363 1502; x_wconf 89' lang='lat' dir='ltr'><strong>affirma-</strong></span> 
     </span>
     <span class='ocr_line' id='line_1_39' title="bbox 287 1515 1362 1556; baseline -0.001 -8"><span class='ocrx_word' id='word_1_258' title='bbox 287 1517 370 1553; x_wconf 80' lang='lat' dir='ltr'><strong>tive;</strong></span> <span class='ocrx_word' id='word_1_259' title='bbox 394 1516 546 1552; x_wconf 89' lang='lat' dir='ltr'><strong>secundo,</strong></span> <span class='ocrx_word' id='word_1_260' title='bbox 566 1515 704 1556; x_wconf 76' lang='lat' dir='ltr'><strong>assignat</strong></span> <span class='ocrx_word' id='word_1_261' title='bbox 722 1515 860 1546; x_wconf 87' lang='lat' dir='ltr'><strong>modum</strong></span> <span class='ocrx_word' id='word_1_262' title='bbox 877 1515 1100 1547; x_wconf 88' lang='lat' dir='ltr'><strong>verificationis</strong></span> <span class='ocrx_word' id='word_1_263' title='bbox 1117 1516 1184 1546; x_wconf 90' lang='lat' dir='ltr'><strong>eius</strong></span> <span class='ocrx_word' id='word_1_264' title='bbox 1200 1516 1233 1552; x_wconf 90' lang='lat'><strong>*;</strong></span> <span class='ocrx_word' id='word_1_265' title='bbox 1259 1516 1362 1553; x_wconf 89' lang='lat' dir='ltr'><strong>tertio,</strong></span> 
     </span>
     <span class='ocr_line' id='line_1_40' title="bbox 288 1560 1362 1602; baseline -0.001 -10"><span class='ocrx_word' id='word_1_266' title='bbox 288 1561 404 1602; x_wconf 84' lang='lat' dir='ltr'><strong>probat</strong></span> <span class='ocrx_word' id='word_1_267' title='bbox 426 1560 523 1591; x_wconf 89' lang='lat' dir='ltr'><strong>simul</strong></span> <span class='ocrx_word' id='word_1_268' title='bbox 547 1560 789 1591; x_wconf 89' lang='lat' dir='ltr'><strong>conclusionem</strong></span> <span class='ocrx_word' id='word_1_269' title='bbox 821 1560 1040 1600; x_wconf 86' lang='lat' dir='ltr'><strong>responsivarn</strong></span> <span class='ocrx_word' id='word_1_270' title='bbox 1063 1567 1094 1592; x_wconf 89' lang='lat' dir='ltr'><strong>et·</strong></span> <span class='ocrx_word' id='word_1_271' title='bbox 1117 1561 1254 1592; x_wconf 89' lang='lat' dir='ltr'><strong>modum</strong></span> <span class='ocrx_word' id='word_1_272' title='bbox 1279 1561 1362 1597; x_wconf 90' lang='lat' dir='ltr'><strong>eius,</strong></span> 
     </span>
     <span class='ocr_line' id='line_1_41' title="bbox 288 1604 655 1637; baseline -0.003 -1"><span class='ocrx_word' id='word_1_273' title='bbox 288 1605 413 1637; x_wconf 81' lang='lat' dir='ltr'><strong>duabus</strong></span> <span class='ocrx_word' id='word_1_274' title='bbox 435 1604 612 1636; x_wconf 86' lang='lat' dir='ltr'><strong>rationibus</strong></span> <span class='ocrx_word' id='word_1_275' title='bbox 626 1604 655 1635; x_wconf 53' lang='grc' dir='ltr'><strong>’ἢ</strong></span> 
     </span>
     <span class='ocr_line' id='line_1_42' title="bbox 292 1648 1363 1690; baseline -0.001 -9"><span class='ocrx_word' id='word_1_276' title='bbox 292 1656 294 1658; x_wconf 80' lang='grc'>’</span> <span class='ocrx_word' id='word_1_277' title='bbox 345 1650 397 1681; x_wconf 88' lang='lat'><strong>111.</strong></span> <span class='ocrx_word' id='word_1_278' title='bbox 421 1649 540 1687; x_wconf 80' lang='lat' dir='ltr'><strong>Quoad</strong></span> <span class='ocrx_word' id='word_1_279' title='bbox 558 1651 719 1690; x_wconf 77' lang='lat' dir='ltr'><strong>primum,</strong></span> <span class='ocrx_word' id='word_1_280' title='bbox 745 1648 813 1680; x_wconf 87' lang='lat' dir='ltr'><strong>tria.</strong></span> <span class='ocrx_word' id='word_1_281' title='bbox 838 1650 949 1680; x_wconf 86' lang='lat' dir='ltr'><strong>Primo</strong></span> <span class='ocrx_word' id='word_1_282' title='bbox 973 1649 1105 1690; x_wconf 92' lang='lat' dir='ltr'><strong>ponitur</strong></span> <span class='ocrx_word' id='word_1_283' title='bbox 1128 1649 1239 1690; x_wconf 88' lang='lat' dir='ltr'><strong>opinio</strong></span> <span class='ocrx_word' id='word_1_284' title='bbox 1263 1651 1363 1680; x_wconf 90' lang='lat' dir='ltr'><strong>Aver-</strong></span> 
     </span>
     <span class='ocr_line' id='line_1_43' title="bbox 288 1694 1360 1735; baseline -0.001 -9"><span class='ocrx_word' id='word_1_285' title='bbox 288 1694 363 1731; x_wconf 83' lang='lat' dir='ltr'><strong>rois,</strong></span> <span class='ocrx_word' id='word_1_286' title='bbox 379 1705 416 1725; x_wconf 85' lang='lat' dir='ltr'><strong>ex</strong></span> <span class='ocrx_word' id='word_1_287' title='bbox 427 1694 486 1725; x_wconf 87' lang='lat' dir='ltr'><strong>XII</strong></span> <span class='ocrx_word' id='word_1_288' title='bbox 502 1694 700 1735; x_wconf 67' lang='lat' dir='ltr'><strong>Metaphys„</strong></span> <span class='ocrx_word' id='word_1_289' title='bbox 718 1703 837 1724; x_wconf 88' lang='lat' dir='ltr'><strong>comm.</strong></span> <span class='ocrx_word' id='word_1_290' title='bbox 850 1704 891 1725; x_wconf 78' lang='lat' dir='ltr'><strong>m.</strong></span> <span class='ocrx_word' id='word_1_291' title='bbox 911 1694 953 1725; x_wconf 92' lang='lat' dir='ltr'><strong>Et</strong></span> <span class='ocrx_word' id='word_1_292' title='bbox 968 1694 1006 1724; x_wconf 95' lang='lat' dir='ltr'><strong>de</strong></span> <span class='ocrx_word' id='word_1_293' title='bbox 1021 1694 1079 1725; x_wconf 87' lang='lat' dir='ltr'><strong>hac</strong></span> <span class='ocrx_word' id='word_1_294' title='bbox 1095 1694 1264 1725; x_wconf 88' lang='lat' dir='ltr'><strong>recitantur</strong></span> <span class='ocrx_word' id='word_1_295' title='bbox 1280 1695 1360 1725; x_wconf 88' lang='lat' dir='ltr'><strong>duo:</strong></span> 
     </span>
     <span class='ocr_line' id='line_1_44' title="bbox 288 1738 1362 1779; baseline -0.001 -9"><span class='ocrx_word' id='word_1_296' title='bbox 288 1739 407 1770; x_wconf 81' lang='lat' dir='ltr'><strong>scilicet</strong></span> <span class='ocrx_word' id='word_1_297' title='bbox 429 1738 499 1779; x_wconf 88' lang='lat' dir='ltr'><strong>ipsa</strong></span> <span class='ocrx_word' id='word_1_298' title='bbox 522 1738 652 1779; x_wconf 89' lang='lat' dir='ltr'><strong>opinio,</strong></span> <span class='ocrx_word' id='word_1_299' title='bbox 685 1738 803 1769; x_wconf 89' lang='lat' dir='ltr'><strong>scilicet</strong></span> <span class='ocrx_word' id='word_1_300' title='bbox 831 1739 920 1779; x_wconf 92' lang='lat' dir='ltr'><strong>quod</strong></span> <span class='ocrx_word' id='word_1_301' title='bbox 943 1739 1031 1769; x_wconf 90' lang='lat' dir='ltr'><strong>Deus</strong></span> <span class='ocrx_word' id='word_1_302' title='bbox 1061 1739 1225 1779; x_wconf 89' lang='lat' dir='ltr'><strong>cognoscit</strong></span> <span class='ocrx_word' id='word_1_303' title='bbox 1252 1739 1362 1770; x_wconf 88' lang='lat' dir='ltr'><strong>omnia</strong></span> 
     </span>
     <span class='ocr_line' id='line_1_45' title="bbox 288 1782 1360 1824; baseline -0.001 -9"><span class='ocrx_word' id='word_1_304' title='bbox 288 1784 468 1815; x_wconf 82' lang='lat' dir='ltr'><strong>secundum</strong></span> <span class='ocrx_word' id='word_1_305' title='bbox 497 1783 587 1824; x_wconf 91' lang='lat' dir='ltr'><strong>quod</strong></span> <span class='ocrx_word' id='word_1_306' title='bbox 618 1782 859 1814; x_wconf 88' lang='lat' dir='ltr'><strong>communicant</strong></span> <span class='ocrx_word' id='word_1_307' title='bbox 889 1783 922 1813; x_wconf 93' lang='lat' dir='ltr'><strong>in</strong></span> <span class='ocrx_word' id='word_1_308' title='bbox 947 1792 1034 1819; x_wconf 87' lang='lat' dir='ltr'><strong>esse;</strong></span> <span class='ocrx_word' id='word_1_309' title='bbox 1068 1790 1099 1814; x_wconf 93' lang='lat' dir='ltr'><strong>et</strong></span> <span class='ocrx_word' id='word_1_310' title='bbox 1129 1784 1246 1814; x_wconf 90' lang='lat' dir='ltr'><strong>modus</strong></span> <span class='ocrx_word' id='word_1_311' title='bbox 1271 1783 1360 1819; x_wconf 90' lang='lat' dir='ltr'><strong>eius,</strong></span> 
     </span>
     <span class='ocr_line' id='line_1_46' title="bbox 288 1827 1359 1870; baseline -0.001 -11"><span class='ocrx_word' id='word_1_312' title='bbox 288 1828 365 1870; x_wconf 79' lang='lat' dir='ltr'><strong>quia</strong></span> <span class='ocrx_word' id='word_1_313' title='bbox 388 1828 507 1859; x_wconf 89' lang='lat' dir='ltr'><strong>scilicet</strong></span> <span class='ocrx_word' id='word_1_314' title='bbox 529 1828 754 1868; x_wconf 86' lang='lat' dir='ltr'><strong>cognoscendo</strong></span> <span class='ocrx_word' id='word_1_315' title='bbox 778 1837 812 1857; x_wconf 92' lang='lat' dir='ltr'><strong>se</strong></span> <span class='ocrx_word' id='word_1_316' title='bbox 835 1833 871 1858; x_wconf 94' lang='lat' dir='ltr'><strong>ut</strong></span> <span class='ocrx_word' id='word_1_317' title='bbox 894 1834 941 1858; x_wconf 89' lang='lat' dir='ltr'><strong>est</strong></span> <span class='ocrx_word' id='word_1_318' title='bbox 964 1827 1106 1868; x_wconf 88' lang='lat' dir='ltr'><strong>primum</strong></span> <span class='ocrx_word' id='word_1_319' title='bbox 1127 1829 1249 1858; x_wconf 86' lang='lat' dir='ltr'><strong>essendi</strong></span> <span class='ocrx_word' id='word_1_320' title='bbox 1274 1828 1359 1869; x_wconf 90' lang='lat' dir='ltr'><strong>prin-</strong></span> 
     </span>
     <span class='ocr_line' id='line_1_47' title="bbox 289 1872 1037 1914; baseline -0.001 -10"><span class='ocrx_word' id='word_1_321' title='bbox 289 1872 420 1914; x_wconf 84' lang='lat' dir='ltr'><strong>cipium.</strong></span> <span class='ocrx_word' id='word_1_322' title='bbox 439 1872 687 1913; x_wconf 84' lang='lat' dir='ltr'><strong>Declaraturque</strong></span> <span class='ocrx_word' id='word_1_323' title='bbox 703 1872 765 1902; x_wconf 91' lang='lat' dir='ltr'><strong>hoc</strong></span> <span class='ocrx_word' id='word_1_324' title='bbox 781 1872 928 1912; x_wconf 86' lang='lat' dir='ltr'><strong>exemplo</strong></span> <span class='ocrx_word' id='word_1_325' title='bbox 945 1872 1037 1912; x_wconf 91' lang='lat' dir='ltr'><strong>ignis.</strong></span> 
     </span>
    </p>

    <p class='ocr_par' dir='ltr' id='par_1_18' title="bbox 289 1916 1363 2136">
     <span class='ocr_line' id='line_1_48' title="bbox 348 1916 1361 1957; baseline 0 -9"><span class='ocrx_word' id='word_1_326' title='bbox 348 1916 402 1948; x_wconf 86' lang='lat' dir='ltr'><strong>IV.</strong></span> <span class='ocrx_word' id='word_1_327' title='bbox 427 1917 574 1948; x_wconf 81' lang='lat' dir='ltr'><strong>Secundo</strong></span> <span class='ocrx_word' id='word_1_328' title='bbox 598 1916 846 1957; x_wconf 84' lang='lat' dir='ltr'><strong>reprehenditur,</strong></span> <span class='ocrx_word' id='word_1_329' title='bbox 864 1916 1010 1947; x_wconf 91' lang='lat' dir='ltr'><strong>ducendo</strong></span> <span class='ocrx_word' id='word_1_330' title='bbox 1035 1917 1075 1946; x_wconf 88' lang='lat' dir='ltr'><strong>ad</strong></span> <span class='ocrx_word' id='word_1_331' title='bbox 1098 1917 1305 1957; x_wconf 90' lang='lat' dir='ltr'><strong>impossibile.</strong></span> <span class='ocrx_word' id='word_1_332' title='bbox 1329 1917 1361 1948; x_wconf 84' lang='lat' dir='ltr'><strong>Si</strong></span> 
     </span>
     <span class='ocr_line' id='line_1_49' title="bbox 289 1961 1363 2002; baseline 0 -9"><span class='ocrx_word' id='word_1_333' title='bbox 289 1962 378 1993; x_wconf 89' lang='lat' dir='ltr'><strong>Deus</strong></span> <span class='ocrx_word' id='word_1_334' title='bbox 401 1961 493 1992; x_wconf 87' lang='lat' dir='ltr'><strong>sciret</strong></span> <span class='ocrx_word' id='word_1_335' title='bbox 511 1961 572 1991; x_wconf 84' lang='lat' dir='ltr'><strong>alia</strong></span> <span class='ocrx_word' id='word_1_336' title='bbox 594 1967 720 1992; x_wconf 88' lang='lat' dir='ltr'><strong>tantum</strong></span> <span class='ocrx_word' id='word_1_337' title='bbox 738 1961 931 2002; x_wconf 78' lang='lat' dir='ltr'><strong>inquantum</strong></span> <span class='ocrx_word' id='word_1_338' title='bbox 955 1961 1055 1997; x_wconf 85' lang='lat' dir='ltr'><strong>entia,</strong></span> <span class='ocrx_word' id='word_1_339' title='bbox 1081 1971 1156 2001; x_wconf 89' lang='lat' dir='ltr'><strong>ergo</strong></span> <span class='ocrx_word' id='word_1_340' title='bbox 1176 1961 1363 2002; x_wconf 85' lang='lat' dir='ltr'><strong>intelligeret</strong></span> 
     </span>
     <span class='ocr_line' id='line_1_50' title="bbox 290 2005 1360 2046; baseline -0.001 -9"><span class='ocrx_word' id='word_1_341' title='bbox 290 2006 375 2037; x_wconf 84' lang='lat' dir='ltr'><strong>entia</strong></span> <span class='ocrx_word' id='word_1_342' title='bbox 389 2005 423 2036; x_wconf 91' lang='lat' dir='ltr'><strong>in</strong></span> <span class='ocrx_word' id='word_1_343' title='bbox 439 2005 606 2036; x_wconf 86' lang='lat' dir='ltr'><strong>communi</strong></span> <span class='ocrx_word' id='word_1_344' title='bbox 619 2012 759 2036; x_wconf 89' lang='lat' dir='ltr'><strong>tantum:</strong></span> <span class='ocrx_word' id='word_1_345' title='bbox 785 2014 860 2045; x_wconf 89' lang='lat' dir='ltr'><strong>ergo</strong></span> <span class='ocrx_word' id='word_1_346' title='bbox 881 2005 914 2036; x_wconf 92' lang='lat' dir='ltr'><strong>in</strong></span> <span class='ocrx_word' id='word_1_347' title='bbox 938 2005 1074 2036; x_wconf 92' lang='lat' dir='ltr'><strong>confuso</strong></span> <span class='ocrx_word' id='word_1_348' title='bbox 1095 2013 1125 2037; x_wconf 91' lang='lat' dir='ltr'><strong>et</strong></span> <span class='ocrx_word' id='word_1_349' title='bbox 1149 2005 1183 2036; x_wconf 92' lang='lat' dir='ltr'><strong>in</strong></span> <span class='ocrx_word' id='word_1_350' title='bbox 1198 2006 1360 2046; x_wconf 85' lang='lat' dir='ltr'><strong>potentia:</strong></span> 
     </span>
     <span class='ocr_line' id='line_1_51' title="bbox 290 2050 1361 2091; baseline 0 -10"><span class='ocrx_word' id='word_1_351' title='bbox 290 2060 366 2091; x_wconf 87' lang='lat' dir='ltr'><strong>ergo</strong></span> <span class='ocrx_word' id='word_1_352' title='bbox 394 2050 577 2091; x_wconf 87' lang='lat' dir='ltr'><strong>imperfecte</strong></span> <span class='ocrx_word' id='word_1_353' title='bbox 587 2052 596 2080; x_wconf 75' lang='grc' dir='ltr'><strong>ε’</strong></span> <span class='ocrx_word' id='word_1_354' title='bbox 627 2059 703 2091; x_wconf 90' lang='lat' dir='ltr'><strong>ergo</strong></span> <span class='ocrx_word' id='word_1_355' title='bbox 731 2050 903 2090; x_wconf 90' lang='lat' dir='ltr'><strong>intelligere</strong></span> <span class='ocrx_word' id='word_1_356' title='bbox 927 2050 986 2080; x_wconf 92' lang='lat' dir='ltr'><strong>Dei</strong></span> <span class='ocrx_word' id='word_1_357' title='bbox 1015 2060 1081 2080; x_wconf 91' lang='lat' dir='ltr'><strong>non</strong></span> <span class='ocrx_word' id='word_1_358' title='bbox 1106 2057 1188 2081; x_wconf 91' lang='lat' dir='ltr'><strong>esset</strong></span> <span class='ocrx_word' id='word_1_359' title='bbox 1211 2051 1361 2081; x_wconf 89' lang='lat' dir='ltr'><strong>omnibus</strong></span> 
     </span>
     <span class='ocr_line' id='line_1_52' title="bbox 290 2094 1337 2136; baseline -0.001 -10"><span class='ocrx_word' id='word_1_360' title='bbox 290 2095 396 2126; x_wconf 85' lang='lat' dir='ltr'><strong>modis</strong></span> <span class='ocrx_word' id='word_1_361' title='bbox 412 2094 602 2136; x_wconf 89' lang='lat' dir='ltr'><strong>perfectum:</strong></span> <span class='ocrx_word' id='word_1_362' title='bbox 623 2104 698 2135; x_wconf 90' lang='lat' dir='ltr'><strong>ergo</strong></span> <span class='ocrx_word' id='word_1_363' title='bbox 714 2104 772 2125; x_wconf 87' lang='lat' dir='ltr'><strong>nec</strong></span> <span class='ocrx_word' id='word_1_364' title='bbox 789 2104 856 2125; x_wconf 89' lang='lat' dir='ltr'><strong>esse</strong></span> <span class='ocrx_word' id='word_1_365' title='bbox 871 2094 946 2131; x_wconf 88' lang='lat' dir='ltr'><strong>Dei,</strong></span> <span class='ocrx_word' id='word_1_366' title='bbox 964 2095 1053 2135; x_wconf 92' lang='lat' dir='ltr'><strong>quod</strong></span> <span class='ocrx_word' id='word_1_367' title='bbox 1070 2101 1116 2125; x_wconf 88' lang='lat' dir='ltr'><strong>est</strong></span> <span class='ocrx_word' id='word_1_368' title='bbox 1131 2094 1337 2135; x_wconf 90' lang='lat' dir='ltr'><strong>impossibile.</strong></span> 
     </span>
    </p>

    <p class='ocr_par' dir='ltr' id='par_1_19' title="bbox 283 2138 1363 2580">
     <span class='ocr_line' id='line_1_53' title="bbox 348 2138 1362 2180; baseline -0.001 -9"><span class='ocrx_word' id='word_1_369' title='bbox 348 2140 387 2171; x_wconf 90' lang='lat' dir='ltr'><strong>V.</strong></span> <span class='ocrx_word' id='word_1_370' title='bbox 411 2140 548 2170; x_wconf 86' lang='lat' dir='ltr'><strong>Adverte</strong></span> <span class='ocrx_word' id='word_1_371' title='bbox 572 2139 661 2180; x_wconf 92' lang='lat' dir='ltr'><strong>quod</strong></span> <span class='ocrx_word' id='word_1_372' title='bbox 685 2138 826 2179; x_wconf 86' lang='lat' dir='ltr'><strong>cognitio</strong></span> <span class='ocrx_word' id='word_1_373' title='bbox 851 2138 1005 2179; x_wconf 84' lang='lat' dir='ltr'><strong>attingens</strong></span> <span class='ocrx_word' id='word_1_374' title='bbox 1035 2139 1156 2179; x_wconf 84' lang='lat' dir='ltr'><strong>aliquid</strong></span> <span class='ocrx_word' id='word_1_375' title='bbox 1184 2140 1362 2170; x_wconf 89' lang='lat' dir='ltr'><strong>secundum</strong></span> 
     </span>
     <span class='ocr_line' id='line_1_54' title="bbox 289 2181 1361 2226; baseline -0.001 -11"><span class='ocrx_word' id='word_1_376' title='bbox 289 2183 468 2226; x_wconf 84' lang='lat' dir='ltr'><strong>praedicata</strong></span> <span class='ocrx_word' id='word_1_377' title='bbox 491 2183 678 2214; x_wconf 87' lang='lat' dir='ltr'><strong>communia</strong></span> <span class='ocrx_word' id='word_1_378' title='bbox 699 2190 844 2220; x_wconf 86' lang='lat' dir='ltr'><strong>tantum,</strong></span> <span class='ocrx_word' id='word_1_379' title='bbox 872 2189 979 2223; x_wconf 91' lang='lat' dir='ltr'><strong>potest</strong></span> <span class='ocrx_word' id='word_1_380' title='bbox 1001 2181 1062 2213; x_wconf 83' lang='lat' dir='ltr'><strong>dici</strong></span> <span class='ocrx_word' id='word_1_381' title='bbox 1086 2183 1295 2224; x_wconf 80' lang='lat' dir='ltr'><strong>imperfecta,</strong></span> <span class='ocrx_word' id='word_1_382' title='bbox 1329 2185 1361 2214; x_wconf 86' lang='lat' dir='ltr'><strong>in</strong></span> 
     </span>
     <span class='ocr_line' id='line_1_55' title="bbox 283 2227 1360 2269; baseline 0 -10"><span class='ocrx_word' id='word_1_383' title='bbox 283 2229 442 2269; x_wconf 77' lang='lat' dir='ltr'><strong>potentia,</strong></span> <span class='ocrx_word' id='word_1_384' title='bbox 459 2227 608 2269; x_wconf 85' lang='lat' dir='ltr'><strong>confusa,</strong></span> <span class='ocrx_word' id='word_1_385' title='bbox 626 2229 658 2258; x_wconf 86' lang='lat' dir='ltr'><strong>in</strong></span> <span class='ocrx_word' id='word_1_386' title='bbox 675 2229 848 2265; x_wconf 86' lang='lat' dir='ltr'><strong>communi,</strong></span> <span class='ocrx_word' id='word_1_387' title='bbox 874 2228 1079 2265; x_wconf 73' lang='lat' dir='ltr'><strong>universalis,</strong></span> <span class='ocrx_word' id='word_1_388' title='bbox 1097 2235 1165 2264; x_wconf 89' lang='lat' dir='ltr'><strong>etc.,</strong></span> <span class='ocrx_word' id='word_1_389' title='bbox 1184 2227 1360 2269; x_wconf 90' lang='lat' dir='ltr'><strong>dupliciter.</strong></span> 
     </span>
     <span class='ocr_line' id='line_1_56' title="bbox 290 2271 1362 2313; baseline -0.001 -9"><span class='ocrx_word' id='word_1_390' title='bbox 290 2273 365 2304; x_wconf 90' lang='lat' dir='ltr'><strong>Uno</strong></span> <span class='ocrx_word' id='word_1_391' title='bbox 388 2273 504 2310; x_wconf 85' lang='lat' dir='ltr'><strong>modo,</strong></span> <span class='ocrx_word' id='word_1_392' title='bbox 530 2282 567 2303; x_wconf 92' lang='lat' dir='ltr'><strong>ex</strong></span> <span class='ocrx_word' id='word_1_393' title='bbox 590 2279 678 2313; x_wconf 86' lang='lat' dir='ltr'><strong>parte</strong></span> <span class='ocrx_word' id='word_1_394' title='bbox 701 2272 745 2303; x_wconf 89' lang='lat' dir='ltr'><strong>rei</strong></span> <span class='ocrx_word' id='word_1_395' title='bbox 769 2271 933 2312; x_wconf 84' lang='lat' dir='ltr'><strong>cognitae:</strong></span> <span class='ocrx_word' id='word_1_396' title='bbox 966 2278 996 2303; x_wconf 93' lang='lat' dir='ltr'><strong>et</strong></span> <span class='ocrx_word' id='word_1_397' title='bbox 1019 2272 1081 2303; x_wconf 91' lang='lat' dir='ltr'><strong>hoc</strong></span> <span class='ocrx_word' id='word_1_398' title='bbox 1109 2273 1210 2303; x_wconf 88' lang='lat' dir='ltr'><strong>modo</strong></span> <span class='ocrx_word' id='word_1_399' title='bbox 1234 2273 1362 2312; x_wconf 90' lang='lat' dir='ltr'><strong>procul-</strong></span> 
     </span>
     <span class='ocr_line' id='line_1_57' title="bbox 290 2316 1361 2358; baseline -0.001 -10"><span class='ocrx_word' id='word_1_400' title='bbox 290 2317 390 2348; x_wconf 87' lang='lat' dir='ltr'><strong>dubio</strong></span> <span class='ocrx_word' id='word_1_401' title='bbox 404 2326 517 2348; x_wconf 87' lang='lat' dir='ltr'><strong>verum</strong></span> <span class='ocrx_word' id='word_1_402' title='bbox 534 2323 581 2348; x_wconf 85' lang='lat' dir='ltr'><strong>est</strong></span> <span class='ocrx_word' id='word_1_403' title='bbox 603 2317 693 2358; x_wconf 93' lang='lat' dir='ltr'><strong>quod</strong></span> <span class='ocrx_word' id='word_1_404' title='bbox 715 2316 856 2357; x_wconf 87' lang='lat' dir='ltr'><strong>cognitio</strong></span> <span class='ocrx_word' id='word_1_405' title='bbox 877 2316 948 2347; x_wconf 87' lang='lat' dir='ltr'><strong>talis</strong></span> <span class='ocrx_word' id='word_1_406' title='bbox 964 2317 1059 2347; x_wconf 90' lang='lat' dir='ltr'><strong>habet</strong></span> <span class='ocrx_word' id='word_1_407' title='bbox 1078 2316 1134 2347; x_wconf 90' lang='lat' dir='ltr'><strong>has</strong></span> <span class='ocrx_word' id='word_1_408' title='bbox 1152 2317 1361 2348; x_wconf 89' lang='lat' dir='ltr'><strong>conditiones.</strong></span> 
     </span>
     <span class='ocr_line' id='line_1_58' title="bbox 289 2361 1360 2402; baseline 0 -10"><span class='ocrx_word' id='word_1_409' title='bbox 289 2361 364 2393; x_wconf 78' lang='lat' dir='ltr'><strong>Alio</strong></span> <span class='ocrx_word' id='word_1_410' title='bbox 388 2362 503 2399; x_wconf 90' lang='lat' dir='ltr'><strong>modo,</strong></span> <span class='ocrx_word' id='word_1_411' title='bbox 529 2372 566 2392; x_wconf 85' lang='lat' dir='ltr'><strong>ex</strong></span> <span class='ocrx_word' id='word_1_412' title='bbox 588 2369 677 2402; x_wconf 89' lang='lat' dir='ltr'><strong>parte</strong></span> <span class='ocrx_word' id='word_1_413' title='bbox 699 2361 800 2402; x_wconf 89' lang='lat' dir='ltr'><strong>ipsius</strong></span> <span class='ocrx_word' id='word_1_414' title='bbox 824 2361 1015 2402; x_wconf 88' lang='lat' dir='ltr'><strong>cognitionis</strong></span> <span class='ocrx_word' id='word_1_415' title='bbox 1043 2361 1075 2391; x_wconf 92' lang='lat' dir='ltr'><strong>in</strong></span> <span class='ocrx_word' id='word_1_416' title='bbox 1100 2370 1148 2392; x_wconf 90' lang='lat' dir='ltr'><strong>se:</strong></span> <span class='ocrx_word' id='word_1_417' title='bbox 1175 2368 1205 2392; x_wconf 89' lang='lat' dir='ltr'><strong>et</strong></span> <span class='ocrx_word' id='word_1_418' title='bbox 1229 2361 1272 2392; x_wconf 93' lang='lat' dir='ltr'><strong>sic</strong></span> <span class='ocrx_word' id='word_1_419' title='bbox 1295 2372 1360 2392; x_wconf 89' lang='lat' dir='ltr'><strong>non</strong></span> 
     </span>
     <span class='ocr_line' id='line_1_59' title="bbox 290 2405 1363 2447; baseline -0.001 -10"><span class='ocrx_word' id='word_1_420' title='bbox 290 2415 415 2447; x_wconf 88' lang='lat' dir='ltr'><strong>semper</strong></span> <span class='ocrx_word' id='word_1_421' title='bbox 431 2413 477 2438; x_wconf 85' lang='lat' dir='ltr'><strong>est</strong></span> <span class='ocrx_word' id='word_1_422' title='bbox 491 2416 605 2437; x_wconf 90' lang='lat' dir='ltr'><strong>verum</strong></span> <span class='ocrx_word' id='word_1_423' title='bbox 620 2406 710 2447; x_wconf 93' lang='lat' dir='ltr'><strong>quod</strong></span> <span class='ocrx_word' id='word_1_424' title='bbox 733 2406 873 2447; x_wconf 84' lang='lat' dir='ltr'><strong>cognitio</strong></span> <span class='ocrx_word' id='word_1_425' title='bbox 897 2406 977 2443; x_wconf 80' lang='lat' dir='ltr'><strong>talis,</strong></span> <span class='ocrx_word' id='word_1_426' title='bbox 1001 2405 1082 2437; x_wconf 91' lang='lat' dir='ltr'><strong>idest</strong></span> <span class='ocrx_word' id='word_1_427' title='bbox 1098 2406 1209 2437; x_wconf 89' lang='lat' dir='ltr'><strong>sistens</strong></span> <span class='ocrx_word' id='word_1_428' title='bbox 1225 2406 1259 2436; x_wconf 92' lang='lat' dir='ltr'><strong>in</strong></span> <span class='ocrx_word' id='word_1_429' title='bbox 1275 2416 1363 2437; x_wconf 91' lang='lat' dir='ltr'><strong>com-</strong></span> 
     </span>
     <span class='ocr_line' id='line_1_60' title="bbox 289 2450 1360 2492; baseline -0.001 -10"><span class='ocrx_word' id='word_1_430' title='bbox 289 2451 461 2487; x_wconf 86' lang='lat' dir='ltr'><strong>munibus,</strong></span> <span class='ocrx_word' id='word_1_431' title='bbox 492 2451 606 2482; x_wconf 89' lang='lat' dir='ltr'><strong>habeat</strong></span> <span class='ocrx_word' id='word_1_432' title='bbox 633 2450 690 2481; x_wconf 88' lang='lat' dir='ltr'><strong>has</strong></span> <span class='ocrx_word' id='word_1_433' title='bbox 714 2450 928 2486; x_wconf 87' lang='lat' dir='ltr'><strong>conditiones;</strong></span> <span class='ocrx_word' id='word_1_434' title='bbox 960 2450 1104 2491; x_wconf 86' lang='lat' dir='ltr'><strong>alioquin</strong></span> <span class='ocrx_word' id='word_1_435' title='bbox 1128 2450 1360 2492; x_wconf 85' lang='lat' dir='ltr'><strong>metaphysica,</strong></span> 
     </span>
     <span class='ocr_line' id='line_1_61' title="bbox 290 2495 1362 2537; baseline -0.001 -11"><span class='ocrx_word' id='word_1_436' title='bbox 290 2505 372 2537; x_wconf 84' lang='lat' dir='ltr'><strong>quae</strong></span> <span class='ocrx_word' id='word_1_437' title='bbox 396 2495 476 2526; x_wconf 89' lang='lat' dir='ltr'><strong>sistit</strong></span> <span class='ocrx_word' id='word_1_438' title='bbox 499 2495 532 2526; x_wconf 90' lang='lat' dir='ltr'><strong>in</strong></span> <span class='ocrx_word' id='word_1_439' title='bbox 557 2495 784 2526; x_wconf 89' lang='lat' dir='ltr'><strong>communibus</strong></span> <span class='ocrx_word' id='word_1_440' title='bbox 812 2495 979 2531; x_wconf 90' lang='lat' dir='ltr'><strong>omnium,</strong></span> <span class='ocrx_word' id='word_1_441' title='bbox 1011 2502 1091 2526; x_wconf 90' lang='lat' dir='ltr'><strong>esset</strong></span> <span class='ocrx_word' id='word_1_442' title='bbox 1118 2495 1302 2536; x_wconf 89' lang='lat' dir='ltr'><strong>imperfecta</strong></span> <span class='ocrx_word' id='word_1_443' title='bbox 1326 2506 1362 2526; x_wconf 86' lang='lat' dir='ltr'><strong>ex</strong></span> 
     </span>
     <span class='ocr_line' id='line_1_62' title="bbox 289 2546 583 2580; baseline 0 -10"><span class='ocrx_word' id='word_1_444' title='bbox 289 2546 377 2580; x_wconf 86' lang='lat' dir='ltr'><strong>parte</strong></span> <span class='ocrx_word' id='word_1_445' title='bbox 401 2547 499 2576; x_wconf 89' lang='lat' dir='ltr'><strong>actus,</strong></span> <span class='ocrx_word' id='word_1_446' title='bbox 525 2546 583 2570; x_wconf 89' lang='lat' dir='ltr'><strong>etc.</strong></span> 
     </span>
    </p>

    <p class='ocr_par' dir='ltr' id='par_1_20' title="bbox 289 2581 1362 3380">
     <span class='ocr_line' id='line_1_63' title="bbox 348 2581 1361 2624; baseline -0.001 -9"><span class='ocrx_word' id='word_1_447' title='bbox 348 2584 441 2615; x_wconf 90' lang='lat' dir='ltr'><strong>Unde</strong></span> <span class='ocrx_word' id='word_1_448' title='bbox 465 2590 527 2615; x_wconf 91' lang='lat' dir='ltr'><strong>tres</strong></span> <span class='ocrx_word' id='word_1_449' title='bbox 545 2584 667 2624; x_wconf 86' lang='lat' dir='ltr'><strong>primae</strong></span> <span class='ocrx_word' id='word_1_450' title='bbox 691 2583 935 2624; x_wconf 88' lang='lat' dir='ltr'><strong>consequentiae</strong></span> <span class='ocrx_word' id='word_1_451' title='bbox 950 2581 975 2620; x_wconf 85' lang='lat'><strong>*‚</strong></span> <span class='ocrx_word' id='word_1_452' title='bbox 993 2593 1031 2614; x_wconf 85' lang='lat' dir='ltr'><strong>ex</strong></span> <span class='ocrx_word' id='word_1_453' title='bbox 1053 2590 1140 2624; x_wconf 90' lang='lat' dir='ltr'><strong>parte</strong></span> <span class='ocrx_word' id='word_1_454' title='bbox 1157 2584 1201 2615; x_wconf 90' lang='lat' dir='ltr'><strong>rei</strong></span> <span class='ocrx_word' id='word_1_455' title='bbox 1218 2584 1361 2624; x_wconf 87' lang='lat' dir='ltr'><strong>cognitae</strong></span> 
     </span>
     <span class='ocr_line' id='line_1_64' title="bbox 291 2627 1362 2669; baseline 0 -10"><span class='ocrx_word' id='word_1_456' title='bbox 291 2635 451 2669; x_wconf 86' lang='lat' dir='ltr'><strong>sumptae,</strong></span> <span class='ocrx_word' id='word_1_457' title='bbox 477 2635 552 2659; x_wconf 89' lang='lat' dir='ltr'><strong>sunt</strong></span> <span class='ocrx_word' id='word_1_458' title='bbox 575 2638 612 2659; x_wconf 84' lang='lat' dir='ltr'><strong>ex</strong></span> <span class='ocrx_word' id='word_1_459' title='bbox 635 2638 668 2658; x_wconf 91' lang='lat' dir='ltr'><strong>se</strong></span> <span class='ocrx_word' id='word_1_460' title='bbox 691 2627 866 2665; x_wconf 89' lang='lat' dir='ltr'><strong>evidentes;</strong></span> <span class='ocrx_word' id='word_1_461' title='bbox 891 2635 921 2659; x_wconf 94' lang='lat' dir='ltr'><strong>et</strong></span> <span class='ocrx_word' id='word_1_462' title='bbox 944 2629 1120 2668; x_wconf 82' lang='lat' dir='ltr'><strong>probantur</strong></span> <span class='ocrx_word' id='word_1_463' title='bbox 1142 2628 1176 2659; x_wconf 90' lang='lat' dir='ltr'><strong>in</strong></span> <span class='ocrx_word' id='word_1_464' title='bbox 1199 2628 1301 2659; x_wconf 90' lang='lat' dir='ltr'><strong>littera</strong></span> <span class='ocrx_word' id='word_1_465' title='bbox 1325 2638 1362 2659; x_wconf 84' lang='lat' dir='ltr'><strong>ex</strong></span> 
     </span>
     <span class='ocr_line' id='line_1_65' title="bbox 291 2672 1361 2714; baseline 0 -11"><span class='ocrx_word' id='word_1_466' title='bbox 291 2673 303 2703; x_wconf 93' lang='lat'>1</span> <span class='ocrx_word' id='word_1_467' title='bbox 322 2673 463 2714; x_wconf 85' lang='lat' dir='ltr'><strong>Physic.,</strong></span> <span class='ocrx_word' id='word_1_468' title='bbox 481 2679 518 2703; x_wconf 95' lang='lat' dir='ltr'><strong>ut</strong></span> <span class='ocrx_word' id='word_1_469' title='bbox 540 2679 635 2713; x_wconf 88' lang='lat' dir='ltr'><strong>patet.</strong></span> <span class='ocrx_word' id='word_1_470' title='bbox 653 2673 719 2703; x_wconf 92' lang='lat' dir='ltr'><strong>Nec</strong></span> <span class='ocrx_word' id='word_1_471' title='bbox 743 2672 847 2703; x_wconf 84' lang='lat' dir='ltr'><strong>evadit</strong></span> <span class='ocrx_word' id='word_1_472' title='bbox 869 2673 1034 2713; x_wconf 92' lang='lat' dir='ltr'><strong>responsio</strong></span> <span class='ocrx_word' id='word_1_473' title='bbox 1050 2673 1208 2709; x_wconf 89' lang='lat' dir='ltr'><strong>Averrois,</strong></span> <span class='ocrx_word' id='word_1_474' title='bbox 1230 2673 1361 2704; x_wconf 88' lang='lat' dir='ltr'><strong>dicentis</strong></span> 
     </span>
     <span class='ocr_line' id='line_1_66' title="bbox 291 2716 1362 2759; baseline -0.001 -11"><span class='ocrx_word' id='word_1_475' title='bbox 291 2717 390 2759; x_wconf 90' lang='lat' dir='ltr'><strong>quod,</strong></span> <span class='ocrx_word' id='word_1_476' title='bbox 415 2717 490 2758; x_wconf 90' lang='lat' dir='ltr'><strong>quia</strong></span> <span class='ocrx_word' id='word_1_477' title='bbox 514 2717 676 2748; x_wconf 89' lang='lat' dir='ltr'><strong>obiectum</strong></span> <span class='ocrx_word' id='word_1_478' title='bbox 701 2716 847 2747; x_wconf 86' lang='lat' dir='ltr'><strong>scientiae</strong></span> <span class='ocrx_word' id='word_1_479' title='bbox 871 2717 930 2747; x_wconf 91' lang='lat' dir='ltr'><strong>Dei</strong></span> <span class='ocrx_word' id='word_1_480' title='bbox 954 2727 1021 2748; x_wconf 90' lang='lat' dir='ltr'><strong>non</strong></span> <span class='ocrx_word' id='word_1_481' title='bbox 1045 2724 1091 2749; x_wconf 89' lang='lat' dir='ltr'><strong>est</strong></span> <span class='ocrx_word' id='word_1_482' title='bbox 1115 2727 1181 2756; x_wconf 87' lang='lat' dir='ltr'><strong>ens,</strong></span> <span class='ocrx_word' id='word_1_483' title='bbox 1208 2718 1296 2758; x_wconf 91' lang='lat' dir='ltr'><strong>quod</strong></span> <span class='ocrx_word' id='word_1_484' title='bbox 1316 2724 1362 2748; x_wconf 87' lang='lat' dir='ltr'><strong>est</strong></span> 
     </span>
     <span class='ocr_line' id='line_1_67' title="bbox 290 2761 1362 2803; baseline -0.002 -10"><span class='ocrx_word' id='word_1_485' title='bbox 290 2761 467 2793; x_wconf 87' lang='lat' dir='ltr'><strong>universale</strong></span> <span class='ocrx_word' id='word_1_486' title='bbox 491 2761 530 2791; x_wconf 87' lang='lat' dir='ltr'><strong>ad</strong></span> <span class='ocrx_word' id='word_1_487' title='bbox 550 2761 661 2792; x_wconf 89' lang='lat' dir='ltr'><strong>omnia</strong></span> <span class='ocrx_word' id='word_1_488' title='bbox 684 2761 776 2797; x_wconf 85' lang='lat' dir='ltr'><strong>entia,</strong></span> <span class='ocrx_word' id='word_1_489' title='bbox 801 2761 833 2791; x_wconf 91' lang='lat' dir='ltr'><strong>in</strong></span> <span class='ocrx_word' id='word_1_490' title='bbox 858 2762 1034 2799; x_wconf 89' lang='lat' dir='ltr'><strong>communi,</strong></span> <span class='ocrx_word' id='word_1_491' title='bbox 1059 2762 1092 2792; x_wconf 92' lang='lat' dir='ltr'><strong>in</strong></span> <span class='ocrx_word' id='word_1_492' title='bbox 1108 2762 1259 2803; x_wconf 88' lang='lat' dir='ltr'><strong>potentia,</strong></span> <span class='ocrx_word' id='word_1_493' title='bbox 1286 2772 1362 2792; x_wconf 92' lang='lat' dir='ltr'><strong>con-</strong></span> 
     </span>
     <span class='ocr_line' id='line_1_68' title="bbox 291 2805 1359 2846; baseline 0 -9"><span class='ocrx_word' id='word_1_494' title='bbox 291 2806 360 2837; x_wconf 90' lang='lat' dir='ltr'><strong>fuse</strong></span> <span class='ocrx_word' id='word_1_495' title='bbox 375 2813 406 2837; x_wconf 92' lang='lat' dir='ltr'><strong>et</strong></span> <span class='ocrx_word' id='word_1_496' title='bbox 421 2805 605 2846; x_wconf 88' lang='lat' dir='ltr'><strong>imperfecte</strong></span> <span class='ocrx_word' id='word_1_497' title='bbox 629 2805 737 2836; x_wconf 84' lang='lat' dir='ltr'><strong>omnia</strong></span> <span class='ocrx_word' id='word_1_498' title='bbox 757 2805 1039 2846; x_wconf 88' lang='lat' dir='ltr'><strong>comprehendens,</strong></span> <span class='ocrx_word' id='word_1_499' title='bbox 1061 2807 1116 2837; x_wconf 91' lang='lat' dir='ltr'><strong>sed</strong></span> <span class='ocrx_word' id='word_1_500' title='bbox 1133 2807 1269 2837; x_wconf 80' lang='lat' dir='ltr'><strong>essentia</strong></span> <span class='ocrx_word' id='word_1_501' title='bbox 1285 2807 1359 2844; x_wconf 87' lang='lat' dir='ltr'><strong>Dei,</strong></span> 
     </span>
     <span class='ocr_line' id='line_1_69' title="bbox 290 2850 1361 2892; baseline 0 -11"><span class='ocrx_word' id='word_1_502' title='bbox 290 2861 373 2892; x_wconf 88' lang='lat' dir='ltr'><strong>quae</strong></span> <span class='ocrx_word' id='word_1_503' title='bbox 388 2861 447 2881; x_wconf 91' lang='lat' dir='ltr'><strong>nec</strong></span> <span class='ocrx_word' id='word_1_504' title='bbox 471 2857 517 2881; x_wconf 89' lang='lat' dir='ltr'><strong>est</strong></span> <span class='ocrx_word' id='word_1_505' title='bbox 535 2850 720 2881; x_wconf 88' lang='lat' dir='ltr'><strong>universalis</strong></span> <span class='ocrx_word' id='word_1_506' title='bbox 737 2860 795 2880; x_wconf 90' lang='lat' dir='ltr'><strong>nec</strong></span> <span class='ocrx_word' id='word_1_507' title='bbox 810 2850 1015 2890; x_wconf 88' lang='lat' dir='ltr'><strong>particularis,</strong></span> <span class='ocrx_word' id='word_1_508' title='bbox 1041 2858 1116 2887; x_wconf 90' lang='lat' dir='ltr'><strong>etc.;</strong></span> <span class='ocrx_word' id='word_1_509' title='bbox 1142 2851 1214 2881; x_wconf 94' lang='lat' dir='ltr'><strong>ideo</strong></span> <span class='ocrx_word' id='word_1_510' title='bbox 1233 2850 1361 2881; x_wconf 84' lang='lat' dir='ltr'><strong>scientia</strong></span> 
     </span>
     <span class='ocr_line' id='line_1_70' title="bbox 289 2894 1361 2935; baseline -0.001 -9"><span class='ocrx_word' id='word_1_511' title='bbox 289 2895 350 2926; x_wconf 92' lang='lat' dir='ltr'><strong>Dei</strong></span> <span class='ocrx_word' id='word_1_512' title='bbox 365 2905 433 2926; x_wconf 90' lang='lat' dir='ltr'><strong>non</strong></span> <span class='ocrx_word' id='word_1_513' title='bbox 449 2901 496 2926; x_wconf 89' lang='lat' dir='ltr'><strong>est</strong></span> <span class='ocrx_word' id='word_1_514' title='bbox 511 2894 695 2926; x_wconf 82' lang='lat' dir='ltr'><strong>universalis</strong></span> <span class='ocrx_word' id='word_1_515' title='bbox 719 2904 777 2925; x_wconf 89' lang='lat' dir='ltr'><strong>nec</strong></span> <span class='ocrx_word' id='word_1_516' title='bbox 800 2895 1006 2935; x_wconf 74' lang='lat' dir='ltr'><strong>particulafis,</strong></span> <span class='ocrx_word' id='word_1_517' title='bbox 1022 2905 1090 2926; x_wconf 92' lang='lat' dir='ltr'><strong>non</strong></span> <span class='ocrx_word' id='word_1_518' title='bbox 1106 2895 1287 2926; x_wconf 89' lang='lat' dir='ltr'><strong>communis</strong></span> <span class='ocrx_word' id='word_1_519' title='bbox 1303 2905 1361 2926; x_wconf 91' lang='lat' dir='ltr'><strong>nec</strong></span> 
     </span>
     <span class='ocr_line' id='line_1_71' title="bbox 289 2939 1360 2981; baseline 0 -11"><span class='ocrx_word' id='word_1_520' title='bbox 289 2939 433 2981; x_wconf 90' lang='lat' dir='ltr'><strong>propria,</strong></span> <span class='ocrx_word' id='word_1_521' title='bbox 458 2939 514 2970; x_wconf 90' lang='lat' dir='ltr'><strong>sed</strong></span> <span class='ocrx_word' id='word_1_522' title='bbox 537 2939 710 2980; x_wconf 88' lang='lat' dir='ltr'><strong>aequivoce</strong></span> <span class='ocrx_word' id='word_1_523' title='bbox 735 2946 780 2970; x_wconf 91' lang='lat' dir='ltr'><strong>est</strong></span> <span class='ocrx_word' id='word_1_524' title='bbox 803 2949 821 2970; x_wconf 86' lang='lat' dir='ltr'><strong>a</strong></span> <span class='ocrx_word' id='word_1_525' title='bbox 844 2946 952 2970; x_wconf 89' lang='lat' dir='ltr'><strong>nostra</strong></span> <span class='ocrx_word' id='word_1_526' title='bbox 975 2940 1105 2971; x_wconf 86' lang='lat' dir='ltr'><strong>scientia</strong></span> <span class='ocrx_word' id='word_1_527' title='bbox 1128 2939 1257 2970; x_wconf 89' lang='lat' dir='ltr'><strong>elevata.</strong></span> <span class='ocrx_word' id='word_1_528' title='bbox 1288 2940 1360 2970; x_wconf 91' lang='lat' dir='ltr'><strong>Hoc</strong></span> 
     </span>
     <span class='ocr_line' id='line_1_72' title="bbox 291 2983 1361 3022; baseline 0 -8"><span class='ocrx_word' id='word_1_529' title='bbox 291 2984 391 3021; x_wconf 90' lang='lat' dir='ltr'><strong>enim,</strong></span> <span class='ocrx_word' id='word_1_530' title='bbox 415 2984 488 3014; x_wconf 88' lang='lat' dir='ltr'><strong>licet</strong></span> <span class='ocrx_word' id='word_1_531' title='bbox 511 2984 551 3015; x_wconf 89' lang='lat' dir='ltr'><strong>sit</strong></span> <span class='ocrx_word' id='word_1_532' title='bbox 573 2994 704 3019; x_wconf 90' lang='lat' dir='ltr'><strong>verum,</strong></span> <span class='ocrx_word' id='word_1_533' title='bbox 729 2993 795 3014; x_wconf 91' lang='lat' dir='ltr'><strong>non</strong></span> <span class='ocrx_word' id='word_1_534' title='bbox 826 2990 934 3014; x_wconf 91' lang='lat' dir='ltr'><strong>tamen</strong></span> <span class='ocrx_word' id='word_1_535' title='bbox 961 2984 1056 3015; x_wconf 90' lang='lat' dir='ltr'><strong>solvit</strong></span> <span class='ocrx_word' id='word_1_536' title='bbox 1081 2984 1251 3015; x_wconf 87' lang='lat' dir='ltr'><strong>obiectum.</strong></span> <span class='ocrx_word' id='word_1_537' title='bbox 1277 2983 1361 3022; x_wconf 89' lang='lat' dir='ltr'><strong>Quia</strong></span> 
     </span>
     <span class='ocr_line' id='line_1_73' title="bbox 290 3027 1361 3069; baseline 0.001 -11"><span class='ocrx_word' id='word_1_538' title='bbox 290 3028 467 3069; x_wconf 88' lang='lat' dir='ltr'><strong>praedicata</strong></span> <span class='ocrx_word' id='word_1_539' title='bbox 480 3028 617 3069; x_wconf 87' lang='lat' dir='ltr'><strong>&#39;cognita</strong></span> <span class='ocrx_word' id='word_1_540' title='bbox 633 3029 671 3059; x_wconf 90' lang='lat' dir='ltr'><strong>de</strong></span> <span class='ocrx_word' id='word_1_541' title='bbox 687 3028 781 3058; x_wconf 90' lang='lat' dir='ltr'><strong>rebus</strong></span> <span class='ocrx_word' id='word_1_542' title='bbox 803 3027 836 3058; x_wconf 90' lang='lat' dir='ltr'><strong>in</strong></span> <span class='ocrx_word' id='word_1_543' title='bbox 861 3028 994 3059; x_wconf 83' lang='lat' dir='ltr'><strong>essentia</strong></span> <span class='ocrx_word' id='word_1_544' title='bbox 1018 3029 1133 3065; x_wconf 90' lang='lat' dir='ltr'><strong>divina,</strong></span> <span class='ocrx_word' id='word_1_545' title='bbox 1151 3035 1278 3069; x_wconf 89' lang='lat' dir='ltr'><strong>oportet</strong></span> <span class='ocrx_word' id='word_1_546' title='bbox 1294 3038 1361 3059; x_wconf 89' lang='lat' dir='ltr'><strong>esse</strong></span> 
     </span>
     <span class='ocr_line' id='line_1_74' title="bbox 290 3069 1361 3114; baseline 0 -11"><span class='ocrx_word' id='word_1_547' title='bbox 290 3079 345 3103; x_wconf 89' lang='lat' dir='ltr'><strong>aut</strong></span> <span class='ocrx_word' id='word_1_548' title='bbox 368 3069 554 3103; x_wconf 85' lang='lat' dir='ltr'><strong>communia</strong></span> <span class='ocrx_word' id='word_1_549' title='bbox 576 3079 631 3104; x_wconf 86' lang='lat' dir='ltr'><strong>aut</strong></span> <span class='ocrx_word' id='word_1_550' title='bbox 654 3072 782 3113; x_wconf 89' lang='lat' dir='ltr'><strong>propria</strong></span> <span class='ocrx_word' id='word_1_551' title='bbox 805 3073 908 3109; x_wconf 89' lang='lat' dir='ltr'><strong>rebus,</strong></span> <span class='ocrx_word' id='word_1_552' title='bbox 932 3080 988 3104; x_wconf 87' lang='lat' dir='ltr'><strong>aut</strong></span> <span class='ocrx_word' id='word_1_553' title='bbox 1005 3073 1205 3114; x_wconf 89' lang='lat' dir='ltr'><strong>particularia</strong></span> <span class='ocrx_word' id='word_1_554' title='bbox 1220 3079 1274 3104; x_wconf 89' lang='lat' dir='ltr'><strong>aut</strong></span> <span class='ocrx_word' id='word_1_555' title='bbox 1289 3073 1361 3103; x_wconf 91' lang='lat' dir='ltr'><strong>uni-</strong></span> 
     </span>
     <span class='ocr_line' id='line_1_75' title="bbox 289 3117 1361 3158; baseline 0 -11"><span class='ocrx_word' id='word_1_556' title='bbox 289 3117 436 3154; x_wconf 83' lang='lat' dir='ltr'><strong>versalia,</strong></span> <span class='ocrx_word' id='word_1_557' title='bbox 463 3117 609 3158; x_wconf 86' lang='lat' dir='ltr'><strong>quamvis</strong></span> <span class='ocrx_word' id='word_1_558' title='bbox 640 3117 782 3158; x_wconf 90' lang='lat' dir='ltr'><strong>primum</strong></span> <span class='ocrx_word' id='word_1_559' title='bbox 810 3117 973 3148; x_wconf 88' lang='lat' dir='ltr'><strong>obiectum</strong></span> <span class='ocrx_word' id='word_1_560' title='bbox 994 3125 1145 3149; x_wconf 89' lang='lat' dir='ltr'><strong>neutrum</strong></span> <span class='ocrx_word' id='word_1_561' title='bbox 1173 3117 1223 3148; x_wconf 89' lang='lat' dir='ltr'><strong>sit.</strong></span> <span class='ocrx_word' id='word_1_562' title='bbox 1256 3117 1298 3148; x_wconf 91' lang='lat' dir='ltr'><strong>Et</strong></span> <span class='ocrx_word' id='word_1_563' title='bbox 1321 3117 1361 3147; x_wconf 88' lang='lat' dir='ltr'><strong>ad</strong></span> 
     </span>
     <span class='ocr_line' id='line_1_76' title="bbox 290 3161 1360 3203; baseline 0.001 -12"><span class='ocrx_word' id='word_1_564' title='bbox 290 3161 469 3202; x_wconf 82' lang='lat' dir='ltr'><strong>praedicata</strong></span> <span class='ocrx_word' id='word_1_565' title='bbox 484 3161 611 3202; x_wconf 89' lang='lat' dir='ltr'><strong>cognita</strong></span> <span class='ocrx_word' id='word_1_566' title='bbox 625 3161 801 3198; x_wconf 90' lang='lat' dir='ltr'><strong>referendo,</strong></span> <span class='ocrx_word' id='word_1_567' title='bbox 825 3162 1004 3201; x_wconf 89' lang='lat' dir='ltr'><strong>procedunt</strong></span> <span class='ocrx_word' id='word_1_568' title='bbox 1022 3162 1145 3203; x_wconf 87' lang='lat' dir='ltr'><strong>optime</strong></span> <span class='ocrx_word' id='word_1_569' title='bbox 1161 3168 1223 3193; x_wconf 91' lang='lat' dir='ltr'><strong>tres</strong></span> <span class='ocrx_word' id='word_1_570' title='bbox 1239 3162 1360 3202; x_wconf 89' lang='lat' dir='ltr'><strong>primae</strong></span> 
     </span>
     <span class='ocr_line' id='line_1_77' title="bbox 291 3205 1360 3247; baseline 0 -11"><span class='ocrx_word' id='word_1_571' title='bbox 291 3205 549 3246; x_wconf 84' lang='lat' dir='ltr'><strong>consequentiae:</strong></span> <span class='ocrx_word' id='word_1_572' title='bbox 578 3213 704 3247; x_wconf 91' lang='lat' dir='ltr'><strong>oportet</strong></span> <span class='ocrx_word' id='word_1_573' title='bbox 727 3206 814 3237; x_wconf 91' lang='lat' dir='ltr'><strong>enim</strong></span> <span class='ocrx_word' id='word_1_574' title='bbox 837 3205 1001 3237; x_wconf 85' lang='lat' dir='ltr'><strong>scientiam</strong></span> <span class='ocrx_word' id='word_1_575' title='bbox 1023 3207 1100 3244; x_wconf 92' lang='lat' dir='ltr'><strong>Dei,</strong></span> <span class='ocrx_word' id='word_1_576' title='bbox 1125 3206 1163 3241; x_wconf 53' lang='lat' dir='ltr'><strong>si„</strong></span> <span class='ocrx_word' id='word_1_577' title='bbox 1174 3206 1360 3237; x_wconf 87' lang='lat' dir='ltr'><strong>terminatur</strong></span> 
     </span>
     <span class='ocr_line' id='line_1_78' title="bbox 290 3249 1360 3291; baseline 0.001 -11"><span class='ocrx_word' id='word_1_578' title='bbox 290 3250 330 3280; x_wconf 92' lang='lat' dir='ltr'><strong>ad</strong></span> <span class='ocrx_word' id='word_1_579' title='bbox 355 3249 540 3280; x_wconf 88' lang='lat' dir='ltr'><strong>communia</strong></span> <span class='ocrx_word' id='word_1_580' title='bbox 563 3256 687 3281; x_wconf 89' lang='lat' dir='ltr'><strong>tantum</strong></span> <span class='ocrx_word' id='word_1_581' title='bbox 710 3261 826 3287; x_wconf 92' lang='lat' dir='ltr'><strong>rerum,</strong></span> <span class='ocrx_word' id='word_1_582' title='bbox 852 3251 941 3291; x_wconf 94' lang='lat' dir='ltr'><strong>quod</strong></span> <span class='ocrx_word' id='word_1_583' title='bbox 957 3257 993 3282; x_wconf 92' lang='lat' dir='ltr'><strong>ut</strong></span> <span class='ocrx_word' id='word_1_584' title='bbox 1008 3251 1061 3287; x_wconf 92' lang='lat' dir='ltr'><strong>sic,</strong></span> <span class='ocrx_word' id='word_1_585' title='bbox 1082 3261 1119 3281; x_wconf 84' lang='lat' dir='ltr'><strong>ex</strong></span> <span class='ocrx_word' id='word_1_586' title='bbox 1142 3257 1230 3291; x_wconf 89' lang='lat' dir='ltr'><strong>parte</strong></span> <span class='ocrx_word' id='word_1_587' title='bbox 1253 3261 1360 3281; x_wconf 87' lang='lat' dir='ltr'><strong>rerum</strong></span> 
     </span>
     <span class='ocr_line' id='line_1_79' title="bbox 291 3294 1360 3336; baseline 0.001 -12"><span class='ocrx_word' id='word_1_588' title='bbox 291 3294 499 3335; x_wconf 90' lang='lat' dir='ltr'><strong>cognitarum,</strong></span> <span class='ocrx_word' id='word_1_589' title='bbox 520 3294 641 3325; x_wconf 85' lang='lat' dir='ltr'><strong>dicatur</strong></span> <span class='ocrx_word' id='word_1_590' title='bbox 658 3295 691 3325; x_wconf 91' lang='lat' dir='ltr'><strong>in</strong></span> <span class='ocrx_word' id='word_1_591' title='bbox 711 3295 857 3331; x_wconf 89' lang='lat' dir='ltr'><strong>confuso,</strong></span> <span class='ocrx_word' id='word_1_592' title='bbox 878 3295 911 3325; x_wconf 92' lang='lat' dir='ltr'><strong>in</strong></span> <span class='ocrx_word' id='word_1_593' title='bbox 926 3295 1078 3335; x_wconf 88' lang='lat' dir='ltr'><strong>potentia,</strong></span> <span class='ocrx_word' id='word_1_594' title='bbox 1102 3301 1174 3331; x_wconf 87' lang='lat' dir='ltr'><strong>etc.;</strong></span> <span class='ocrx_word' id='word_1_595' title='bbox 1192 3294 1267 3336; x_wconf 90' lang='lat' dir='ltr'><strong>quia</strong></span> <span class='ocrx_word' id='word_1_596' title='bbox 1283 3295 1360 3326; x_wconf 88' lang='lat' dir='ltr'><strong>istae</strong></span> 
     </span>
     <span class='ocr_line' id='line_1_80' title="bbox 290 3338 1081 3380; baseline 0.001 -11"><span class='ocrx_word' id='word_1_597' title='bbox 290 3345 365 3369; x_wconf 88' lang='lat' dir='ltr'><strong>sunt</strong></span> <span class='ocrx_word' id='word_1_598' title='bbox 381 3338 580 3369; x_wconf 88' lang='lat' dir='ltr'><strong>conditiones</strong></span> <span class='ocrx_word' id='word_1_599' title='bbox 596 3339 850 3379; x_wconf 78' lang='lat' dir='ltr'><strong>praedicatorum</strong></span> <span class='ocrx_word' id='word_1_600' title='bbox 869 3339 1081 3380; x_wconf 86' lang='lat' dir='ltr'><strong>cognitorum.</strong></span> 
     </span>
    </p>

    <p class='ocr_par' dir='ltr' id='par_1_21' title="bbox 290 3383 1361 3646">
     <span class='ocr_line' id='line_1_81' title="bbox 349 3383 1361 3425; baseline 0.001 -12"><span class='ocrx_word' id='word_1_601' title='bbox 349 3383 440 3414; x_wconf 87' lang='lat' dir='ltr'><strong>Circa</strong></span> <span class='ocrx_word' id='word_1_602' title='bbox 463 3389 610 3423; x_wconf 87' lang='lat' dir='ltr'><strong>quartam</strong></span> <span class='ocrx_word' id='word_1_603' title='bbox 633 3384 902 3425; x_wconf 86' lang='lat' dir='ltr'><strong>consequentiam,</strong></span> <span class='ocrx_word' id='word_1_604' title='bbox 926 3384 960 3414; x_wconf 91' lang='lat' dir='ltr'><strong>in</strong></span> <span class='ocrx_word' id='word_1_605' title='bbox 983 3394 1047 3425; x_wconf 86' lang='lat' dir='ltr'><strong>qua</strong></span> <span class='ocrx_word' id='word_1_606' title='bbox 1071 3383 1111 3414; x_wconf 92' lang='lat' dir='ltr'><strong>ad</strong></span> <span class='ocrx_word' id='word_1_607' title='bbox 1133 3383 1361 3424; x_wconf 87' lang='lat' dir='ltr'><strong>perfectionem</strong></span> 
     </span>
     <span class='ocr_line' id='line_1_82' title="bbox 290 3427 1359 3469; baseline -0.001 -10"><span class='ocrx_word' id='word_1_608' title='bbox 290 3427 481 3468; x_wconf 87' lang='lat' dir='ltr'><strong>cognitionis</strong></span> <span class='ocrx_word' id='word_1_609' title='bbox 502 3427 535 3457; x_wconf 92' lang='lat' dir='ltr'><strong>in</strong></span> <span class='ocrx_word' id='word_1_610' title='bbox 557 3427 659 3467; x_wconf 83' lang='lat' dir='ltr'><strong>seipsa</strong></span> <span class='ocrx_word' id='word_1_611' title='bbox 682 3428 839 3465; x_wconf 87' lang='lat' dir='ltr'><strong>transitur,</strong></span> <span class='ocrx_word' id='word_1_612' title='bbox 864 3429 990 3459; x_wconf 89' lang='lat' dir='ltr'><strong>adverte</strong></span> <span class='ocrx_word' id='word_1_613' title='bbox 1009 3428 1099 3469; x_wconf 90' lang='lat' dir='ltr'><strong>quod</strong></span> <span class='ocrx_word' id='word_1_614' title='bbox 1122 3438 1189 3458; x_wconf 91' lang='lat' dir='ltr'><strong>non</strong></span> <span class='ocrx_word' id='word_1_615' title='bbox 1211 3428 1359 3465; x_wconf 90' lang='lat' dir='ltr'><strong>infertur,</strong></span> 
     </span>
     <span class='ocr_line' id='line_1_83' title="bbox 290 3472 1360 3514; baseline 0 -11"><span class='ocrx_word' id='word_1_616' title='bbox 290 3482 369 3514; x_wconf 83' lang='lat' dir='ltr'><strong>ergo</strong></span> <span class='ocrx_word' id='word_1_617' title='bbox 394 3472 534 3513; x_wconf 86' lang='lat' dir='ltr'><strong>cognitio</strong></span> <span class='ocrx_word' id='word_1_618' title='bbox 556 3472 620 3502; x_wconf 88' lang='lat' dir='ltr'><strong>Dei</strong></span> <span class='ocrx_word' id='word_1_619' title='bbox 643 3477 690 3502; x_wconf 82' lang='lat' dir='ltr'><strong>est</strong></span> <span class='ocrx_word' id='word_1_620' title='bbox 713 3473 900 3513; x_wconf 75' lang='lat' dir='ltr'><strong>imperfecta</strong></span> <span class='ocrx_word' id='word_1_621' title='bbox 919 3474 1089 3514; x_wconf 82' lang='lat' dir='ltr'><strong>privative.</strong></span> <span class='ocrx_word' id='word_1_622' title='bbox 1123 3472 1208 3510; x_wconf 91' lang='lat' dir='ltr'><strong>Quia</strong></span> <span class='ocrx_word' id='word_1_623' title='bbox 1231 3479 1360 3513; x_wconf 89' lang='lat' dir='ltr'><strong>negaret</strong></span> 
     </span>
     <span class='ocr_line' id='line_1_84' title="bbox 290 3516 1358 3558; baseline 0 -11"><span class='ocrx_word' id='word_1_624' title='bbox 290 3516 551 3557; x_wconf 88' lang='lat' dir='ltr'><strong>consequentiam</strong></span> <span class='ocrx_word' id='word_1_625' title='bbox 574 3518 750 3552; x_wconf 87' lang='lat' dir='ltr'><strong>Averroes‚</strong></span> <span class='ocrx_word' id='word_1_626' title='bbox 776 3516 910 3547; x_wconf 90' lang='lat' dir='ltr'><strong>dicendo</strong></span> <span class='ocrx_word' id='word_1_627' title='bbox 943 3518 1033 3558; x_wconf 91' lang='lat' dir='ltr'><strong>quod</strong></span> <span class='ocrx_word' id='word_1_628' title='bbox 1063 3517 1203 3557; x_wconf 87' lang='lat' dir='ltr'><strong>cognitio</strong></span> <span class='ocrx_word' id='word_1_629' title='bbox 1227 3517 1287 3547; x_wconf 92' lang='lat' dir='ltr'><strong>Dei</strong></span> <span class='ocrx_word' id='word_1_630' title='bbox 1312 3523 1358 3548; x_wconf 90' lang='lat' dir='ltr'><strong>est</strong></span> 
     </span>
     <span class='ocr_line' id='line_1_85' title="bbox 290 3561 1356 3601; baseline -0.001 -9"><span class='ocrx_word' id='word_1_631' title='bbox 290 3561 529 3601; x_wconf 88' lang='lat' dir='ltr'><strong>perfectissima;</strong></span> <span class='ocrx_word' id='word_1_632' title='bbox 555 3567 586 3591; x_wconf 90' lang='lat' dir='ltr'><strong>et</strong></span> <span class='ocrx_word' id='word_1_633' title='bbox 608 3566 714 3591; x_wconf 89' lang='lat' dir='ltr'><strong>tamen</strong></span> <span class='ocrx_word' id='word_1_634' title='bbox 730 3569 796 3590; x_wconf 92' lang='lat' dir='ltr'><strong>non</strong></span> <span class='ocrx_word' id='word_1_635' title='bbox 811 3561 934 3601; x_wconf 87' lang='lat' dir='ltr'><strong>attingit</strong></span> <span class='ocrx_word' id='word_1_636' title='bbox 957 3572 1005 3592; x_wconf 89' lang='lat' dir='ltr'><strong>res</strong></span> <span class='ocrx_word' id='word_1_637' title='bbox 1029 3561 1089 3592; x_wconf 90' lang='lat' dir='ltr'><strong>nisi</strong></span> <span class='ocrx_word' id='word_1_638' title='bbox 1113 3568 1149 3592; x_wconf 94' lang='lat' dir='ltr'><strong>ut</strong></span> <span class='ocrx_word' id='word_1_639' title='bbox 1173 3568 1247 3592; x_wconf 90' lang='lat' dir='ltr'><strong>sunt</strong></span> <span class='ocrx_word' id='word_1_640' title='bbox 1264 3561 1356 3597; x_wconf 85' lang='lat' dir='ltr'><strong>entia,</strong></span> 
     </span>
     <span class='ocr_line' id='line_1_86' title="bbox 290 3603 1357 3646; baseline -0.001 -10"><span class='ocrx_word' id='word_1_641' title='bbox 290 3605 365 3646; x_wconf 83' lang='lat' dir='ltr'><strong>quia</strong></span> <span class='ocrx_word' id='word_1_642' title='bbox 387 3615 454 3636; x_wconf 91' lang='lat' dir='ltr'><strong>non</strong></span> <span class='ocrx_word' id='word_1_643' title='bbox 479 3611 525 3635; x_wconf 87' lang='lat' dir='ltr'><strong>est</strong></span> <span class='ocrx_word' id='word_1_644' title='bbox 548 3611 620 3645; x_wconf 89' lang='lat' dir='ltr'><strong>apta</strong></span> <span class='ocrx_word' id='word_1_645' title='bbox 649 3610 722 3634; x_wconf 88' lang='lat' dir='ltr'><strong>nata</strong></span> <span class='ocrx_word' id='word_1_646' title='bbox 749 3603 899 3645; x_wconf 86' lang='lat' dir='ltr'><strong>attingere</strong></span> <span class='ocrx_word' id='word_1_647' title='bbox 927 3605 1000 3645; x_wconf 92' lang='lat' dir='ltr'><strong>plus</strong></span> <span class='ocrx_word' id='word_1_648' title='bbox 1028 3606 1067 3636; x_wconf 92' lang='lat' dir='ltr'><strong>de</strong></span> <span class='ocrx_word' id='word_1_649' title='bbox 1091 3606 1193 3637; x_wconf 88' lang='lat' dir='ltr'><strong>rebus.</strong></span> <span class='ocrx_word' id='word_1_650' title='bbox 1226 3605 1288 3636; x_wconf 91' lang='lat' dir='ltr'><strong>Sed</strong></span> <span class='ocrx_word' id='word_1_651' title='bbox 1311 3606 1357 3636; x_wconf 89' lang='lat' dir='ltr'><strong>in-</strong></span> 
     </span>
    </p>
   </div>
   <div class='ocr_carea' id='block_1_15' title="bbox 432 3664 930 3691">
    <p class='ocr_par' dir='ltr' id='par_1_22' title="bbox 432 3664 930 3691">
     <span class='ocr_line' id='line_1_87' title="bbox 432 3664 930 3691; baseline -0.004 0"><span class='ocrx_word' id='word_1_652' title='bbox 432 3667 542 3691; x_wconf 73' lang='lat' dir='ltr'><strong>ScMMAE</strong></span> <span class='ocrx_word' id='word_1_653' title='bbox 561 3666 662 3691; x_wconf 65' lang='lat' dir='ltr'><strong>Timor„</strong></span> <span class='ocrx_word' id='word_1_654' title='bbox 682 3665 714 3690; x_wconf 88' lang='lat' dir='ltr'><strong>D.</strong></span> <span class='ocrx_word' id='word_1_655' title='bbox 727 3664 841 3690; x_wconf 68' lang='lat' dir='ltr'><strong>Tnomar:</strong></span> <span class='ocrx_word' id='word_1_656' title='bbox 861 3665 893 3691; x_wconf 91' lang='lat' dir='ltr'><strong>T.</strong></span> <span class='ocrx_word' id='word_1_657' title='bbox 912 3666 930 3690; x_wconf 92' lang='grc' dir='ltr'><strong>Ι.</strong></span> 
     </span>
    </p>
   </div>
   <div class='ocr_carea' id='block_1_16' title="bbox 1418 1029 2489 1421">
    <p class='ocr_par' dir='ltr' id='par_1_23' title="bbox 1418 1029 2489 1421">
     <span class='ocr_line' id='line_1_88' title="bbox 1420 1029 2488 1074; baseline 0.004 -14"><span class='ocrx_word' id='word_1_658' title='bbox 1420 1029 1527 1066; x_wconf 91' lang='lat' dir='ltr'><strong>fertur,</strong></span> <span class='ocrx_word' id='word_1_659' title='bbox 1553 1040 1632 1071; x_wconf 80' lang='lat' dir='ltr'><strong>ergo</strong></span> <span class='ocrx_word' id='word_1_660' title='bbox 1657 1040 1719 1061; x_wconf 89' lang='lat' dir='ltr'><strong>non</strong></span> <span class='ocrx_word' id='word_1_661' title='bbox 1745 1036 1792 1061; x_wconf 86' lang='lat' dir='ltr'><strong>est</strong></span> <span class='ocrx_word' id='word_1_662' title='bbox 1814 1031 1960 1061; x_wconf 79' lang='lat' dir='ltr'><strong>omnibus</strong></span> <span class='ocrx_word' id='word_1_663' title='bbox 1976 1031 2078 1062; x_wconf 70' lang='lat' dir='ltr'><strong>modis</strong></span> <span class='ocrx_word' id='word_1_664' title='bbox 2086 1031 2252 1073; x_wconf 68' lang='lat' dir='ltr'><strong>perfecta</strong></span> <span class='ocrx_word' id='word_1_665' title='bbox 2277 1034 2365 1074; x_wconf 92' lang='lat' dir='ltr'><strong>quod</strong></span> <span class='ocrx_word' id='word_1_666' title='bbox 2382 1034 2488 1073; x_wconf 88' lang='lat' dir='ltr'><strong>negari</strong></span> 
     </span>
     <span class='ocr_line' id='line_1_89' title="bbox 1419 1075 2489 1118; baseline 0.004 -14"><span class='ocrx_word' id='word_1_667' title='bbox 1419 1084 1485 1104; x_wconf 90' lang='lat' dir='ltr'><strong>non</strong></span> <span class='ocrx_word' id='word_1_668' title='bbox 1509 1081 1614 1114; x_wconf 90' lang='lat' dir='ltr'><strong>potest</strong></span> <span class='ocrx_word' id='word_1_669' title='bbox 1637 1085 1655 1105; x_wconf 88' lang='lat' dir='ltr'><strong>a</strong></span> <span class='ocrx_word' id='word_1_670' title='bbox 1678 1075 1871 1116; x_wconf 89' lang='lat' dir='ltr'><strong>ponentibus</strong></span> <span class='ocrx_word' id='word_1_671' title='bbox 1896 1076 2098 1112; x_wconf 84' lang='lat' dir='ltr'><strong>antecedens;</strong></span> <span class='ocrx_word' id='word_1_672' title='bbox 2128 1076 2203 1117; x_wconf 90' lang='lat' dir='ltr'><strong>quia</strong></span> <span class='ocrx_word' id='word_1_673' title='bbox 2228 1077 2333 1107; x_wconf 87' lang='lat' dir='ltr'><strong>deesse</strong></span> <span class='ocrx_word' id='word_1_674' title='bbox 2357 1078 2489 1118; x_wconf 92' lang='lat' dir='ltr'><strong>ponitur</strong></span> 
     </span>
     <span class='ocr_line' id='line_1_90' title="bbox 1418 1118 2488 1163; baseline 0.004 -15"><span class='ocrx_word' id='word_1_675' title='bbox 1418 1118 1469 1149; x_wconf 91' lang='lat' dir='ltr'><strong>hic</strong></span> <span class='ocrx_word' id='word_1_676' title='bbox 1493 1119 1610 1149; x_wconf 90' lang='lat' dir='ltr'><strong>modus</strong></span> <span class='ocrx_word' id='word_1_677' title='bbox 1634 1119 1856 1159; x_wconf 83' lang='lat' dir='ltr'><strong>perfectionis,</strong></span> <span class='ocrx_word' id='word_1_678' title='bbox 1890 1130 1956 1160; x_wconf 92' lang='lat' dir='ltr'><strong>quo</strong></span> <span class='ocrx_word' id='word_1_679' title='bbox 1989 1120 2105 1151; x_wconf 89' lang='lat' dir='ltr'><strong>scilicet</strong></span> <span class='ocrx_word' id='word_1_680' title='bbox 2133 1121 2264 1161; x_wconf 89' lang='lat' dir='ltr'><strong>attingat</strong></span> <span class='ocrx_word' id='word_1_681' title='bbox 2292 1122 2332 1152; x_wconf 88' lang='lat' dir='ltr'><strong>ad</strong></span> <span class='ocrx_word' id='word_1_682' title='bbox 2359 1122 2488 1163; x_wconf 85' lang='lat' dir='ltr'><strong>propria</strong></span> 
     </span>
     <span class='ocr_line' id='line_1_91' title="bbox 1419 1163 2487 1205; baseline 0.005 -12"><span class='ocrx_word' id='word_1_683' title='bbox 1419 1172 1536 1193; x_wconf 90' lang='lat' dir='ltr'><strong>rerum.</strong></span> <span class='ocrx_word' id='word_1_684' title='bbox 1562 1163 1622 1194; x_wconf 90' lang='lat' dir='ltr'><strong>Hic</strong></span> <span class='ocrx_word' id='word_1_685' title='bbox 1648 1163 1733 1194; x_wconf 88' lang='lat' dir='ltr'><strong>enim</strong></span> <span class='ocrx_word' id='word_1_686' title='bbox 1756 1164 1873 1194; x_wconf 90' lang='lat' dir='ltr'><strong>modus</strong></span> <span class='ocrx_word' id='word_1_687' title='bbox 1898 1164 2038 1205; x_wconf 87' lang='lat' dir='ltr'><strong>aliquam</strong></span> <span class='ocrx_word' id='word_1_688' title='bbox 2062 1164 2290 1205; x_wconf 89' lang='lat' dir='ltr'><strong>perfectionem</strong></span> <span class='ocrx_word' id='word_1_689' title='bbox 2314 1166 2389 1198; x_wconf 89' lang='lat' dir='ltr'><strong>dicit</strong></span> <span class='ocrx_word' id='word_1_690' title='bbox 2412 1176 2487 1197; x_wconf 89' lang='lat' dir='ltr'><strong>cum</strong></span> 
     </span>
     <span class='ocr_line' id='line_1_92' title="bbox 1419 1207 2487 1250; baseline 0.005 -14"><span class='ocrx_word' id='word_1_691' title='bbox 1419 1207 1508 1237; x_wconf 91' lang='lat' dir='ltr'><strong>nulla</strong></span> <span class='ocrx_word' id='word_1_692' title='bbox 1531 1207 1669 1238; x_wconf 85' lang='lat' dir='ltr'><strong>admixta</strong></span> <span class='ocrx_word' id='word_1_693' title='bbox 1691 1208 1946 1247; x_wconf 83' lang='lat' dir='ltr'><strong>imperfectione:</strong></span> <span class='ocrx_word' id='word_1_694' title='bbox 1972 1215 2002 1239; x_wconf 89' lang='lat' dir='ltr'><strong>et</strong></span> <span class='ocrx_word' id='word_1_695' title='bbox 2026 1216 2257 1250; x_wconf 86' lang='lat' dir='ltr'><strong>consequenter</strong></span> <span class='ocrx_word' id='word_1_696' title='bbox 2279 1217 2371 1250; x_wconf 84' lang='lat' dir='ltr'><strong>aptus</strong></span> <span class='ocrx_word' id='word_1_697' title='bbox 2394 1217 2487 1241; x_wconf 86' lang='lat' dir='ltr'><strong>natus</strong></span> 
     </span>
     <span class='ocr_line' id='line_1_93' title="bbox 1420 1251 2487 1294; baseline 0.005 -13"><span class='ocrx_word' id='word_1_698' title='bbox 1420 1258 1466 1282; x_wconf 88' lang='lat' dir='ltr'><strong>est</strong></span> <span class='ocrx_word' id='word_1_699' title='bbox 1489 1261 1556 1281; x_wconf 90' lang='lat' dir='ltr'><strong>esse</strong></span> <span class='ocrx_word' id='word_1_700' title='bbox 1580 1251 1613 1281; x_wconf 90' lang='lat' dir='ltr'><strong>in</strong></span> <span class='ocrx_word' id='word_1_701' title='bbox 1636 1251 1692 1282; x_wconf 91' lang='lat' dir='ltr'><strong>illo</strong></span> <span class='ocrx_word' id='word_1_702' title='bbox 1716 1252 1903 1292; x_wconf 91' lang='lat' dir='ltr'><strong>intelligere,</strong></span> <span class='ocrx_word' id='word_1_703' title='bbox 1928 1252 1961 1282; x_wconf 90' lang='lat' dir='ltr'><strong>in</strong></span> <span class='ocrx_word' id='word_1_704' title='bbox 1985 1263 2051 1294; x_wconf 92' lang='lat' dir='ltr'><strong>quo</strong></span> <span class='ocrx_word' id='word_1_705' title='bbox 2075 1260 2150 1284; x_wconf 89' lang='lat' dir='ltr'><strong>sunt</strong></span> <span class='ocrx_word' id='word_1_706' title='bbox 2173 1264 2285 1284; x_wconf 90' lang='lat' dir='ltr'><strong>omnes</strong></span> <span class='ocrx_word' id='word_1_707' title='bbox 2308 1255 2487 1286; x_wconf 86' lang='lat' dir='ltr'><strong>nobilitates</strong></span> 
     </span>
     <span class='ocr_line' id='line_1_94' title="bbox 1419 1295 2486 1338; baseline 0.004 -13"><span class='ocrx_word' id='word_1_708' title='bbox 1419 1295 1568 1326; x_wconf 90' lang='lat' dir='ltr'><strong>omnium</strong></span> <span class='ocrx_word' id='word_1_709' title='bbox 1591 1296 1836 1336; x_wconf 91' lang='lat' dir='ltr'><strong>intelligentium</strong></span> <span class='ocrx_word' id='word_1_710' title='bbox 1867 1297 1905 1327; x_wconf 83' lang='lat' dir='ltr'><strong>ab</strong></span> <span class='ocrx_word' id='word_1_711' title='bbox 1934 1297 2227 1338; x_wconf 89' lang='lat' dir='ltr'><strong>imperfectionibus</strong></span> <span class='ocrx_word' id='word_1_712' title='bbox 2258 1299 2486 1338; x_wconf 82' lang='lat' dir='ltr'><strong>praecisibiles,</strong></span> 
     </span>
     <span class='ocr_line' id='line_1_95' title="bbox 1419 1340 2488 1381; baseline 0.004 -12"><span class='ocrx_word' id='word_1_713' title='bbox 1419 1340 1514 1381; x_wconf 90' lang='lat' dir='ltr'><strong>quale</strong></span> <span class='ocrx_word' id='word_1_714' title='bbox 1538 1346 1583 1370; x_wconf 91' lang='lat' dir='ltr'><strong>est</strong></span> <span class='ocrx_word' id='word_1_715' title='bbox 1606 1340 1778 1380; x_wconf 84' lang='lat' dir='ltr'><strong>intelligere</strong></span> <span class='ocrx_word' id='word_1_716' title='bbox 1802 1340 1861 1371; x_wconf 91' lang='lat' dir='ltr'><strong>Dei</strong></span> <span class='ocrx_word' id='word_1_717' title='bbox 1869 1350 1876 1377; x_wconf 87' lang='lat'>;</span> <span class='ocrx_word' id='word_1_718' title='bbox 1902 1341 1982 1372; x_wconf 91' lang='lat' dir='ltr'><strong>sicut</strong></span> <span class='ocrx_word' id='word_1_719' title='bbox 2006 1348 2036 1372; x_wconf 94' lang='lat' dir='ltr'><strong>et</strong></span> <span class='ocrx_word' id='word_1_720' title='bbox 2055 1351 2121 1372; x_wconf 88' lang='lat' dir='ltr'><strong>esse</strong></span> <span class='ocrx_word' id='word_1_721' title='bbox 2141 1342 2208 1372; x_wconf 91' lang='lat' dir='ltr'><strong>eius</strong></span> <span class='ocrx_word' id='word_1_722' title='bbox 2227 1342 2322 1374; x_wconf 90' lang='lat' dir='ltr'><strong>habet</strong></span> <span class='ocrx_word' id='word_1_723' title='bbox 2341 1343 2488 1375; x_wconf 88' lang='lat' dir='ltr'><strong>omnium</strong></span> 
     </span>
     <span class='ocr_line' id='line_1_96' title="bbox 1419 1384 2144 1421; baseline 0.003 -7"><span class='ocrx_word' id='word_1_724' title='bbox 1419 1384 1541 1415; x_wconf 90' lang='lat' dir='ltr'><strong>entium</strong></span> <span class='ocrx_word' id='word_1_725' title='bbox 1565 1384 1754 1421; x_wconf 87' lang='lat' dir='ltr'><strong>nobilitates,</strong></span> <span class='ocrx_word' id='word_1_726' title='bbox 1780 1391 1816 1415; x_wconf 93' lang='lat' dir='ltr'><strong>ut</strong></span> <span class='ocrx_word' id='word_1_727' title='bbox 1839 1385 1871 1415; x_wconf 91' lang='lat' dir='ltr'><strong>in</strong></span> <span class='ocrx_word' id='word_1_728' title='bbox 1895 1385 1997 1416; x_wconf 85' lang='lat' dir='ltr'><strong>littera</strong></span> <span class='ocrx_word' id='word_1_729' title='bbox 2021 1385 2144 1417; x_wconf 90' lang='lat' dir='ltr'><strong>dicitur.</strong></span> 
     </span>
    </p>
   </div>
   <div class='ocr_carea' id='block_1_17' title="bbox 1424 1428 2524 1469">
    <p class='ocr_par' dir='ltr' id='par_1_24' title="bbox 1424 1428 2524 1469">
     <span class='ocr_line' id='line_1_97' title="bbox 1424 1428 2524 1469; baseline 0.002 -8"><span class='ocrx_word' id='word_1_730' title='bbox 1424 1453 1430 1461; x_wconf 93' lang='lat'><strong>.</strong></span> <span class='ocrx_word' id='word_1_731' title='bbox 1477 1429 1531 1460; x_wconf 88' lang='lat' dir='ltr'><strong>VI.</strong></span> <span class='ocrx_word' id='word_1_732' title='bbox 1553 1428 1688 1460; x_wconf 80' lang='lat' dir='ltr'><strong>Tertio*</strong></span> <span class='ocrx_word' id='word_1_733' title='bbox 1709 1436 1746 1459; x_wconf 85' lang='lat' dir='ltr'><strong>ex</strong></span> <span class='ocrx_word' id='word_1_734' title='bbox 1760 1429 1818 1459; x_wconf 87' lang='lat' dir='ltr'><strong>hac</strong></span> <span class='ocrx_word' id='word_1_735' title='bbox 1834 1429 2078 1469; x_wconf 88' lang='lat' dir='ltr'><strong>reprehensione</strong></span> <span class='ocrx_word' id='word_1_736' title='bbox 2102 1430 2235 1461; x_wconf 89' lang='lat' dir='ltr'><strong>infertur</strong></span> <span class='ocrx_word' id='word_1_737' title='bbox 2258 1431 2420 1462; x_wconf 89' lang='lat' dir='ltr'><strong>conclusio</strong></span> <span class='ocrx_word' id='word_1_738' title='bbox 2442 1442 2488 1462; x_wconf 91' lang='lat' dir='ltr'><strong>re—</strong></span> <span class='ocrx_word' id='word_1_739' title='bbox 2514 1443 2524 1453; x_wconf 77' lang='lat'><strong>·</strong></span> 
     </span>
    </p>
   </div>
   <div class='ocr_carea' id='block_1_18' title="bbox 1418 1473 2488 1826">
    <p class='ocr_par' dir='ltr' id='par_1_25' title="bbox 1418 1473 2488 1826">
     <span class='ocr_line' id='line_1_98' title="bbox 1419 1473 2487 1517; baseline 0.004 -14"><span class='ocrx_word' id='word_1_740' title='bbox 1419 1473 1568 1513; x_wconf 87' lang='lat' dir='ltr'><strong>sponsiva</strong></span> <span class='ocrx_word' id='word_1_741' title='bbox 1584 1473 1728 1514; x_wconf 88' lang='lat' dir='ltr'><strong>quaesito</strong></span> <span class='ocrx_word' id='word_1_742' title='bbox 1751 1473 1948 1504; x_wconf 84' lang='lat' dir='ltr'><strong>affirmative:</strong></span> <span class='ocrx_word' id='word_1_743' title='bbox 1973 1474 2059 1505; x_wconf 90' lang='lat' dir='ltr'><strong>Deus</strong></span> <span class='ocrx_word' id='word_1_744' title='bbox 2077 1475 2240 1515; x_wconf 90' lang='lat' dir='ltr'><strong>cognoscit</strong></span> <span class='ocrx_word' id='word_1_745' title='bbox 2258 1475 2318 1506; x_wconf 87' lang='lat' dir='ltr'><strong>alia</strong></span> <span class='ocrx_word' id='word_1_746' title='bbox 2334 1486 2352 1506; x_wconf 88' lang='lat' dir='ltr'><strong>a</strong></span> <span class='ocrx_word' id='word_1_747' title='bbox 2367 1487 2398 1507; x_wconf 90' lang='lat' dir='ltr'><strong>se</strong></span> <span class='ocrx_word' id='word_1_748' title='bbox 2415 1487 2487 1517; x_wconf 95' lang='lat' dir='ltr'><strong>pro-</strong></span> 
     </span>
     <span class='ocr_line' id='line_1_99' title="bbox 1419 1517 2488 1561; baseline 0.004 -13"><span class='ocrx_word' id='word_1_749' title='bbox 1419 1517 1486 1558; x_wconf 85' lang='lat' dir='ltr'><strong>pria</strong></span> <span class='ocrx_word' id='word_1_750' title='bbox 1510 1518 1702 1558; x_wconf 87' lang='lat' dir='ltr'><strong>cognitione.</strong></span> <span class='ocrx_word' id='word_1_751' title='bbox 1727 1518 1775 1548; x_wconf 83' lang='lat' dir='ltr'><strong>Ex</strong></span> <span class='ocrx_word' id='word_1_752' title='bbox 1798 1528 1864 1559; x_wconf 94' lang='lat' dir='ltr'><strong>quo</strong></span> <span class='ocrx_word' id='word_1_753' title='bbox 1889 1518 1975 1549; x_wconf 91' lang='lat' dir='ltr'><strong>enim</strong></span> <span class='ocrx_word' id='word_1_754' title='bbox 1999 1518 2196 1559; x_wconf 87' lang='lat' dir='ltr'><strong>impossibile</strong></span> <span class='ocrx_word' id='word_1_755' title='bbox 2220 1527 2266 1550; x_wconf 89' lang='lat' dir='ltr'><strong>est</strong></span> <span class='ocrx_word' id='word_1_756' title='bbox 2289 1521 2378 1561; x_wconf 93' lang='lat' dir='ltr'><strong>quod</strong></span> <span class='ocrx_word' id='word_1_757' title='bbox 2401 1521 2488 1552; x_wconf 85' lang='lat' dir='ltr'><strong>sistat</strong></span> 
     </span>
     <span class='ocr_line' id='line_1_100' title="bbox 1418 1562 2487 1606; baseline 0.004 -14"><span class='ocrx_word' id='word_1_758' title='bbox 1418 1562 1451 1592; x_wconf 93' lang='lat' dir='ltr'><strong>in</strong></span> <span class='ocrx_word' id='word_1_759' title='bbox 1476 1562 1719 1599; x_wconf 86' lang='lat' dir='ltr'><strong>communibus,</strong></span> <span class='ocrx_word' id='word_1_760' title='bbox 1750 1572 1824 1603; x_wconf 88' lang='lat' dir='ltr'><strong>ergo</strong></span> <span class='ocrx_word' id='word_1_761' title='bbox 1853 1570 1979 1603; x_wconf 89' lang='lat' dir='ltr'><strong>oportet</strong></span> <span class='ocrx_word' id='word_1_762' title='bbox 2007 1564 2096 1604; x_wconf 92' lang='lat' dir='ltr'><strong>quod</strong></span> <span class='ocrx_word' id='word_1_763' title='bbox 2119 1563 2223 1595; x_wconf 88' lang='lat' dir='ltr'><strong>veniat</strong></span> <span class='ocrx_word' id='word_1_764' title='bbox 2251 1565 2290 1594; x_wconf 89' lang='lat' dir='ltr'><strong>ad</strong></span> <span class='ocrx_word' id='word_1_765' title='bbox 2313 1565 2450 1606; x_wconf 85' lang='lat' dir='ltr'><strong>propria.</strong></span> <span class='ocrx_word' id='word_1_766' title='bbox 2467 1583 2487 1587; x_wconf 96' lang='lat'>—</span> 
     </span>
     <span class='ocr_line' id='line_1_101' title="bbox 1418 1607 2488 1650; baseline 0.003 -13"><span class='ocrx_word' id='word_1_767' title='bbox 1418 1607 1460 1637; x_wconf 87' lang='lat' dir='ltr'><strong>Et</strong></span> <span class='ocrx_word' id='word_1_768' title='bbox 1483 1607 1658 1638; x_wconf 83' lang='lat' dir='ltr'><strong>declaratur</strong></span> <span class='ocrx_word' id='word_1_769' title='bbox 1680 1607 1712 1637; x_wconf 93' lang='lat' dir='ltr'><strong>in</strong></span> <span class='ocrx_word' id='word_1_770' title='bbox 1737 1607 1838 1638; x_wconf 84' lang='lat' dir='ltr'><strong>littera</strong></span> <span class='ocrx_word' id='word_1_771' title='bbox 1866 1607 1944 1649; x_wconf 91' lang='lat' dir='ltr'><strong>quid</strong></span> <span class='ocrx_word' id='word_1_772' title='bbox 1967 1607 2118 1648; x_wconf 88' lang='lat' dir='ltr'><strong>importet</strong></span> <span class='ocrx_word' id='word_1_773' title='bbox 2149 1618 2338 1648; x_wconf 88' lang='lat' dir='ltr'><strong>cognoscere</strong></span> <span class='ocrx_word' id='word_1_774' title='bbox 2360 1610 2488 1650; x_wconf 90' lang='lat' dir='ltr'><strong>propria</strong></span> 
     </span>
     <span class='ocr_line' id='line_1_102' title="bbox 1419 1651 2487 1692; baseline 0.002 -10"><span class='ocrx_word' id='word_1_775' title='bbox 1419 1651 1620 1692; x_wconf 86' lang='lat' dir='ltr'><strong>cognitione:</strong></span> <span class='ocrx_word' id='word_1_776' title='bbox 1646 1651 1763 1682; x_wconf 88' lang='lat' dir='ltr'><strong>scilicet</strong></span> <span class='ocrx_word' id='word_1_777' title='bbox 1786 1661 1976 1692; x_wconf 88' lang='lat' dir='ltr'><strong>cognoscere</strong></span> <span class='ocrx_word' id='word_1_778' title='bbox 1999 1662 2066 1689; x_wconf 87' lang='lat' dir='ltr'><strong>res,</strong></span> <span class='ocrx_word' id='word_1_779' title='bbox 2091 1662 2157 1682; x_wconf 92' lang='lat' dir='ltr'><strong>non</strong></span> <span class='ocrx_word' id='word_1_780' title='bbox 2181 1653 2287 1683; x_wconf 84' lang='lat' dir='ltr'><strong>solum</strong></span> <span class='ocrx_word' id='word_1_781' title='bbox 2312 1655 2487 1684; x_wconf 90' lang='lat' dir='ltr'><strong>secundum</strong></span> 
     </span>
     <span class='ocr_line' id='line_1_103' title="bbox 1419 1695 2488 1737; baseline 0.002 -11"><span class='ocrx_word' id='word_1_782' title='bbox 1419 1695 1619 1727; x_wconf 90' lang='lat' dir='ltr'><strong>conditiones</strong></span> <span class='ocrx_word' id='word_1_783' title='bbox 1647 1695 1680 1726; x_wconf 90' lang='lat' dir='ltr'><strong>in</strong></span> <span class='ocrx_word' id='word_1_784' title='bbox 1705 1695 1821 1737; x_wconf 87' lang='lat' dir='ltr'><strong>quibus</strong></span> <span class='ocrx_word' id='word_1_785' title='bbox 1851 1697 2110 1733; x_wconf 90' lang='lat' dir='ltr'><strong>communicant,</strong></span> <span class='ocrx_word' id='word_1_786' title='bbox 2145 1697 2200 1727; x_wconf 89' lang='lat' dir='ltr'><strong>sed</strong></span> <span class='ocrx_word' id='word_1_787' title='bbox 2233 1698 2409 1729; x_wconf 91' lang='lat' dir='ltr'><strong>secundum</strong></span> <span class='ocrx_word' id='word_1_788' title='bbox 2437 1709 2488 1728; x_wconf 89' lang='lat' dir='ltr'><strong>eas</strong></span> 
     </span>
     <span class='ocr_line' id='line_1_104' title="bbox 1418 1740 2488 1783; baseline 0.003 -13"><span class='ocrx_word' id='word_1_789' title='bbox 1418 1740 1535 1781; x_wconf 88' lang='lat' dir='ltr'><strong>quibus</strong></span> <span class='ocrx_word' id='word_1_790' title='bbox 1559 1740 1599 1770; x_wconf 87' lang='lat' dir='ltr'><strong>ad</strong></span> <span class='ocrx_word' id='word_1_791' title='bbox 1618 1740 1754 1771; x_wconf 88' lang='lat' dir='ltr'><strong>invicem</strong></span> <span class='ocrx_word' id='word_1_792' title='bbox 1770 1740 2025 1781; x_wconf 89' lang='lat' dir='ltr'><strong>distinguuntur;</strong></span> <span class='ocrx_word' id='word_1_793' title='bbox 2050 1741 2127 1772; x_wconf 87' lang='lat' dir='ltr'><strong>haec</strong></span> <span class='ocrx_word' id='word_1_794' title='bbox 2151 1742 2236 1772; x_wconf 91' lang='lat' dir='ltr'><strong>enim</strong></span> <span class='ocrx_word' id='word_1_795' title='bbox 2261 1750 2335 1773; x_wconf 91' lang='lat' dir='ltr'><strong>sunt</strong></span> <span class='ocrx_word' id='word_1_796' title='bbox 2358 1742 2488 1783; x_wconf 88' lang='lat' dir='ltr'><strong>singulis</strong></span> 
     </span>
     <span class='ocr_line' id='line_1_105' title="bbox 1418 1795 1558 1826; baseline 0 -11"><span class='ocrx_word' id='word_1_797' title='bbox 1418 1795 1558 1826; x_wconf 80' lang='lat' dir='ltr'><strong>propria.</strong></span> 
     </span>
    </p>
   </div>
   <div class='ocr_carea' id='block_1_19' title="bbox 1478 1829 2523 1867">
    <p class='ocr_par' dir='ltr' id='par_1_26' title="bbox 1478 1829 2523 1867">
     <span class='ocr_line' id='line_1_106' title="bbox 1478 1829 2523 1867; baseline 0.003 -7"><span class='ocrx_word' id='word_1_798' title='bbox 1478 1829 1545 1860; x_wconf 87' lang='lat' dir='ltr'><strong>VII.</strong></span> <span class='ocrx_word' id='word_1_799' title='bbox 1576 1829 1694 1867; x_wconf 88' lang='lat' dir='ltr'><strong>Quoad</strong></span> <span class='ocrx_word' id='word_1_800' title='bbox 1723 1830 1898 1860; x_wconf 84' lang='lat' dir='ltr'><strong>secundum</strong></span> <span class='ocrx_word' id='word_1_801' title='bbox 1920 1829 1951 1867; x_wconf 85' lang='lat'><strong>*‚</strong></span> <span class='ocrx_word' id='word_1_802' title='bbox 1976 1830 2034 1861; x_wconf 85' lang='lat' dir='ltr'><strong>tria</strong></span> <span class='ocrx_word' id='word_1_803' title='bbox 2061 1829 2151 1861; x_wconf 84' lang='lat' dir='ltr'><strong>fiunt.</strong></span> <span class='ocrx_word' id='word_1_804' title='bbox 2184 1831 2293 1861; x_wconf 88' lang='lat' dir='ltr'><strong>Primo</strong></span> <span class='ocrx_word' id='word_1_805' title='bbox 2320 1832 2489 1863; x_wconf 89' lang='lat' dir='ltr'><strong>recitantur</strong></span> <span class='ocrx_word' id='word_1_806' title='bbox 2514 1841 2523 1852; x_wconf 78' lang='lat'>⁸</span> 
     </span>
    </p>
   </div>
   <div class='ocr_carea' id='block_1_20' title="bbox 1414 1873 2489 3468">
    <p class='ocr_par' dir='ltr' id='par_1_27' title="bbox 1418 1873 2489 2003">
     <span class='ocr_line' id='line_1_107' title="bbox 1419 1873 2486 1917; baseline 0.003 -13"><span class='ocrx_word' id='word_1_807' title='bbox 1419 1873 1572 1914; x_wconf 86' lang='lat' dir='ltr'><strong>exempla,</strong></span> <span class='ocrx_word' id='word_1_808' title='bbox 1588 1874 1705 1914; x_wconf 92' lang='lat' dir='ltr'><strong>quibus</strong></span> <span class='ocrx_word' id='word_1_809' title='bbox 1729 1874 1782 1904; x_wconf 90' lang='lat' dir='ltr'><strong>alii</strong></span> <span class='ocrx_word' id='word_1_810' title='bbox 1797 1874 1942 1905; x_wconf 90' lang='lat' dir='ltr'><strong>nituntur</strong></span> <span class='ocrx_word' id='word_1_811' title='bbox 1965 1875 2130 1906; x_wconf 89' lang='lat' dir='ltr'><strong>ostendere</strong></span> <span class='ocrx_word' id='word_1_812' title='bbox 2154 1875 2291 1906; x_wconf 90' lang='lat' dir='ltr'><strong>modum</strong></span> <span class='ocrx_word' id='word_1_813' title='bbox 2307 1886 2373 1917; x_wconf 90' lang='lat' dir='ltr'><strong>quo</strong></span> <span class='ocrx_word' id='word_1_814' title='bbox 2390 1877 2486 1913; x_wconf 89' lang='lat' dir='ltr'><strong>Deus,</strong></span> 
     </span>
     <span class='ocr_line' id='line_1_108' title="bbox 1419 1918 2489 1959; baseline 0.004 -11"><span class='ocrx_word' id='word_1_815' title='bbox 1419 1918 1643 1959; x_wconf 89' lang='lat' dir='ltr'><strong>cognoscendo</strong></span> <span class='ocrx_word' id='word_1_816' title='bbox 1667 1928 1709 1954; x_wconf 91' lang='lat' dir='ltr'><strong>se,</strong></span> <span class='ocrx_word' id='word_1_817' title='bbox 1732 1918 1823 1949; x_wconf 88' lang='lat' dir='ltr'><strong>novit</strong></span> <span class='ocrx_word' id='word_1_818' title='bbox 1846 1918 1922 1951; x_wconf 83' lang='lat' dir='ltr'><strong>alia:</strong></span> <span class='ocrx_word' id='word_1_819' title='bbox 1948 1925 1979 1950; x_wconf 93' lang='lat' dir='ltr'><strong>et</strong></span> <span class='ocrx_word' id='word_1_820' title='bbox 2002 1925 2076 1950; x_wconf 88' lang='lat' dir='ltr'><strong>sunt</strong></span> <span class='ocrx_word' id='word_1_821' title='bbox 2097 1919 2135 1949; x_wconf 90' lang='lat' dir='ltr'><strong>de</strong></span> <span class='ocrx_word' id='word_1_822' title='bbox 2159 1919 2230 1950; x_wconf 90' lang='lat' dir='ltr'><strong>luce</strong></span> <span class='ocrx_word' id='word_1_823' title='bbox 2254 1927 2284 1950; x_wconf 90' lang='lat' dir='ltr'><strong>et</strong></span> <span class='ocrx_word' id='word_1_824' title='bbox 2306 1921 2421 1951; x_wconf 93' lang='lat' dir='ltr'><strong>colore.</strong></span> <span class='ocrx_word' id='word_1_825' title='bbox 2447 1921 2489 1952; x_wconf 88' lang='lat' dir='ltr'><strong>Et</strong></span> 
     </span>
     <span class='ocr_line' id='line_1_109' title="bbox 1418 1969 1514 2003; baseline 0.01 -11"><span class='ocrx_word' id='word_1_826' title='bbox 1418 1969 1514 2003; x_wconf 86' lang='lat' dir='ltr'><strong>patet.</strong></span> 
     </span>
    </p>

    <p class='ocr_par' dir='ltr' id='par_1_28' title="bbox 1416 2007 2488 2571">
     <span class='ocr_line' id='line_1_110' title="bbox 1476 2007 2486 2048; baseline 0.003 -11"><span class='ocrx_word' id='word_1_827' title='bbox 1476 2007 1623 2038; x_wconf 89' lang='lat' dir='ltr'><strong>Secundo</strong></span> <span class='ocrx_word' id='word_1_828' title='bbox 1647 2007 1858 2038; x_wconf 87' lang='lat' dir='ltr'><strong>ostenduntur</strong></span> <span class='ocrx_word' id='word_1_829' title='bbox 1881 2007 1958 2038; x_wconf 90' lang='lat' dir='ltr'><strong>haec</strong></span> <span class='ocrx_word' id='word_1_830' title='bbox 1982 2007 2125 2048; x_wconf 88' lang='lat' dir='ltr'><strong>exempla</strong></span> <span class='ocrx_word' id='word_1_831' title='bbox 2157 2018 2224 2038; x_wconf 91' lang='lat' dir='ltr'><strong>non</strong></span> <span class='ocrx_word' id='word_1_832' title='bbox 2253 2009 2417 2040; x_wconf 90' lang='lat' dir='ltr'><strong>ostendere</strong></span> <span class='ocrx_word' id='word_1_833' title='bbox 2440 2009 2486 2040; x_wconf 90' lang='lat' dir='ltr'><strong>in-</strong></span> 
     </span>
     <span class='ocr_line' id='line_1_111' title="bbox 1418 2051 2488 2090; baseline 0.002 -8"><span class='ocrx_word' id='word_1_834' title='bbox 1418 2058 1552 2087; x_wconf 86' lang='lat' dir='ltr'><strong>tentum,</strong></span> <span class='ocrx_word' id='word_1_835' title='bbox 1577 2051 1630 2082; x_wconf 85' lang='lat' dir='ltr'><strong>sic.</strong></span> <span class='ocrx_word' id='word_1_836' title='bbox 1656 2051 1718 2082; x_wconf 91' lang='lat' dir='ltr'><strong>Res</strong></span> <span class='ocrx_word' id='word_1_837' title='bbox 1741 2051 1775 2081; x_wconf 90' lang='lat' dir='ltr'><strong>in</strong></span> <span class='ocrx_word' id='word_1_838' title='bbox 1795 2058 1825 2082; x_wconf 92' lang='lat' dir='ltr'><strong>et</strong></span> <span class='ocrx_word' id='word_1_839' title='bbox 1843 2062 1861 2082; x_wconf 88' lang='lat' dir='ltr'><strong>a</strong></span> <span class='ocrx_word' id='word_1_840' title='bbox 1880 2052 1949 2082; x_wconf 92' lang='lat' dir='ltr'><strong>Deo</strong></span> <span class='ocrx_word' id='word_1_841' title='bbox 1973 2059 2047 2083; x_wconf 88' lang='lat' dir='ltr'><strong>sunt</strong></span> <span class='ocrx_word' id='word_1_842' title='bbox 2070 2053 2247 2083; x_wconf 91' lang='lat' dir='ltr'><strong>secundum</strong></span> <span class='ocrx_word' id='word_1_843' title='bbox 2271 2053 2346 2090; x_wconf 91' lang='lat' dir='ltr'><strong>duo,</strong></span> <span class='ocrx_word' id='word_1_844' title='bbox 2372 2054 2488 2085; x_wconf 87' lang='lat' dir='ltr'><strong>scilicet</strong></span> 
     </span>
     <span class='ocr_line' id='line_1_112' title="bbox 1418 2095 2487 2138; baseline 0.001 -11"><span class='ocrx_word' id='word_1_845' title='bbox 1418 2096 1596 2127; x_wconf 89' lang='lat' dir='ltr'><strong>secundum</strong></span> <span class='ocrx_word' id='word_1_846' title='bbox 1619 2095 1651 2126; x_wconf 94' lang='lat' dir='ltr'><strong>id</strong></span> <span class='ocrx_word' id='word_1_847' title='bbox 1674 2095 1707 2126; x_wconf 93' lang='lat' dir='ltr'><strong>in</strong></span> <span class='ocrx_word' id='word_1_848' title='bbox 1731 2106 1797 2137; x_wconf 94' lang='lat' dir='ltr'><strong>quo</strong></span> <span class='ocrx_word' id='word_1_849' title='bbox 1823 2097 2070 2133; x_wconf 84' lang='lat' dir='ltr'><strong>communicant,</strong></span> <span class='ocrx_word' id='word_1_850' title='bbox 2094 2103 2124 2127; x_wconf 91' lang='lat' dir='ltr'><strong>et</strong></span> <span class='ocrx_word' id='word_1_851' title='bbox 2142 2098 2271 2137; x_wconf 85' lang='lat' dir='ltr'><strong>propria</strong></span> <span class='ocrx_word' id='word_1_852' title='bbox 2286 2098 2402 2138; x_wconf 91' lang='lat' dir='ltr'><strong>quibus</strong></span> <span class='ocrx_word' id='word_1_853' title='bbox 2426 2098 2487 2128; x_wconf 91' lang='lat' dir='ltr'><strong>dis-</strong></span> 
     </span>
     <span class='ocr_line' id='line_1_113' title="bbox 1417 2140 2485 2182; baseline 0.003 -12"><span class='ocrx_word' id='word_1_854' title='bbox 1417 2140 1620 2180; x_wconf 89' lang='lat' dir='ltr'><strong>tinguuntur:</strong></span> <span class='ocrx_word' id='word_1_855' title='bbox 1645 2140 1722 2171; x_wconf 80' lang='lat' dir='ltr'><strong>haec</strong></span> <span class='ocrx_word' id='word_1_856' title='bbox 1746 2140 1890 2180; x_wconf 87' lang='lat' dir='ltr'><strong>exempla</strong></span> <span class='ocrx_word' id='word_1_857' title='bbox 1912 2150 1979 2171; x_wconf 91' lang='lat' dir='ltr'><strong>non</strong></span> <span class='ocrx_word' id='word_1_858' title='bbox 2002 2148 2076 2172; x_wconf 91' lang='lat' dir='ltr'><strong>sunt</strong></span> <span class='ocrx_word' id='word_1_859' title='bbox 2092 2141 2206 2171; x_wconf 89' lang='lat' dir='ltr'><strong>similia</strong></span> <span class='ocrx_word' id='word_1_860' title='bbox 2225 2142 2333 2182; x_wconf 91' lang='lat' dir='ltr'><strong>quoad</strong></span> <span class='ocrx_word' id='word_1_861' title='bbox 2348 2142 2485 2182; x_wconf 88' lang='lat' dir='ltr'><strong>propria,</strong></span> 
     </span>
     <span class='ocr_line' id='line_1_114' title="bbox 1418 2184 2487 2226; baseline 0.003 -12"><span class='ocrx_word' id='word_1_862' title='bbox 1418 2185 1473 2215; x_wconf 91' lang='lat' dir='ltr'><strong>sed</strong></span> <span class='ocrx_word' id='word_1_863' title='bbox 1492 2184 1599 2226; x_wconf 89' lang='lat' dir='ltr'><strong>quoad</strong></span> <span class='ocrx_word' id='word_1_864' title='bbox 1618 2184 1651 2214; x_wconf 92' lang='lat' dir='ltr'><strong>id</strong></span> <span class='ocrx_word' id='word_1_865' title='bbox 1670 2184 1703 2214; x_wconf 92' lang='lat' dir='ltr'><strong>in</strong></span> <span class='ocrx_word' id='word_1_866' title='bbox 1722 2195 1789 2226; x_wconf 92' lang='lat' dir='ltr'><strong>quo</strong></span> <span class='ocrx_word' id='word_1_867' title='bbox 1814 2185 2066 2216; x_wconf 85' lang='lat' dir='ltr'><strong>communicant:</strong></span> <span class='ocrx_word' id='word_1_868' title='bbox 2092 2195 2176 2226; x_wconf 91' lang='lat' dir='ltr'><strong>ergo.</strong></span> <span class='ocrx_word' id='word_1_869' title='bbox 2194 2203 2213 2208; x_wconf 93' lang='lat'><strong>-—</strong></span> <span class='ocrx_word' id='word_1_870' title='bbox 2228 2186 2335 2216; x_wconf 91' lang='lat' dir='ltr'><strong>Huius</strong></span> <span class='ocrx_word' id='word_1_871' title='bbox 2358 2187 2487 2217; x_wconf 91' lang='lat' dir='ltr'><strong>rationis</strong></span> 
     </span>
     <span class='ocr_line' id='line_1_115' title="bbox 1417 2228 2486 2272; baseline 0.003 -13"><span class='ocrx_word' id='word_1_872' title='bbox 1417 2229 1449 2259; x_wconf 91' lang='lat' dir='ltr'><strong>in</strong></span> <span class='ocrx_word' id='word_1_873' title='bbox 1474 2228 1575 2260; x_wconf 89' lang='lat' dir='ltr'><strong>littera</strong></span> <span class='ocrx_word' id='word_1_874' title='bbox 1602 2228 1708 2269; x_wconf 89' lang='lat' dir='ltr'><strong>primo</strong></span> <span class='ocrx_word' id='word_1_875' title='bbox 1737 2229 1868 2269; x_wconf 91' lang='lat' dir='ltr'><strong>ponitur</strong></span> <span class='ocrx_word' id='word_1_876' title='bbox 1891 2236 1922 2260; x_wconf 91' lang='lat' dir='ltr'><strong>et</strong></span> <span class='ocrx_word' id='word_1_877' title='bbox 1946 2229 2119 2260; x_wconf 88' lang='lat' dir='ltr'><strong>declaratur</strong></span> <span class='ocrx_word' id='word_1_878' title='bbox 2147 2229 2268 2266; x_wconf 90' lang='lat' dir='ltr'><strong>minor,</strong></span> <span class='ocrx_word' id='word_1_879' title='bbox 2293 2230 2326 2260; x_wconf 91' lang='lat' dir='ltr'><strong>in</strong></span> <span class='ocrx_word' id='word_1_880' title='bbox 2350 2237 2486 2272; x_wconf 88' lang='lat' dir='ltr'><strong>utroque</strong></span> 
     </span>
     <span class='ocr_line' id='line_1_116' title="bbox 1418 2273 2486 2315; baseline 0.003 -12"><span class='ocrx_word' id='word_1_881' title='bbox 1418 2273 1581 2314; x_wconf 88' lang='lat' dir='ltr'><strong>exemplo,</strong></span> <span class='ocrx_word' id='word_1_882' title='bbox 1607 2273 1645 2303; x_wconf 91' lang='lat' dir='ltr'><strong>de</strong></span> <span class='ocrx_word' id='word_1_883' title='bbox 1676 2273 1766 2303; x_wconf 87' lang='lat' dir='ltr'><strong>lineis</strong></span> <span class='ocrx_word' id='word_1_884' title='bbox 1796 2280 1939 2313; x_wconf 89' lang='lat' dir='ltr'><strong>respectu</strong></span> <span class='ocrx_word' id='word_1_885' title='bbox 1965 2274 2080 2310; x_wconf 90' lang='lat' dir='ltr'><strong>centri,</strong></span> <span class='ocrx_word' id='word_1_886' title='bbox 2107 2281 2137 2305; x_wconf 92' lang='lat' dir='ltr'><strong>et</strong></span> <span class='ocrx_word' id='word_1_887' title='bbox 2161 2274 2320 2305; x_wconf 91' lang='lat' dir='ltr'><strong>coloribus</strong></span> <span class='ocrx_word' id='word_1_888' title='bbox 2343 2282 2486 2315; x_wconf 89' lang='lat' dir='ltr'><strong>respectu</strong></span> 
     </span>
     <span class='ocr_line' id='line_1_117' title="bbox 1417 2318 2486 2360; baseline 0.002 -12"><span class='ocrx_word' id='word_1_889' title='bbox 1417 2318 1510 2348; x_wconf 89' lang='lat' dir='ltr'><strong>lucis:</strong></span> <span class='ocrx_word' id='word_1_890' title='bbox 1536 2324 1566 2348; x_wconf 93' lang='lat' dir='ltr'><strong>et</strong></span> <span class='ocrx_word' id='word_1_891' title='bbox 1589 2324 1684 2358; x_wconf 86' lang='lat' dir='ltr'><strong>patet.</strong></span> <span class='ocrx_word' id='word_1_892' title='bbox 1710 2318 1857 2349; x_wconf 91' lang='lat' dir='ltr'><strong>Secundo</strong></span> <span class='ocrx_word' id='word_1_893' title='bbox 1881 2318 1993 2355; x_wconf 86' lang='lat' dir='ltr'><strong>maior,</strong></span> <span class='ocrx_word' id='word_1_894' title='bbox 2018 2318 2071 2349; x_wconf 88' lang='lat' dir='ltr'><strong>sic.</strong></span> <span class='ocrx_word' id='word_1_895' title='bbox 2097 2318 2262 2360; x_wconf 90' lang='lat' dir='ltr'><strong>Quidquid</strong></span> <span class='ocrx_word' id='word_1_896' title='bbox 2286 2319 2486 2359; x_wconf 89' lang='lat' dir='ltr'><strong>perfectionis</strong></span> 
     </span>
     <span class='ocr_line' id='line_1_118' title="bbox 1418 2362 2486 2399; baseline 0.002 -6"><span class='ocrx_word' id='word_1_897' title='bbox 1418 2369 1465 2393; x_wconf 91' lang='lat' dir='ltr'><strong>est</strong></span> <span class='ocrx_word' id='word_1_898' title='bbox 1487 2362 1520 2392; x_wconf 90' lang='lat' dir='ltr'><strong>in</strong></span> <span class='ocrx_word' id='word_1_899' title='bbox 1544 2362 1646 2399; x_wconf 91' lang='lat' dir='ltr'><strong>rebus,</strong></span> <span class='ocrx_word' id='word_1_900' title='bbox 1672 2362 1851 2394; x_wconf 90' lang='lat' dir='ltr'><strong>continetur</strong></span> <span class='ocrx_word' id='word_1_901' title='bbox 1874 2362 1906 2393; x_wconf 92' lang='lat' dir='ltr'><strong>in</strong></span> <span class='ocrx_word' id='word_1_902' title='bbox 1926 2363 1995 2393; x_wconf 92' lang='lat' dir='ltr'><strong>Deo</strong></span> <span class='ocrx_word' id='word_1_903' title='bbox 2012 2363 2201 2394; x_wconf 88' lang='lat' dir='ltr'><strong>eminenter:</strong></span> <span class='ocrx_word' id='word_1_904' title='bbox 2227 2364 2281 2394; x_wconf 91' lang='lat' dir='ltr'><strong>sed</strong></span> <span class='ocrx_word' id='word_1_905' title='bbox 2297 2373 2363 2394; x_wconf 92' lang='lat' dir='ltr'><strong>non</strong></span> <span class='ocrx_word' id='word_1_906' title='bbox 2380 2365 2486 2395; x_wconf 90' lang='lat' dir='ltr'><strong>solum</strong></span> 
     </span>
     <span class='ocr_line' id='line_1_119' title="bbox 1417 2406 2483 2448; baseline 0.002 -11"><span class='ocrx_word' id='word_1_907' title='bbox 1417 2407 1450 2437; x_wconf 90' lang='lat' dir='ltr'><strong>id</strong></span> <span class='ocrx_word' id='word_1_908' title='bbox 1466 2406 1499 2437; x_wconf 91' lang='lat' dir='ltr'><strong>in</strong></span> <span class='ocrx_word' id='word_1_909' title='bbox 1515 2416 1581 2447; x_wconf 92' lang='lat' dir='ltr'><strong>quo</strong></span> <span class='ocrx_word' id='word_1_910' title='bbox 1599 2407 1847 2443; x_wconf 87' lang='lat' dir='ltr'><strong>communicant,</strong></span> <span class='ocrx_word' id='word_1_911' title='bbox 1864 2407 1918 2437; x_wconf 90' lang='lat' dir='ltr'><strong>sed</strong></span> <span class='ocrx_word' id='word_1_912' title='bbox 1935 2407 2139 2448; x_wconf 90' lang='lat' dir='ltr'><strong>distinguens,</strong></span> <span class='ocrx_word' id='word_1_913' title='bbox 2158 2415 2204 2438; x_wconf 88' lang='lat' dir='ltr'><strong>est</strong></span> <span class='ocrx_word' id='word_1_914' title='bbox 2218 2407 2383 2448; x_wconf 85' lang='lat' dir='ltr'><strong>perfectio:</strong></span> <span class='ocrx_word' id='word_1_915' title='bbox 2409 2418 2483 2448; x_wconf 89' lang='lat' dir='ltr'><strong>ergo</strong></span> 
     </span>
     <span class='ocr_line' id='line_1_120' title="bbox 1417 2451 2485 2483; baseline 0.001 -1"><span class='ocrx_word' id='word_1_916' title='bbox 1417 2458 1523 2482; x_wconf 91' lang='lat' dir='ltr'><strong>totum</strong></span> <span class='ocrx_word' id='word_1_917' title='bbox 1540 2458 1587 2482; x_wconf 92' lang='lat' dir='ltr'><strong>est</strong></span> <span class='ocrx_word' id='word_1_918' title='bbox 1609 2451 1642 2482; x_wconf 91' lang='lat' dir='ltr'><strong>in</strong></span> <span class='ocrx_word' id='word_1_919' title='bbox 1666 2458 1696 2482; x_wconf 90' lang='lat' dir='ltr'><strong>et</strong></span> <span class='ocrx_word' id='word_1_920' title='bbox 1720 2462 1737 2481; x_wconf 93' lang='lat' dir='ltr'><strong>a</strong></span> <span class='ocrx_word' id='word_1_921' title='bbox 1759 2452 1840 2482; x_wconf 91' lang='lat' dir='ltr'><strong>Deo.</strong></span> <span class='ocrx_word' id='word_1_922' title='bbox 1865 2451 1952 2482; x_wconf 89' lang='lat' dir='ltr'><strong>Haec</strong></span> <span class='ocrx_word' id='word_1_923' title='bbox 1976 2451 2089 2482; x_wconf 89' lang='lat' dir='ltr'><strong>ultima</strong></span> <span class='ocrx_word' id='word_1_924' title='bbox 2111 2452 2218 2482; x_wconf 90' lang='lat' dir='ltr'><strong>minor</strong></span> <span class='ocrx_word' id='word_1_925' title='bbox 2241 2452 2415 2483; x_wconf 88' lang='lat' dir='ltr'><strong>declaratur</strong></span> <span class='ocrx_word' id='word_1_926' title='bbox 2437 2453 2485 2483; x_wconf 90' lang='lat' dir='ltr'><strong>in—</strong></span> 
     </span>
     <span class='ocr_line' id='line_1_121' title="bbox 1418 2495 2485 2536; baseline 0.001 -10"><span class='ocrx_word' id='word_1_927' title='bbox 1418 2495 1543 2526; x_wconf 89' lang='lat' dir='ltr'><strong>ductive</strong></span> <span class='ocrx_word' id='word_1_928' title='bbox 1567 2496 1600 2526; x_wconf 92' lang='lat' dir='ltr'><strong>in</strong></span> <span class='ocrx_word' id='word_1_929' title='bbox 1623 2495 1812 2532; x_wconf 89' lang='lat' dir='ltr'><strong>viventibus,</strong></span> <span class='ocrx_word' id='word_1_930' title='bbox 1829 2496 1862 2525; x_wconf 92' lang='lat' dir='ltr'><strong>in</strong></span> <span class='ocrx_word' id='word_1_931' title='bbox 1882 2496 2156 2536; x_wconf 85' lang='lat' dir='ltr'><strong>cognoscentibus,</strong></span> <span class='ocrx_word' id='word_1_932' title='bbox 2173 2496 2206 2526; x_wconf 91' lang='lat' dir='ltr'><strong>in</strong></span> <span class='ocrx_word' id='word_1_933' title='bbox 2223 2497 2358 2536; x_wconf 91' lang='lat' dir='ltr'><strong>propriis</strong></span> <span class='ocrx_word' id='word_1_934' title='bbox 2375 2497 2485 2527; x_wconf 88' lang='lat' dir='ltr'><strong>formis</strong></span> 
     </span>
     <span class='ocr_line' id='line_1_122' title="bbox 1416 2550 1532 2571; baseline 0.009 -1"><span class='ocrx_word' id='word_1_935' title='bbox 1416 2550 1532 2571; x_wconf 88' lang='lat' dir='ltr'><strong>rerum.</strong></span> 
     </span>
    </p>

    <p class='ocr_par' dir='ltr' id='par_1_29' title="bbox 1415 2578 2485 2935">
     <span class='ocr_line' id='line_1_123' title="bbox 1478 2578 2484 2625; baseline 0.002 -11"><span class='ocrx_word' id='word_1_936' title='bbox 1478 2585 1584 2615; x_wconf 85' lang='lat' dir='ltr'><strong>Tertio</strong></span> <span class='ocrx_word' id='word_1_937' title='bbox 1608 2583 1734 2615; x_wconf 88' lang='lat' dir='ltr'><strong>affertur</strong></span> <span class='ocrx_word' id='word_1_938' title='bbox 1757 2584 2037 2624; x_wconf 85' lang='lat' dir='ltr'><strong>proportionatum</strong></span> <span class='ocrx_word' id='word_1_939' title='bbox 2061 2585 2244 2625; x_wconf 86' lang='lat' dir='ltr'><strong>exemplum</strong></span> <span class='ocrx_word' id='word_1_940' title='bbox 2267 2585 2307 2615; x_wconf 91' lang='lat' dir='ltr'><strong>ad</strong></span> <span class='ocrx_word' id='word_1_941' title='bbox 2326 2578 2484 2616; x_wconf 72' lang='lat' dir='ltr'><strong>declaran-</strong></span> 
     </span>
     <span class='ocr_line' id='line_1_124' title="bbox 1417 2628 2485 2669; baseline 0.002 -11"><span class='ocrx_word' id='word_1_942' title='bbox 1417 2629 1496 2659; x_wconf 91' lang='lat' dir='ltr'><strong>dum</strong></span> <span class='ocrx_word' id='word_1_943' title='bbox 1519 2628 1698 2659; x_wconf 85' lang='lat' dir='ltr'><strong>intentum:</strong></span> <span class='ocrx_word' id='word_1_944' title='bbox 1723 2635 1754 2659; x_wconf 90' lang='lat' dir='ltr'><strong>et</strong></span> <span class='ocrx_word' id='word_1_945' title='bbox 1777 2635 1832 2665; x_wconf 89' lang='lat' dir='ltr'><strong>est,</strong></span> <span class='ocrx_word' id='word_1_946' title='bbox 1857 2629 1948 2669; x_wconf 93' lang='lat' dir='ltr'><strong>quod</strong></span> <span class='ocrx_word' id='word_1_947' title='bbox 1970 2629 2058 2659; x_wconf 92' lang='lat' dir='ltr'><strong>Deus</strong></span> <span class='ocrx_word' id='word_1_948' title='bbox 2082 2639 2114 2659; x_wconf 93' lang='lat' dir='ltr'><strong>se</strong></span> <span class='ocrx_word' id='word_1_949' title='bbox 2137 2629 2231 2660; x_wconf 88' lang='lat' dir='ltr'><strong>habet</strong></span> <span class='ocrx_word' id='word_1_950' title='bbox 2255 2629 2294 2659; x_wconf 91' lang='lat' dir='ltr'><strong>ad</strong></span> <span class='ocrx_word' id='word_1_951' title='bbox 2317 2629 2386 2666; x_wconf 88' lang='lat' dir='ltr'><strong>alia,</strong></span> <span class='ocrx_word' id='word_1_952' title='bbox 2404 2630 2485 2661; x_wconf 91' lang='lat' dir='ltr'><strong>sicut</strong></span> 
     </span>
     <span class='ocr_line' id='line_1_125' title="bbox 1416 2672 2483 2713; baseline 0.001 -10"><span class='ocrx_word' id='word_1_953' title='bbox 1416 2680 1504 2704; x_wconf 91' lang='lat' dir='ltr'><strong>actus</strong></span> <span class='ocrx_word' id='word_1_954' title='bbox 1528 2672 1685 2713; x_wconf 89' lang='lat' dir='ltr'><strong>perfectus</strong></span> <span class='ocrx_word' id='word_1_955' title='bbox 1709 2673 1748 2703; x_wconf 90' lang='lat' dir='ltr'><strong>ad</strong></span> <span class='ocrx_word' id='word_1_956' title='bbox 1771 2672 1983 2713; x_wconf 86' lang='lat' dir='ltr'><strong>imperfectos,</strong></span> <span class='ocrx_word' id='word_1_957' title='bbox 2005 2680 2041 2704; x_wconf 94' lang='lat' dir='ltr'><strong>ut</strong></span> <span class='ocrx_word' id='word_1_958' title='bbox 2056 2673 2157 2703; x_wconf 92' lang='lat' dir='ltr'><strong>homo</strong></span> <span class='ocrx_word' id='word_1_959' title='bbox 2174 2674 2214 2703; x_wconf 89' lang='lat' dir='ltr'><strong>ad</strong></span> <span class='ocrx_word' id='word_1_960' title='bbox 2229 2673 2356 2704; x_wconf 89' lang='lat' dir='ltr'><strong>animal.</strong></span> <span class='ocrx_word' id='word_1_961' title='bbox 2374 2692 2394 2696; x_wconf 87' lang='lat'>—</span> <span class='ocrx_word' id='word_1_962' title='bbox 2408 2674 2483 2704; x_wconf 89' lang='lat' dir='ltr'><strong>Pro-</strong></span> 
     </span>
     <span class='ocr_line' id='line_1_126' title="bbox 1415 2717 2484 2758; baseline 0 -10"><span class='ocrx_word' id='word_1_963' title='bbox 1415 2718 1508 2748; x_wconf 89' lang='lat' dir='ltr'><strong>batur</strong></span> <span class='ocrx_word' id='word_1_964' title='bbox 1524 2717 1631 2758; x_wconf 86' lang='lat' dir='ltr'><strong>quoad</strong></span> <span class='ocrx_word' id='word_1_965' title='bbox 1649 2726 1733 2747; x_wconf 88' lang='lat' dir='ltr'><strong>esse:</strong></span> <span class='ocrx_word' id='word_1_966' title='bbox 1759 2717 1834 2758; x_wconf 92' lang='lat' dir='ltr'><strong>quia</strong></span> <span class='ocrx_word' id='word_1_967' title='bbox 1853 2717 1986 2748; x_wconf 90' lang='lat' dir='ltr'><strong>essentia</strong></span> <span class='ocrx_word' id='word_1_968' title='bbox 2009 2717 2069 2748; x_wconf 89' lang='lat' dir='ltr'><strong>Dei</strong></span> <span class='ocrx_word' id='word_1_969' title='bbox 2093 2718 2234 2748; x_wconf 90' lang='lat' dir='ltr'><strong>continet</strong></span> <span class='ocrx_word' id='word_1_970' title='bbox 2250 2728 2362 2748; x_wconf 90' lang='lat' dir='ltr'><strong>omnes</strong></span> <span class='ocrx_word' id='word_1_971' title='bbox 2378 2728 2484 2749; x_wconf 89' lang='lat' dir='ltr'><strong>rerum</strong></span> 
     </span>
     <span class='ocr_line' id='line_1_127' title="bbox 1416 2761 2481 2803; baseline 0 -11"><span class='ocrx_word' id='word_1_972' title='bbox 1416 2761 1624 2802; x_wconf 87' lang='lat' dir='ltr'><strong>perfectiones</strong></span> <span class='ocrx_word' id='word_1_973' title='bbox 1649 2761 1841 2792; x_wconf 88' lang='lat' dir='ltr'><strong>excellenter.</strong></span> <span class='ocrx_word' id='word_1_974' title='bbox 1866 2761 1989 2792; x_wconf 91' lang='lat' dir='ltr'><strong>Deinde</strong></span> <span class='ocrx_word' id='word_1_975' title='bbox 2013 2762 2166 2802; x_wconf 90' lang='lat' dir='ltr'><strong>probatur</strong></span> <span class='ocrx_word' id='word_1_976' title='bbox 2188 2763 2296 2803; x_wconf 86' lang='lat' dir='ltr'><strong>quoad</strong></span> <span class='ocrx_word' id='word_1_977' title='bbox 2317 2763 2481 2803; x_wconf 89' lang='lat' dir='ltr'><strong>cognosci:</strong></span> 
     </span>
     <span class='ocr_line' id='line_1_128' title="bbox 1415 2805 2482 2847; baseline 0.001 -11"><span class='ocrx_word' id='word_1_978' title='bbox 1415 2806 1491 2847; x_wconf 90' lang='lat' dir='ltr'><strong>quia</strong></span> <span class='ocrx_word' id='word_1_979' title='bbox 1514 2806 1650 2846; x_wconf 89' lang='lat' dir='ltr'><strong>perfecte</strong></span> <span class='ocrx_word' id='word_1_980' title='bbox 1675 2805 1802 2845; x_wconf 89' lang='lat' dir='ltr'><strong>cognito</strong></span> <span class='ocrx_word' id='word_1_981' title='bbox 1834 2812 1906 2836; x_wconf 91' lang='lat' dir='ltr'><strong>actu</strong></span> <span class='ocrx_word' id='word_1_982' title='bbox 1934 2806 2095 2846; x_wconf 91' lang='lat' dir='ltr'><strong>perfecto,</strong></span> <span class='ocrx_word' id='word_1_983' title='bbox 2128 2813 2365 2847; x_wconf 88' lang='lat' dir='ltr'><strong>cognoscuntur</strong></span> <span class='ocrx_word' id='word_1_984' title='bbox 2387 2807 2420 2837; x_wconf 91' lang='lat' dir='ltr'><strong>in</strong></span> <span class='ocrx_word' id='word_1_985' title='bbox 2444 2817 2482 2837; x_wconf 93' lang='lat' dir='ltr'><strong>eo</strong></span> 
     </span>
     <span class='ocr_line' id='line_1_129' title="bbox 1416 2850 2481 2891; baseline 0.001 -11"><span class='ocrx_word' id='word_1_986' title='bbox 1416 2861 1528 2881; x_wconf 89' lang='lat' dir='ltr'><strong>omnes</strong></span> <span class='ocrx_word' id='word_1_987' title='bbox 1551 2850 1742 2890; x_wconf 86' lang='lat' dir='ltr'><strong>imperfecti,</strong></span> <span class='ocrx_word' id='word_1_988' title='bbox 1767 2857 1798 2880; x_wconf 94' lang='lat' dir='ltr'><strong>et</strong></span> <span class='ocrx_word' id='word_1_989' title='bbox 1820 2851 1928 2891; x_wconf 89' lang='lat' dir='ltr'><strong>quoad</strong></span> <span class='ocrx_word' id='word_1_990' title='bbox 1952 2850 2137 2881; x_wconf 89' lang='lat' dir='ltr'><strong>communia</strong></span> <span class='ocrx_word' id='word_1_991' title='bbox 2160 2858 2191 2882; x_wconf 92' lang='lat' dir='ltr'><strong>et</strong></span> <span class='ocrx_word' id='word_1_992' title='bbox 2213 2852 2322 2891; x_wconf 87' lang='lat' dir='ltr'><strong>quoad</strong></span> <span class='ocrx_word' id='word_1_993' title='bbox 2345 2851 2481 2891; x_wconf 90' lang='lat' dir='ltr'><strong>propria,</strong></span> 
     </span>
     <span class='ocr_line' id='line_1_130' title="bbox 1415 2894 1958 2935; baseline 0 -9"><span class='ocrx_word' id='word_1_994' title='bbox 1415 2902 1451 2926; x_wconf 91' lang='lat' dir='ltr'><strong>ut</strong></span> <span class='ocrx_word' id='word_1_995' title='bbox 1474 2901 1560 2935; x_wconf 90' lang='lat' dir='ltr'><strong>patet</strong></span> <span class='ocrx_word' id='word_1_996' title='bbox 1582 2894 1615 2925; x_wconf 91' lang='lat' dir='ltr'><strong>in</strong></span> <span class='ocrx_word' id='word_1_997' title='bbox 1638 2894 1785 2934; x_wconf 83' lang='lat' dir='ltr'><strong>exemplo</strong></span> <span class='ocrx_word' id='word_1_998' title='bbox 1809 2895 1958 2926; x_wconf 87' lang='lat' dir='ltr'><strong>adducto.</strong></span> 
     </span>
    </p>

    <p class='ocr_par' dir='ltr' id='par_1_30' title="bbox 1414 2938 2483 3468">
     <span class='ocr_line' id='line_1_131' title="bbox 1472 2938 2481 2979; baseline -0.001 -9"><span class='ocrx_word' id='word_1_999' title='bbox 1472 2939 1555 2970; x_wconf 90' lang='lat' dir='ltr'><strong>VIII.</strong></span> <span class='ocrx_word' id='word_1_1000' title='bbox 1579 2939 1716 2969; x_wconf 85' lang='lat' dir='ltr'><strong>Adverte</strong></span> <span class='ocrx_word' id='word_1_1001' title='bbox 1740 2938 1808 2975; x_wconf 91' lang='lat' dir='ltr'><strong>hic,</strong></span> <span class='ocrx_word' id='word_1_1002' title='bbox 1834 2939 1924 2979; x_wconf 91' lang='lat' dir='ltr'><strong>quod</strong></span> <span class='ocrx_word' id='word_1_1003' title='bbox 1948 2939 2082 2970; x_wconf 86' lang='lat' dir='ltr'><strong>essentia</strong></span> <span class='ocrx_word' id='word_1_1004' title='bbox 2104 2939 2164 2970; x_wconf 89' lang='lat' dir='ltr'><strong>Dei</strong></span> <span class='ocrx_word' id='word_1_1005' title='bbox 2187 2939 2281 2969; x_wconf 90' lang='lat' dir='ltr'><strong>habet</strong></span> <span class='ocrx_word' id='word_1_1006' title='bbox 2304 2939 2382 2969; x_wconf 90' lang='lat' dir='ltr'><strong>duas</strong></span> <span class='ocrx_word' id='word_1_1007' title='bbox 2406 2949 2481 2970; x_wconf 90' lang='lat' dir='ltr'><strong>con-</strong></span> 
     </span>
     <span class='ocr_line' id='line_1_132' title="bbox 1415 2983 2482 3024; baseline 0 -10"><span class='ocrx_word' id='word_1_1008' title='bbox 1415 2983 1551 3014; x_wconf 91' lang='lat' dir='ltr'><strong>ditiones</strong></span> <span class='ocrx_word' id='word_1_1009' title='bbox 1574 2983 1607 3013; x_wconf 91' lang='lat' dir='ltr'><strong>in</strong></span> <span class='ocrx_word' id='word_1_1010' title='bbox 1632 2983 1826 3014; x_wconf 89' lang='lat' dir='ltr'><strong>continentia</strong></span> <span class='ocrx_word' id='word_1_1011' title='bbox 1849 2983 1996 3014; x_wconf 86' lang='lat' dir='ltr'><strong>aliorum.</strong></span> <span class='ocrx_word' id='word_1_1012' title='bbox 2022 2984 2093 3014; x_wconf 92' lang='lat' dir='ltr'><strong>Una</strong></span> <span class='ocrx_word' id='word_1_1013' title='bbox 2117 2990 2163 3014; x_wconf 90' lang='lat' dir='ltr'><strong>est</strong></span> <span class='ocrx_word' id='word_1_1014' title='bbox 2187 2983 2387 3021; x_wconf 86' lang='lat' dir='ltr'><strong>excellentia,</strong></span> <span class='ocrx_word' id='word_1_1015' title='bbox 2407 2983 2482 3024; x_wconf 91' lang='lat' dir='ltr'><strong>quia</strong></span> 
     </span>
     <span class='ocr_line' id='line_1_133' title="bbox 1415 3027 2483 3068; baseline -0.002 -9"><span class='ocrx_word' id='word_1_1016' title='bbox 1415 3028 1531 3059; x_wconf 87' lang='lat' dir='ltr'><strong>scilicet</strong></span> <span class='ocrx_word' id='word_1_1017' title='bbox 1551 3034 1597 3058; x_wconf 91' lang='lat' dir='ltr'><strong>est</strong></span> <span class='ocrx_word' id='word_1_1018' title='bbox 1618 3027 1651 3057; x_wconf 91' lang='lat' dir='ltr'><strong>in</strong></span> <span class='ocrx_word' id='word_1_1019' title='bbox 1667 3027 1829 3058; x_wconf 89' lang='lat' dir='ltr'><strong>infinitum</strong></span> <span class='ocrx_word' id='word_1_1020' title='bbox 1851 3027 2020 3068; x_wconf 83' lang='lat' dir='ltr'><strong>perfectior</strong></span> <span class='ocrx_word' id='word_1_1021' title='bbox 2043 3028 2166 3059; x_wconf 92' lang='lat' dir='ltr'><strong>ceteris:</strong></span> <span class='ocrx_word' id='word_1_1022' title='bbox 2193 3035 2223 3058; x_wconf 92' lang='lat' dir='ltr'><strong>et</strong></span> <span class='ocrx_word' id='word_1_1023' title='bbox 2241 3027 2286 3058; x_wconf 90' lang='lat' dir='ltr'><strong>sic</strong></span> <span class='ocrx_word' id='word_1_1024' title='bbox 2309 3027 2483 3058; x_wconf 90' lang='lat' dir='ltr'><strong>eminenter</strong></span> 
     </span>
     <span class='ocr_line' id='line_1_134' title="bbox 1415 3072 2481 3113; baseline -0.001 -10"><span class='ocrx_word' id='word_1_1025' title='bbox 1415 3083 1463 3104; x_wconf 91' lang='lat' dir='ltr'><strong>res</strong></span> <span class='ocrx_word' id='word_1_1026' title='bbox 1487 3072 1636 3103; x_wconf 90' lang='lat' dir='ltr'><strong>continet.</strong></span> <span class='ocrx_word' id='word_1_1027' title='bbox 1666 3072 1788 3108; x_wconf 88' lang='lat' dir='ltr'><strong>Altera,</strong></span> <span class='ocrx_word' id='word_1_1028' title='bbox 1814 3073 2069 3112; x_wconf 79' lang='lat' dir='ltr'><strong>comprehensio,</strong></span> <span class='ocrx_word' id='word_1_1029' title='bbox 2095 3072 2170 3113; x_wconf 88' lang='lat' dir='ltr'><strong>quia</strong></span> <span class='ocrx_word' id='word_1_1030' title='bbox 2193 3072 2309 3102; x_wconf 91' lang='lat' dir='ltr'><strong>scilicet</strong></span> <span class='ocrx_word' id='word_1_1031' title='bbox 2338 3082 2481 3112; x_wconf 91' lang='lat' dir='ltr'><strong>compre-</strong></span> 
     </span>
     <span class='ocr_line' id='line_1_135' title="bbox 1414 3116 2482 3156; baseline -0.002 -8"><span class='ocrx_word' id='word_1_1032' title='bbox 1414 3117 1524 3148; x_wconf 92' lang='lat' dir='ltr'><strong>hendit</strong></span> <span class='ocrx_word' id='word_1_1033' title='bbox 1538 3117 1572 3146; x_wconf 92' lang='lat' dir='ltr'><strong>in</strong></span> <span class='ocrx_word' id='word_1_1034' title='bbox 1587 3116 1689 3156; x_wconf 89' lang='lat' dir='ltr'><strong>seipsa</strong></span> <span class='ocrx_word' id='word_1_1035' title='bbox 1704 3126 1836 3146; x_wconf 89' lang='lat' dir='ltr'><strong>omnem</strong></span> <span class='ocrx_word' id='word_1_1036' title='bbox 1852 3116 2080 3156; x_wconf 88' lang='lat' dir='ltr'><strong>perfectionem</strong></span> <span class='ocrx_word' id='word_1_1037' title='bbox 2097 3116 2267 3156; x_wconf 89' lang='lat' dir='ltr'><strong>positivam</strong></span> <span class='ocrx_word' id='word_1_1038' title='bbox 2283 3116 2482 3156; x_wconf 89' lang='lat' dir='ltr'><strong>reperibilem</strong></span> 
     </span>
     <span class='ocr_line' id='line_1_136' title="bbox 1414 3160 2480 3202; baseline -0.002 -10"><span class='ocrx_word' id='word_1_1039' title='bbox 1414 3162 1448 3193; x_wconf 92' lang='lat' dir='ltr'><strong>in</strong></span> <span class='ocrx_word' id='word_1_1040' title='bbox 1464 3170 1667 3202; x_wconf 89' lang='lat' dir='ltr'><strong>quacumque</strong></span> <span class='ocrx_word' id='word_1_1041' title='bbox 1690 3169 1736 3197; x_wconf 89' lang='lat' dir='ltr'><strong>re;</strong></span> <span class='ocrx_word' id='word_1_1042' title='bbox 1761 3161 1804 3191; x_wconf 86' lang='lat' dir='ltr'><strong>ita</strong></span> <span class='ocrx_word' id='word_1_1043' title='bbox 1826 3161 1916 3202; x_wconf 93' lang='lat' dir='ltr'><strong>quod</strong></span> <span class='ocrx_word' id='word_1_1044' title='bbox 1939 3161 2025 3191; x_wconf 86' lang='lat' dir='ltr'><strong>nulla</strong></span> <span class='ocrx_word' id='word_1_1045' title='bbox 2042 3171 2099 3198; x_wconf 90' lang='lat' dir='ltr'><strong>res,</strong></span> <span class='ocrx_word' id='word_1_1046' title='bbox 2117 3167 2299 3201; x_wconf 88' lang='lat' dir='ltr'><strong>comparata</strong></span> <span class='ocrx_word' id='word_1_1047' title='bbox 2314 3161 2354 3190; x_wconf 89' lang='lat' dir='ltr'><strong>ad</strong></span> <span class='ocrx_word' id='word_1_1048' title='bbox 2367 3160 2480 3200; x_wconf 90' lang='lat' dir='ltr'><strong>ipsam,</strong></span> 
     </span>
     <span class='ocr_line' id='line_1_137' title="bbox 1415 3204 2481 3246; baseline -0.002 -10"><span class='ocrx_word' id='word_1_1049' title='bbox 1415 3206 1502 3236; x_wconf 86' lang='lat' dir='ltr'><strong>addit</strong></span> <span class='ocrx_word' id='word_1_1050' title='bbox 1525 3204 1645 3245; x_wconf 92' lang='lat' dir='ltr'><strong>aliquid</strong></span> <span class='ocrx_word' id='word_1_1051' title='bbox 1668 3204 1844 3245; x_wconf 88' lang='lat' dir='ltr'><strong>positivum</strong></span> <span class='ocrx_word' id='word_1_1052' title='bbox 1867 3205 1956 3246; x_wconf 92' lang='lat' dir='ltr'><strong>quod</strong></span> <span class='ocrx_word' id='word_1_1053' title='bbox 1979 3215 2046 3235; x_wconf 90' lang='lat' dir='ltr'><strong>non</strong></span> <span class='ocrx_word' id='word_1_1054' title='bbox 2070 3205 2267 3235; x_wconf 90' lang='lat' dir='ltr'><strong>contineatur</strong></span> <span class='ocrx_word' id='word_1_1055' title='bbox 2290 3204 2323 3234; x_wconf 90' lang='lat' dir='ltr'><strong>in</strong></span> <span class='ocrx_word' id='word_1_1056' title='bbox 2348 3205 2481 3235; x_wconf 89' lang='lat' dir='ltr'><strong>essentia</strong></span> 
     </span>
     <span class='ocr_line' id='line_1_138' title="bbox 1415 3248 2481 3290; baseline -0.002 -9"><span class='ocrx_word' id='word_1_1057' title='bbox 1415 3250 1490 3287; x_wconf 86' lang='lat' dir='ltr'><strong>Dei;</strong></span> <span class='ocrx_word' id='word_1_1058' title='bbox 1516 3256 1546 3280; x_wconf 91' lang='lat' dir='ltr'><strong>et</strong></span> <span class='ocrx_word' id='word_1_1059' title='bbox 1564 3249 1626 3280; x_wconf 88' lang='lat' dir='ltr'><strong>hoc</strong></span> <span class='ocrx_word' id='word_1_1060' title='bbox 1645 3249 1720 3289; x_wconf 92' lang='lat' dir='ltr'><strong>quia</strong></span> <span class='ocrx_word' id='word_1_1061' title='bbox 1744 3255 1790 3280; x_wconf 91' lang='lat' dir='ltr'><strong>est</strong></span> <span class='ocrx_word' id='word_1_1062' title='bbox 1808 3249 1916 3290; x_wconf 89' lang='lat' dir='ltr'><strong>ipsum</strong></span> <span class='ocrx_word' id='word_1_1063' title='bbox 1941 3259 2016 3286; x_wconf 86' lang='lat' dir='ltr'><strong>esse,</strong></span> <span class='ocrx_word' id='word_1_1064' title='bbox 2040 3248 2234 3289; x_wconf 92' lang='lat' dir='ltr'><strong>praehabens</strong></span> <span class='ocrx_word' id='word_1_1065' title='bbox 2250 3249 2283 3279; x_wconf 91' lang='lat' dir='ltr'><strong>in</strong></span> <span class='ocrx_word' id='word_1_1066' title='bbox 2300 3259 2332 3279; x_wconf 89' lang='lat' dir='ltr'><strong>se</strong></span> <span class='ocrx_word' id='word_1_1067' title='bbox 2349 3258 2481 3279; x_wconf 91' lang='lat' dir='ltr'><strong>omnem</strong></span> 
     </span>
     <span class='ocr_line' id='line_1_139' title="bbox 1415 3292 2480 3326; baseline -0.003 0"><span class='ocrx_word' id='word_1_1068' title='bbox 1415 3294 1537 3326; x_wconf 90' lang='lat' dir='ltr'><strong>essendi</strong></span> <span class='ocrx_word' id='word_1_1069' title='bbox 1556 3293 1701 3324; x_wconf 89' lang='lat' dir='ltr'><strong>modum.</strong></span> <span class='ocrx_word' id='word_1_1070' title='bbox 1726 3294 1847 3324; x_wconf 88' lang='lat' dir='ltr'><strong>Ambas</strong></span> <span class='ocrx_word' id='word_1_1071' title='bbox 1871 3301 1978 3325; x_wconf 87' lang='lat' dir='ltr'><strong>autern</strong></span> <span class='ocrx_word' id='word_1_1072' title='bbox 2001 3293 2057 3324; x_wconf 91' lang='lat' dir='ltr'><strong>has</strong></span> <span class='ocrx_word' id='word_1_1073' title='bbox 2081 3293 2277 3324; x_wconf 90' lang='lat' dir='ltr'><strong>conditiones</strong></span> <span class='ocrx_word' id='word_1_1074' title='bbox 2297 3292 2429 3323; x_wconf 89' lang='lat' dir='ltr'><strong>inveniri</strong></span> <span class='ocrx_word' id='word_1_1075' title='bbox 2448 3293 2480 3323; x_wconf 91' lang='lat' dir='ltr'><strong>in</strong></span> 
     </span>
     <span class='ocr_line' id='line_1_140' title="bbox 1415 3337 2480 3380; baseline -0.003 -10"><span class='ocrx_word' id='word_1_1076' title='bbox 1415 3339 1520 3380; x_wconf 78' lang='lat' dir='ltr'><strong>aliqua</strong></span> <span class='ocrx_word' id='word_1_1077' title='bbox 1536 3348 1568 3368; x_wconf 92' lang='lat' dir='ltr'><strong>re</strong></span> <span class='ocrx_word' id='word_1_1078' title='bbox 1587 3345 1698 3374; x_wconf 88' lang='lat' dir='ltr'><strong>creata,</strong></span> <span class='ocrx_word' id='word_1_1079' title='bbox 1715 3348 1782 3368; x_wconf 92' lang='lat' dir='ltr'><strong>non</strong></span> <span class='ocrx_word' id='word_1_1080' title='bbox 1797 3338 1922 3369; x_wconf 90' lang='lat' dir='ltr'><strong>videtur</strong></span> <span class='ocrx_word' id='word_1_1081' title='bbox 1945 3337 2104 3378; x_wconf 89' lang='lat' dir='ltr'><strong>possibile.</strong></span> <span class='ocrx_word' id='word_1_1082' title='bbox 2126 3337 2354 3377; x_wconf 86' lang='lat' dir='ltr'><strong>Comparando</strong></span> <span class='ocrx_word' id='word_1_1083' title='bbox 2373 3343 2480 3367; x_wconf 89' lang='lat' dir='ltr'><strong>tamen</strong></span> 
     </span>
     <span class='ocr_line' id='line_1_141' title="bbox 1415 3381 2480 3422; baseline -0.003 -8"><span class='ocrx_word' id='word_1_1084' title='bbox 1415 3390 1521 3414; x_wconf 90' lang='lat' dir='ltr'><strong>actum</strong></span> <span class='ocrx_word' id='word_1_1085' title='bbox 1545 3382 1721 3422; x_wconf 86' lang='lat' dir='ltr'><strong>perfectum</strong></span> <span class='ocrx_word' id='word_1_1086' title='bbox 1736 3382 1946 3422; x_wconf 88' lang='lat' dir='ltr'><strong>posteriorem</strong></span> <span class='ocrx_word' id='word_1_1087' title='bbox 1970 3382 2080 3412; x_wconf 92' lang='lat' dir='ltr'><strong>ordine</strong></span> <span class='ocrx_word' id='word_1_1088' title='bbox 2099 3381 2319 3422; x_wconf 86' lang='lat' dir='ltr'><strong>generationis,</strong></span> <span class='ocrx_word' id='word_1_1089' title='bbox 2337 3381 2377 3411; x_wconf 92' lang='lat' dir='ltr'><strong>ad</strong></span> <span class='ocrx_word' id='word_1_1090' title='bbox 2392 3388 2480 3412; x_wconf 89' lang='lat' dir='ltr'><strong>actus</strong></span> 
     </span>
     <span class='ocr_line' id='line_1_142' title="bbox 1414 3425 2478 3468; baseline -0.003 -10"><span class='ocrx_word' id='word_1_1091' title='bbox 1414 3427 1616 3468; x_wconf 89' lang='lat' dir='ltr'><strong>imperfectos</strong></span> <span class='ocrx_word' id='word_1_1092' title='bbox 1640 3426 1760 3466; x_wconf 91' lang='lat' dir='ltr'><strong>priores</strong></span> <span class='ocrx_word' id='word_1_1093' title='bbox 1784 3427 2002 3466; x_wconf 86' lang='lat' dir='ltr'><strong>generatione,</strong></span> <span class='ocrx_word' id='word_1_1094' title='bbox 2032 3433 2067 3456; x_wconf 94' lang='lat' dir='ltr'><strong>ut</strong></span> <span class='ocrx_word' id='word_1_1095' title='bbox 2090 3426 2255 3456; x_wconf 90' lang='lat' dir='ltr'><strong>hominem</strong></span> <span class='ocrx_word' id='word_1_1096' title='bbox 2278 3425 2318 3456; x_wconf 91' lang='lat' dir='ltr'><strong>ad</strong></span> <span class='ocrx_word' id='word_1_1097' title='bbox 2342 3425 2478 3462; x_wconf 81' lang='lat' dir='ltr'><strong>animal,</strong></span> 
     </span>
    </p>
   </div>
   <div class='ocr_carea' id='block_1_21' title="bbox 1395 3468 2478 3510">
    <p class='ocr_par' dir='ltr' id='par_1_31' title="bbox 1395 3468 2478 3510">
     <span class='ocr_line' id='line_1_143' title="bbox 1395 3468 2478 3510; baseline -0.003 -8"><span class='ocrx_word' id='word_1_1098' title='bbox 1395 3472 1554 3503; x_wconf 85' lang='lat' dir='ltr'><strong>-animam</strong></span> <span class='ocrx_word' id='word_1_1099' title='bbox 1578 3471 1799 3501; x_wconf 87' lang='lat' dir='ltr'><strong>intellectivam</strong></span> <span class='ocrx_word' id='word_1_1100' title='bbox 1823 3471 1863 3501; x_wconf 88' lang='lat' dir='ltr'><strong>ad</strong></span> <span class='ocrx_word' id='word_1_1101' title='bbox 1886 3471 1979 3507; x_wconf 84' lang='lat' dir='ltr'><strong>alias,</strong></span> <span class='ocrx_word' id='word_1_1102' title='bbox 2008 3477 2211 3510; x_wconf 88' lang='lat' dir='ltr'><strong>tetragonum</strong></span> <span class='ocrx_word' id='word_1_1103' title='bbox 2234 3470 2274 3500; x_wconf 89' lang='lat' dir='ltr'><strong>ad</strong></span> <span class='ocrx_word' id='word_1_1104' title='bbox 2297 3468 2478 3510; x_wconf 88' lang='lat' dir='ltr'><strong>trigonum,</strong></span> 
     </span>
    </p>
   </div>
   <div class='ocr_carea' id='block_1_22' title="bbox 1413 3514 2480 3644">
    <p class='ocr_par' dir='ltr' id='par_1_32' title="bbox 1413 3514 2480 3644">
     <span class='ocr_line' id='line_1_144' title="bbox 1414 3514 2480 3555; baseline -0.003 -8"><span class='ocrx_word' id='word_1_1105' title='bbox 1414 3516 1573 3547; x_wconf 89' lang='lat' dir='ltr'><strong>senarium</strong></span> <span class='ocrx_word' id='word_1_1106' title='bbox 1592 3515 1631 3545; x_wconf 91' lang='lat' dir='ltr'><strong>ad</strong></span> <span class='ocrx_word' id='word_1_1107' title='bbox 1650 3515 1825 3551; x_wconf 90' lang='lat' dir='ltr'><strong>trinarium,</strong></span> <span class='ocrx_word' id='word_1_1108' title='bbox 1846 3522 1914 3551; x_wconf 68' lang='lat' dir='ltr'><strong>etc„</strong></span> <span class='ocrx_word' id='word_1_1109' title='bbox 1939 3515 2046 3555; x_wconf 86' lang='lat' dir='ltr'><strong>aliquo</strong></span> <span class='ocrx_word' id='word_1_1110' title='bbox 2071 3514 2170 3544; x_wconf 91' lang='lat' dir='ltr'><strong>modo</strong></span> <span class='ocrx_word' id='word_1_1111' title='bbox 2187 3514 2248 3544; x_wconf 90' lang='lat' dir='ltr'><strong>hoc</strong></span> <span class='ocrx_word' id='word_1_1112' title='bbox 2269 3514 2413 3545; x_wconf 88' lang='lat' dir='ltr'><strong>salvatur.</strong></span> <span class='ocrx_word' id='word_1_1113' title='bbox 2439 3514 2480 3544; x_wconf 88' lang='lat' dir='ltr'><strong>Et</strong></span> 
     </span>
     <span class='ocr_line' id='line_1_145' title="bbox 1413 3558 2479 3599; baseline -0.002 -9"><span class='ocrx_word' id='word_1_1114' title='bbox 1413 3561 1529 3591; x_wconf 89' lang='lat' dir='ltr'><strong>idcirco</strong></span> <span class='ocrx_word' id='word_1_1115' title='bbox 1546 3560 1578 3590; x_wconf 93' lang='lat' dir='ltr'><strong>in</strong></span> <span class='ocrx_word' id='word_1_1116' title='bbox 1595 3559 1696 3590; x_wconf 84' lang='lat' dir='ltr'><strong>littera</strong></span> <span class='ocrx_word' id='word_1_1117' title='bbox 1720 3559 1863 3599; x_wconf 85' lang='lat' dir='ltr'><strong>exempla</strong></span> <span class='ocrx_word' id='word_1_1118' title='bbox 1886 3559 1963 3589; x_wconf 88' lang='lat' dir='ltr'><strong>haec</strong></span> <span class='ocrx_word' id='word_1_1119' title='bbox 1987 3558 2167 3594; x_wconf 85' lang='lat' dir='ltr'><strong>afferuntur,</strong></span> <span class='ocrx_word' id='word_1_1120' title='bbox 2186 3565 2221 3589; x_wconf 94' lang='lat' dir='ltr'><strong>ut</strong></span> <span class='ocrx_word' id='word_1_1121' title='bbox 2245 3558 2360 3589; x_wconf 91' lang='lat' dir='ltr'><strong>scilicet</strong></span> <span class='ocrx_word' id='word_1_1122' title='bbox 2375 3565 2479 3588; x_wconf 91' lang='lat' dir='ltr'><strong>osten-</strong></span> 
     </span>
     <span class='ocr_line' id='line_1_146' title="bbox 1414 3602 2479 3644; baseline -0.003 -9"><span class='ocrx_word' id='word_1_1123' title='bbox 1414 3606 1505 3636; x_wconf 83' lang='lat' dir='ltr'><strong>datur</strong></span> <span class='ocrx_word' id='word_1_1124' title='bbox 1521 3611 1551 3635; x_wconf 88' lang='lat' dir='ltr'><strong>et</strong></span> <span class='ocrx_word' id='word_1_1125' title='bbox 1567 3603 1757 3640; x_wconf 86' lang='lat' dir='ltr'><strong>excellentia,</strong></span> <span class='ocrx_word' id='word_1_1126' title='bbox 1771 3610 1801 3634; x_wconf 92' lang='lat' dir='ltr'><strong>et</strong></span> <span class='ocrx_word' id='word_1_1127' title='bbox 1816 3603 2058 3644; x_wconf 91' lang='lat' dir='ltr'><strong>comprehensio</strong></span> <span class='ocrx_word' id='word_1_1128' title='bbox 2073 3602 2178 3633; x_wconf 88' lang='lat' dir='ltr'><strong>omnis</strong></span> <span class='ocrx_word' id='word_1_1129' title='bbox 2194 3602 2337 3643; x_wconf 85' lang='lat' dir='ltr'><strong>positivi:</strong></span> <span class='ocrx_word' id='word_1_1130' title='bbox 2356 3609 2479 3633; x_wconf 90' lang='lat' dir='ltr'><strong>utrum-</strong></span> 
     </span>
    </p>
   </div>
   <div class='ocr_carea' id='block_1_23' title="bbox 2302 3663 2333 3688">
    <p class='ocr_par' dir='ltr' id='par_1_33' title="bbox 2302 3663 2333 3688">
     <span class='ocr_line' id='line_1_147' title="bbox 2302 3663 2333 3688; baseline 0.032 -1"><span class='ocrx_word' id='word_1_1131' title='bbox 2302 3663 2333 3688; x_wconf 75' lang='lat'><strong>23</strong></span> 
     </span>
    </p>
   </div>
   <div class='ocr_carea' id='block_1_24' title="bbox 2540 1442 2729 1470">
    <p class='ocr_par' dir='ltr' id='par_1_34' title="bbox 2540 1442 2729 1470">
     <span class='ocr_line' id='line_1_148' title="bbox 2540 1442 2729 1470; baseline 0.005 -5"><span class='ocrx_word' id='word_1_1132' title='bbox 2540 1442 2576 1465; x_wconf 82' lang='lat' dir='ltr'><strong>cf.</strong></span> <span class='ocrx_word' id='word_1_1133' title='bbox 2588 1449 2652 1465; x_wconf 91' lang='lat' dir='ltr'><strong>num.</strong></span> <span class='ocrx_word' id='word_1_1134' title='bbox 2662 1450 2686 1470; x_wconf 85' lang='lat'><strong>11,</strong></span> <span class='ocrx_word' id='word_1_1135' title='bbox 2694 1450 2729 1466; x_wconf 78' lang='grc' dir='ltr'><strong>ιιι.</strong></span> 
     </span>
    </p>
   </div>
   <div class='ocr_carea' id='block_1_25' title="bbox 2539 1840 2699 1862">
    <p class='ocr_par' dir='ltr' id='par_1_35' title="bbox 2539 1840 2699 1862">
     <span class='ocr_line' id='line_1_149' title="bbox 2539 1840 2699 1862; baseline 0 0"><span class='ocrx_word' id='word_1_1136' title='bbox 2539 1840 2578 1862; x_wconf 85' lang='lat' dir='ltr'><strong>Cf.</strong></span> <span class='ocrx_word' id='word_1_1137' title='bbox 2593 1846 2657 1862; x_wconf 89' lang='lat' dir='ltr'><strong>num.</strong></span> <span class='ocrx_word' id='word_1_1138' title='bbox 2673 1847 2699 1862; x_wconf 87' lang='lat'><strong>11.</strong></span> 
     </span>
    </p>
   </div>
  </div>
 </body>
</html>
