2768 4178
291 257 341 303 34
1012 255 1279 302 QUAESTIO
1297 255 1360 300 ·11‚
1391 253 1689 292 ARTICULUS
1719 254 1769 291 111

290 335 491 376 permissioni
511 335 644 371 divinae,
662 345 744 375 quae
760 335 800 365 ad
815 336 1014 366 voluntatem
1038 342 1172 375 spectat;
1197 335 1270 365 ideo
1288 345 1358 374 par-

290 380 427 411 ticularis
458 386 514 411 est.
547 379 771 410 Universaliter
794 386 912 416 autem,
945 380 1206 420 distinguendum
1235 379 1359 409 videtur

289 424 486 455 antecedens.
512 423 676 461 Quoniam
691 423 880 464 oppositum
899 423 1060 455 infinitum
1077 423 1231 463 contingit
1255 423 1358 463 dupli-

290 469 374 499 citer.
405 468 479 499 Uno
503 468 618 503 modo,
640 469 903 499 communicabile
926 468 994 498 aliis
1017 468 1194 498 secundum
1225 468 1359 498 eandem

289 513 462 549 rationem,
493 512 575 543 sicut
602 512 627 542 si
650 512 731 552 ignis
755 519 836 543 esset
858 512 980 543 infinite
1004 512 1137 543 calidus:
1164 512 1249 542 calor
1272 512 1359 542 enim

290 564 336 587 est
359 556 633 587 communicabilis
657 556 724 587 aliis
749 557 926 588 secundum
950 557 1083 587 eandem
1107 556 1273 592 rationem,
1294 566 1359 597 qua

290 608 335 632 est
358 601 391 631 in
414 601 496 641 igne.
526 601 600 631 Alio
623 601 738 637 modo,
764 601 1061 632 incommunicabile
1090 600 1156 631 aliis
1181 601 1358 631 secundum

290 645 423 676 eandem
446 645 620 682 rationem,
649 645 796 686 quamvis
819 646 859 676 sit
881 645 1094 685 participabile
1117 655 1173 685 per
1196 645 1358 685 quandam

290 689 481 729 analogiam:
507 689 588 720 sicut
612 699 679 720 esse
702 689 761 720 Dei
786 697 832 720 est
855 689 1025 725 infinitum,
1050 699 1116 720 non
1139 696 1246 720 tamen
1271 699 1357 720 com-

289 733 479 764 municabile
495 733 563 764 aliis
580 734 758 765 secundum
782 735 915 764 eandem
938 734 1093 765 rationem
1109 732 1266 775 (alioquin
1282 744 1357 774 pos-

289 785 358 808 sent
381 788 447 808 esse
471 778 577 818 plures
601 776 668 820 dii),
686 778 831 819 quamvis
855 779 894 809 sit
918 778 1131 819 participabile
1151 778 1189 808 ab
1207 778 1358 809 omnibus

289 822 362 862 plus
387 828 417 852 et
441 822 558 853 minus.

344 866 425 897 Dico
449 867 544 906 igitur
559 867 658 907 quod,
676 867 701 897 si
718 877 821 897 unum
839 867 1073 907 oppositorum,
1091 867 1357 898 communicabile

290 911 467 942 secundum
491 911 624 941 eandem
648 911 812 947 rationem,
838 918 884 942 est
906 910 1081 947 infinitum,
1106 911 1266 952 reliquum
1290 922 1356 942 non

290 955 347 986 erit
369 965 427 985 nec
451 955 484 985 in
508 955 622 985 eodem
653 955 867 995 susceptibili,
902 966 960 986 nec
992 956 1025 985 in
1052 956 1114 986 alio
1138 966 1355 997 quocumque.

289 1000 322 1031 Si
345 1006 453 1030 autern
472 1009 575 1030 unum
598 999 832 1040 oppositorum,
857 1000 1156 1031 incommunicabile
1180 1001 1358 1031 secundum

290 1044 423 1074 eandem
440 1043 604 1079 rationem,
622 1044 836 1084 participabile
851 1051 967 1080 tamen,
984 1052 1029 1075 est
1048 1044 1218 1080 infinitum,
1236 1045 1358 1085 optime

289 1088 432 1129 sequitur
454 1089 543 1128 quod
567 1088 728 1128 reliquum
751 1088 924 1120 formaliter
947 1089 1092 1119 excludet
1115 1099 1133 1118 a
1148 1098 1196 1119 se:
1220 1090 1275 1120 sed
1291 1100 1358 1120 non

289 1132 440 1173 sequitur,
457 1142 537 1173 ergo
553 1133 711 1173 reliquum
732 1132 875 1173 effective
894 1133 1043 1164 excludet
1061 1143 1081 1164 a
1097 1134 1245 1174 quolibe't,
1263 1135 1358 1165 etiam

289 1178 315 1207 si
334 1183 472 1217 ponatur
494 1177 675 1208 naturaliter
698 1187 798 1217 agere.
823 1177 863 1208 Et
886 1178 966 1208 ratio
990 1185 1050 1214 est,
1076 1178 1151 1218 quia
1169 1188 1265 1218 agens
1288 1178 1358 1209 infi-

289 1221 402 1257 nitum,
427 1220 513 1252 finite
537 1221 768 1261 participatum,
795 1232 861 1252 non
884 1222 1022 1253 excludit
1052 1233 1069 1252 a
1100 1222 1358 1263 participantibus

288 1266 425 1296 totaliter
440 1276 536 1296 suum
555 1266 758 1306 oppositum:
784 1267 838 1297 sed
855 1267 1042 1307 oppositum
1058 1266 1219 1298 infinitum
1235 1267 1358 1298 incom-

289 1310 493 1346 municabile,
518 1320 573 1341 seu
598 1311 721 1341 bonurn
749 1310 919 1347 infinitum,
937 1318 983 1342 est
1005 1311 1211 1342 huiusmodi:
1237 1322 1322 1353 ergo.
1339 1331 1357 1336 -

289 1354 391 1385 Maior
407 1361 492 1394 patet
506 1362 543 1385 ex
557 1355 752 1386 inductione.
778 1355 810 1386 Si
826 1355 911 1386 enim
928 1356 977 1386 sol
994 1363 1074 1387 esset
1089 1355 1210 1387 infinite
1227 1357 1357 1393 calidus,

290 1406 320 1429 et
343 1399 428 1429 calor
451 1409 516 1430 non
541 1406 621 1430 esset
650 1400 925 1431 communicabilis
955 1400 1156 1432 inferioribus
1180 1402 1358 1432 secundum

289 1444 423 1474 eandem
446 1444 612 1480 rationem,
637 1445 692 1474 sed
715 1445 893 1475 secundum
916 1445 1079 1485 quandam
1101 1446 1271 1486 analogam
1286 1446 1357 1476 irni-

1415 332 1568 364 tationem
1591 340 1737 371 tanturn;
1762 335 1820 371 sol,
1846 335 2039 376 inquantum
2063 335 2192 373 calidus,
2218 344 2299 368 esset
2327 337 2492 368 infinitum

1414 387 1519 417 agens,
1544 377 1631 409 finite
1650 385 1757 410 tamen
1776 380 2019 420 participatum,
2045 380 2121 421 quia
2136 390 2203 411 non
2222 382 2402 412 secundum
2417 392 2490 413 ean·

1413 422 1488 452 dem
1511 422 1678 454 rationem.
1704 426 1751 454 Ac
1774 434 1831 464 per
1845 424 1918 461 hoc,
1934 434 2000 455 non
2024 425 2215 465 produceret
2237 425 2270 456 in
2294 425 2404 467 aliquo
2428 427 2490 458 nisi

1413 466 1525 496 caloris
1539 466 1663 498 finitam
1686 468 1976 509 participationem:
2002 476 2033 500 et
2057 476 2288 511 consequenter
2302 479 2370 501 non
2385 471 2490 502 exclu-

1414 511 1500 542 deret
1523 521 1620 542 omne
1644 511 1742 553 frigus
1766 523 1784 543 a
1807 513 2068 554 participantibus
2091 514 2216 554 ipsum,
2241 514 2317 555 quia
2340 524 2415 546 curn
2439 525 2489 547 ca-

1412 555 1480 586 lore
1503 555 1590 587 finite
1613 556 1770 597 impresso
1794 564 1855 589 stat
1877 558 1992 599 aliquis
2022 559 2139 599 gradus
2163 558 2332 599 frigofim-
2345 559 2436 591 Patet
2458 567 2490 591 et

1413 600 1544 631 ratione.
1563 601 1647 639 Quia
1663 608 1942 643 quantaecumque
1955 602 2079 634 virtutis
2096 603 2136 634 sit
2151 613 2256 644 agens,
2268 612 2334 633 non
2351 604 2490 635 excludit

1413 644 1552 676 effective
1576 645 1773 686 oppositum,
1799 647 1859 677 nisi
1878 647 2071 688 inquantum
2094 654 2142 678 est
2163 647 2425 688 incompossibile
2444 648 2488 679 ef-

1412 689 1518 720 fectui.
1551 690 1613 720 Sed
1641 690 1790 721 existente
1820 698 1931 731 agente
1954 690 2080 722 infinito
2111 692 2144 722 in
2173 702 2206 723 se
2219 716 2227 729 ,
2261 691 2349 723 finite
2379 699 2488 724 autem

1412 734 1599 774 participato
1613 758 1620 771 ‚
1655 734 1802 766 effectum
1834 746 1901 766 non
1934 743 2061 777 oportet
2093 746 2160 767 esse
2190 737 2300 767 incom
2324 737 2488 768 ossibilem

1413 778 1541 809 cuilibet
1563 779 1674 819 gradui
1701 779 1858 820 oppositi:
1890 780 1966 821 quia
1994 780 2122 811 effectus
2151 780 2238 812 finite
2269 781 2310 812 ha
2333 788 2364 812 et
2392 781 2487 813 ratio-

1412 832 1488 853 nem
1511 823 1607 853 unius
1630 823 1782 864 oppositi.
1812 824 1897 865 Ergo
1921 834 2016 865 agens
2038 824 2220 862 infinitum,
2249 825 2338 857 finite
2360 833 2487 857 tantum

1412 867 1654 907 participatum,
1690 878 1756 898 non
1792 868 1875 899 tollit
1907 868 2047 900 effective
2079 868 2218 901 totaliter
2250 880 2347 901 suum
2381 880 2487 911 oppo-

1413 918 1521 942 situm.

1467 956 1509 986 Et
1527 962 1694 995 propterea
1717 956 1805 987 Deus
1828 957 1997 996 gloriosus,
2019 958 2076 1000 qui
2099 966 2146 990 est
2169 958 2331 990 infinitum
2351 960 2486 996 bonum,

1413 1000 1508 1031 etiam
1523 1000 1549 1030 si
1565 999 1747 1031 naturaliter
1761 1007 1875 1041 ageret,
1889 1001 1956 1032 no'n
1970 1002 2095 1034 tolleret
2110 1013 2207 1034 omne
2222 1003 2346 1034 malum
2361 1004 2400 1034 ab
2417 1003 2487 1034 uni-

1411 1054 1514 1075 verso.
1532 1044 1697 1082 Quoniam
1713 1043 1802 1075 finite
1821 1051 1947 1076 tantum
1966 1047 2171 1088 participatur
2187 1058 2205 1078 a
2217 1057 2440 1089 quocumque:
2457 1055 2488 1078 et

1413 1099 1449 1119 ex
1473 1089 1614 1120 bonitate
1637 1099 1695 1119 sua
1711 1089 1852 1129 prodiret
1874 1089 2062 1121 universitas
2086 1091 2268 1123 bonitatum
2292 1092 2487 1124 constituen-

1412 1134 1494 1164 tium
1509 1133 1626 1174 gradus
1641 1133 1783 1164 diversos
1796 1133 1829 1164 in
1841 1134 2001 1171 universo,
2011 1145 2048 1166 ex
2063 1145 2206 1176 quorum
2221 1136 2342 1168 naturis
2358 1146 2487 1168 necesse

1413 1185 1460 1209 est
1483 1178 1559 1208 oriri
1583 1178 1722 1214 malum;
1754 1178 1834 1209 sicut
1862 1188 1898 1209 ex
1927 1185 2039 1210 natura
2061 1179 2131 1220 lupi
2163 1190 2251 1211 mors
2274 1180 2366 1221 agni,
2396 1188 2427 1212 et
2449 1191 2488 1212 ex

1412 1229 1525 1254 natura
1541 1223 1774 1254 elementorum
1794 1223 1956 1264 corruptio
1980 1223 2165 1261 mixtorum,
2185 1230 2244 1256 etc.
2269 1225 2310 1256 Et
2324 1225 2408 1262 ideo,
2425 1226 2487 1256 ele-

1411 1267 1518 1298 vando
1542 1267 1698 1298 rationem
1721 1267 1754 1298 in
1777 1267 1880 1298 littera
1903 1267 2104 1308 assignatam,
2125 1269 2239 1300 merito
2263 1276 2397 1310 negatur
2409 1279 2487 1301 con-

1413 1312 1593 1353 sequentia:
1619 1312 1694 1353 quia
1717 1321 1754 1342 ex
1777 1311 1899 1343 infinita
1930 1312 2071 1344 bonitate
2095 1313 2154 1344 Dei
2182 1313 2284 1345 oritur
2312 1313 2396 1344 mala
2419 1323 2487 1345 esse

1413 1355 1558 1399 (propter
1581 1357 1706 1387 bonum
1729 1363 1837 1387 tamen
1861 1355 2036 1399 universi);
2062 1365 2092 1388 et
2115 1368 2182 1388 non
2202 1357 2304 1389 oritur
2319 1358 2403 1389 mala
2418 1367 2487 1389 non

1412 1411 1489 1432 esse.
1515 1401 1557 1431 Et
1570 1401 1615 1432 sic
1629 1401 1670 1431 ad
1692 1400 1850 1432 infinitam
1873 1401 1932 1432 Dei
1956 1402 2132 1433 bonitatem
2156 1409 2286 1443 spectat,
2310 1403 2401 1444 quod
2419 1412 2488 1434 ma-

1411 1446 1481 1476 lum
1505 1445 1545 1476 sit
1567 1445 1599 1475 in
1623 1445 1784 1476 effectibus
1808 1445 1884 1482 suis,
1909 1456 1976 1476 non
1999 1446 2031 1476 in
2055 1446 2171 1487 seipso.
