2768 4178
33 3069 46 3083 '
58 3069 127 3092 Vm.
141 3075 179 3092 πο.

26 3172 175 3210 &Va-2319.

941 266 1209 314 QUAESTlo
1238 265 1397 313 xxvu,
1427 266 1723 304 ARTicuLUs
1752 268 1766 303 1

2382 269 2455 305 305

757 511 1169 588 QUAESTIO
1207 511 1979 567 VIGESIMASEPTIMA

595 638 685 678 DE
727 637 1202 679 PROCESSIONE
1245 637 1634 679 DIVINARUM
1675 638 2142 680 PERSONARUM

1069 754 1103 779 IN
1133 754 1293 785 QUINQUE
1321 754 1522 780 ARTICULOS
1550 755 1666 780 DlVlSA

355 860 590 888 onsmERATls
618 856 746 886 autem
775 848 833 885 his
853 860 951 898 quae
972 848 1021 885 ad
1041 847 1194 886 divinae
1215 860 1338 885 essen-

275 861 426 944 Ctiae
460 903 645 940 unitatem
673 902 882 952 pertinent,
913 909 1026 938 restat
1055 901 1296 938 considerare
1321 908 1339 923 ‘²

274 958 322 996 de
350 957 408 995 his
437 969 537 1006 quae
565 955 753 1005 pertinent
777 955 826 992 ad
845 954 1050 992 trinitatem
1079 955 1338 992 Personarum

272 1010 313 1048 in
333 1009 470 1048 divinis
489 1009 520 1046 ²⁸⁸.
550 1010 599 1046 Et
619 1009 709 1057 quia
733 1009 927 1046 Personae
948 1007 1100 1054 divinae
1125 1008 1337 1045 secundum

273 1063 476 1101 relationes
505 1062 659 1111 originis
684 1062 976 1110 distinguuntur,
1001 1061 1214 1098 secundum
1240 1061 1339 1098 ordi-

273 1128 364 1154 nem
394 1116 588 1154 doctrinae
607 1115 717 1164 prius
737 1115 1058 1152 considerandum
1079 1112 1097 1142 Ρ
1123 1121 1179 1150 est
1198 1114 1244 1151 de
1266 1113 1340 1151 ori-

273 1169 372 1219 gine,
401 1169 482 1207 sive
512 1169 559 1206 de
582 1168 849 1218 processione:
875 1167 1058 1213 secunde,
1085 1166 1131 1203 de
1152 1166 1340 1203 relationi-

274 1223 346 1260 bus
375 1222 529 1271 originis
547 1222 584 1268 *3
613 1221 736 1269 tertio,
767 1222 815 1260 de
843 1220 1022 1258 Personis
1041 1219 1093 1256 ⁸¹⁸*.

274 1276 385 1327 Circa
412 1275 702 1327 processionem
731 1281 964 1324 quaeruntur
991 1272 1173 1322 quinque.

1447 849 1596 886 Primo:
1625 857 1754 887 utrum
1782 850 1976 899 processio
2006 850 2051 887 sit
2078 850 2116 887 in
2146 851 2305 888 divinis..

1449 903 1645 939 Secundo:
1675 910 1802 939 utrum
1828 902 1952 952 aliqua
1970 904 2162 953 processio
2183 904 2220 941 in
2241 904 2376 941 divinis
2396 917 2458 953 ge-

1501 955 1644 992 neratio
1675 955 1747 992 dici
1774 956 1906 1005 possit.

1444 1008 1598 1045 Tertio:
1618 1015 1747 1045 utrum
1766 1016 1918 1057 praeter
1936 1009 2220 1057 generationem
2242 1010 2368 1059 aliqua
2387 1011 2458 1048 alia

1500 1061 1694 1110 processio
1723 1061 1842 1111 possit
1871 1074 1952 1099 esse
1981 1063 2018 1100 in
2048 1063 2194 1100 divinis.

1449 1114 1616 1161 Quarto:
1645 1122 1773 1151 utrum
1807 1115 1869 1152 illa
1904 1116 1975 1152 alia
2008 1116 2202 1166 processio
2239 1116 2359 1165 possit
2387 1117 2457 1154 dici

1501 1167 1705 1214 generatio.
2037 1206 2052 1219 ⁸

1449 1220 1614 1266 Quinto:
1644 1228 1769 1257 utrum
1805 1220 1843 1258 in
1872 1221 2008 1259 divinis
2043 1221 2115 1259 sint
2148 1223 2274 1270 plures
2307 1235 2457 1272 proces-

1501 1272 1627 1310 siones
1656 1286 1772 1322 quam
1802 1275 1899 1311 duae
1919 1279 1945 1311 ⁷.

1089 1388 1408 1432 ARTICULUS
1439 1389 1646 1432 PRIMUS

988 1492 1146 1524 UTRUM
1170 1491 1406 1522 PRocssssao
1430 1491 1497 1522 sn·
1521 1491 1564 1522 IN
1589 1491 1745 1523 D1V1N1s

814 1581 824 1605 Ι
844 1581 927 1609 Sent„
947 1580 1005 1605 dist.
1019 1587 1074 1611 xm,
1093 1584 1142 1604 art.
1159 1587 1185 1610 1;
1204 1579 1239 1604 1v
1260 1579 1338 1604 Cont.
1353 1580 1439 1608 Gent„
1460 1587 1515 1612 cap.
1527 1587 1566 1610 ¹13
1587 1579 1628 1605 De
1645 1578 1713 1609 Poe„
1732 1588 1776 1613 qu.
1791 1589 1814 1611 x,
1834 1586 1881 1606 art.
1901 1589 1923 1606 1.

311 1691 319 1713 »f
362 1693 367 1703 ι
411 1696 462 1719 ,χι
486 1685 509 1709 D
538 1683 675 1709 PRIMUM
704 1682 757 1708 su:
786 1681 1024 1708 moerorum.
1055 1668 1214 1706 Videtur
1235 1667 1340 1717 quod

302 1718 355 1782 ”“ῂτ’
404 1703 461 1787 {531}
487 1726 526 1762 in
553 1726 638 1762 Deo
662 1737 741 1762 non
760 1724 879 1773 possit
898 1735 981 1760 esse
1001 1720 1015 1743 ὅ
1043 1721 1169 1772 aliqua
1188 1734 1341 1771 proces-

294 1775 412 1825 ,sxa
428 1772 555 1824 sio.
594 1778 794 1815 Processio
829 1777 931 1814 enim
966 1775 1152 1824 significat
1189 1782 1339 1812 motum

331 1809 427 1861 43⁷²>
443 1825 475 1867 Χ
488 1833 536 1870 ad
566 1839 680 1869 extra.
715 1829 793 1868 Sed
820 1831 859 1868 in
888 1830 1024 1868 divinis
1053 1829 1144 1866 nihil
1173 1836 1229 1865 est
1256 1840 1339 1866 mo-

270 1886 359 1934 bile,
387 1897 514 1933 neque
543 1892 778 1922 extraneum.
809 1885 911 1932 Ergo
941 1895 1067 1931 neque
1094 1882 1302 1931 processio.

326 1950 362 1977 2.
392 1939 635 1985 PRAETEREA,
665 1949 780 1975 omne
818 1937 1032 1986 procedens
1061 1944 1118 1973 est
1144 1935 1340 1973 diversum

271 1993 319 2030 ab
349 2005 396 2029 eo
416 2004 439 2029 a
458 2004 536 2041 quo
555 1991 738 2041 procedit.
768 1990 846 2028 Sed
865 1990 903 2027 in
923 1991 1008 2027 Deo
1028 2002 1107 2027 non
1128 1997 1183 2026 est
1215 1989 1340 2037 aliqua

272 2045 484 2092 diversitas,
515 2045 582 2083 sed
611 2056 765 2082 summa
793 2043 1024 2093 simplicitas.
1054 2044 1157 2091 Ergo
1186 2042 1224 2080 in
1253 2043 1340 2079 Deo

271 2112 351 2138 non
380 2106 436 2136 est
463 2098 657 2148 processio
687 2098 814 2146 aliqua
839 2105 862 2134 ε.

328 2154 363 2190 3.
392 2153 635 2198 PRAETEREA,
664 2151 875 2200 procedere
909 2150 957 2187 ab
995 2149 1068 2187 alio
1096 2149 1248 2187 videtur
1282 2161 1340 2185 ra-

271 2206 366 2244 tioni
393 2205 507 2255 primi
526 2204 696 2254 principii
716 2215 939 2254 repugnare.
971 2204 1048 2241 Sed
1068 2204 1174 2240 Deus
1194 2210 1250 2239 est
1268 2202 1342 2251 pri-

273 2270 382 2297 mum
408 2258 649 2309 principium,
669 2265 711 2294 ut
734 2269 849 2307 supra
867 2257 888 2279 *
916 2263 1111 2293 ostensum
1141 2264 1207 2293 est.
1238 2257 1341 2304 Ergo

271 2313 311 2351 in
337 2314 423 2351 Deo
452 2311 646 2362 processio
675 2312 804 2349 locum
833 2323 911 2347 non
939 2310 1066 2346 habet.

327 2366 402 2404 SED
422 2377 569 2403 CONTRA
587 2376 653 2402 EST
667 2364 773 2414 quod
789 2363 878 2401 dicit
892 2363 1095 2410 Dominus,
1113 2364 1217 2400 Ioan.
1229 2374 1289 2399 vm
1304 2361 1341 2398 *ε

271 2421 359 2471 Ego
387 2431 438 2456 ex
464 2420 557 2456 Deo·
570 2418 750 2468 processi.

326 2474 553 2510 Responnso
581 2483 765 2509 DICENDUM
785 2470 891 2519 quod
911 2469 1040 2507 divina
1065 2468 1273 2517 Scriptura,
1303 2468 1342 2505 in

275 2526 390 2564 rebus
418 2525 566 2571 divinis,
596 2524 815 2562 nominibus
839 2523 888 2560 ad
915 2523 1202 2572 processionem
1232 2521 1343 2571 perti-

274 2579 453 2617 nentibus
481 2579 608 2615 utitur.
643 2578 754 2614 Hanc
791 2584 920 2614 autem
941 2575 955 2602 ς
973 2575 1261 2625 processionem
1291 2576 1344 2613 di-

271 2632 375 2670 versi
404 2630 663 2669 diversimode
693 2637 934 2678 acceperunt.
965 2629 1134 2676 Quidam
1156 2629 1342 2670 enimiac-

274 2692 458 2735 ceperunt
471 2685 572 2722 hanc
589 2683 878 2733 processionem
898 2684 1111 2720 secundum
1131 2682 1237 2732 quod
1253 2682 1343 2719 effe-

274 2747 356 2776 ctus
375 2738 548 2789 procedit
567 2750 590 2774 a
610 2749 735 2774 causa.
766 2737 815 2773 Et
835 2736 890 2772 sic
908 2736 1052 2785 accepit
1070 2736 1196 2783 Arius,
1213 2736 1342 2773 dicens

276 2792 415 2830 Filium
456 2791 667 2840 procedere
706 2802 728 2827 a
764 2787 878 2826 Patre
919 2789 1014 2826 sicut
1053 2789 1219 2838 primam
1264 2789 1342 2826 eius

274 2853 508 2891 creaturam,
544 2852 581 2881 et
619 2843 801 2892 Spiritum
827 2848 844 2867 η
872 2843 1055 2880 Sanctum
1083 2844 1292 2892 procedere
1321 2855 1343 2879 a

273 2900 385 2937 Patre
405 2906 441 2936 et
461 2897 555 2935 Filio
585 2897 681 2935 sicut
709 2903 921 2933 creaturam
945 2896 1153 2944 utriusque.
1174 2917 1198 2924 -
1218 2896 1268 2932 Et
1286 2908 1343 2932 se-

274 2952 443 2989 cundum
462 2951 548 2998 hoc,
570 2962 696 2999 neque
716 2949 834 2986 Filius
853 2961 978 2998 neque
1000 2950 1160 2999 Spiritus
1181 2949 1342 2986 Sanctus

275 3013 375 3043 esset
401 3017 517 3042 verus
545 3005 664 3041 Deus.
695 3002 813 3050 Quod
842 3010 898 3039 est
926 3011 1058 3040 contra
1086 3003 1124 3040 id
1154 3002 1260 3051 quod
1289 3002 1343 3039 di-

275 3058 370 3096 citur
389 3058 437 3095 de
457 3057 566 3104 Filio,
588 3058 602 3093 Ι
624 3058 727 3094 Ioan.
748 3055 860 3093 ult.*:
892 3062 932 3093 ut
947 3057 1064 3094 simus
1083 3057 1120 3093 in
1136 3068 1226 3093 vero
1245 3056 1342 3092 Filio

274 3111 373 3157 eius,
410 3111 472 3148 hic
498 3116 553 3148 est
577 3122 689 3147 verus
723 3110 838 3146 Deus.
877 3110 927 3146 Et
955 3109 1003 3146 de
1033 3109 1172 3158 Spiritu
1202 3110 1342 3146 Sancto

276 3164 423 3211 dicitur,
449 3165 462 3200 Ι
489 3164 576 3201 Cor.
597 3163 684 3200 vl*:
712 3163 874 3200 Nescitis
902 3163 990 3211 quia
1018 3163 1190 3199 membra
1217 3168 1342 3199 vestra

275 3217 452 3266 templum
486 3222 573 3253 sunt
599 3217 757 3264 Spiritus
785 3215 944 3252 Sancti?
970 3216 1181 3265 Templum
1216 3223 1343 3252 autern

276 3271 418 3308 habere
447 3269 564 3306 solius
591 3269 665 3306 Dei
694 3277 759 3306 est.

330 3403 357 3436 α)
376 3402 555 3428 considerare.
571 3414 592 3421 —
608 3401 788 3427 consideratio
807 3401 908 3426 codices
928 3405 953 3425 et
971 3401 1010 3425 ed.
1033 3408 1059 3426 a.

331 3438 357 3471 β)
372 3438 452 3470 prius
470 3437 704 3462 considerandum.
715 3437 836 3469 —primo
849 3436 1073 3461 considerandum
1093 3435 1158 3460 BDF
1161 3435 1194 3460 G.
1206 3449 1226 3455 -
1237 3435 1271 3460 de
1285 3440 1344 3460 ante

272 3474 443 3508 processione
461 3472 584 3497 omittunt
602 3472 712 3497 codices.

329 3510 356 3544 γ)
377 3509 478 3539 Qm'nto
528 3507 605 3532 duae.
618 3520 639 3527 -
654 3507 761 3537 Quinto,
781 3510 871 3532 utrum
890 3507 944 3533 sint
964 3510 1068 3532 tantum
1082 3507 1152 3532 duae
1160 3506 1344 3539 processiones

278 3545 475 3581 (generationes
493 3543 571 3575 ACE)
592 3542 618 3567 in
638 3542 736 3567 dim'm's
755 3543 865 3568 codices.

330 3579 355 3613 ὃ)
371 3579 459 3612 possit
476 3585 541 3604 esse.
557 3591 578 3598 —
595 3577 631 3603 sit
649 3578 760 3602 codices.

332 3616 355 3649 ε)
374 3615 474 3648 aliqua.
491 3626 512 3634 -
529 3614 591 3639 Om.
611 3613 713 3638 codices
732 3617 759 3638 et
775 3613 824 3638 ab.

420 3669 530 3692 Sumus
548 3667 650 3692 Tnsor..
668 3666 699 3690 D.
714 3665 829 3690 Tnonm
847 3665 879 3690 T.
898 3666 916 3690 Ι.

1448 1667 1521 1704 Alii
1540 1680 1635 1705 vero
1655 1669 1754 1705 hanc
1773 1669 2061 1717 processionem
2082 1679 2308 1719 acceperunt
2327 1684 2460 1709 secun-

1395 1721 1488 1758 dum
1518 1722 1622 1770 quod
1652 1734 1764 1758 causa
1794 1722 1928 1759 dicitur
1957 1724 2167 1771 procedere
2195 1724 2232 1760 in
2262 1725 2459 1774 effectum,

1394 1775 1620 1822 inquantum
1649 1776 1711 1811 vel
1740 1784 1872 1812 movet
1899 1776 2045 1824 ipsum,
2079 1778 2140 1814 vel
2175 1777 2458 1815 similitudinem

1395 1840 1505 1865 suam
1533 1828 1605 1877 ipsi
1632 1828 1826 1877 imprimit.
1857 1830 1906 1866 Et
1933 1829 1986 1866 sic
2014 1830 2159 1879 accepit
2179 1831 2374 1878 Sabellius,
2405 1833 2458 1869 di-

1395 1894 1484 1918 cens
1503 1881 1630 1930 ipsum
1649 1883 1778 1919 Deum
1798 1883 1950 1919 Patrem
1978 1883 2115 1920 Filium
2135 1883 2219 1931 dici,
2249 1886 2460 1922 secundum

1395 1935 1500 1984 quod
1528 1947 1683 1972 carnem
1716 1936 1918 1984 assumpsit
1949 1948 1994 1972 ex
2021 1936 2186 1984 Virgine.
2217 1938 2266 1974 Et
2293 1940 2459 1976 eundem

1395 1989 1484 2026 dicit
1512 1988 1692 2037 Spiritum
1723 1989 1918 2035 Sanctum,
1948 1990 2160 2026 secundum
2189 1992 2293 2038 quod
2317 1999 2460 2029 creatu-

1395 2054 1478 2079 ram
1507 2042 1730 2079 rationalem
1758 2042 1977 2089 sanctificat,
2008 2049 2044 2079 et
2067 2043 2114 2080 ad
2133 2043 2251 2080 vitam
2269 2053 2413 2082 movet.
2433 2066 2458 2073 -

1396 2095 1496 2133 Huic
1523 2103 1653 2132 autem
1682 2095 1891 2144 acceptioni
1919 2104 2130 2144 repugnant
2156 2098 2276 2134 verba
2303 2098 2460 2134 Domini

1397 2149 1444 2186 de
1474 2161 1514 2185 se
1543 2148 1711 2195 dicentis,
1742 2150 1846 2185 Ioan.
1863 2161 1886 2185 v
1904 2148 1939 2185 *ε
1971 2161 2044 2186 non
2069 2155 2190 2197 potest
2203 2151 2342 2198 facere
2369 2163 2393 2188 a
2420 2163 2461 2188 se

1394 2202 1514 2239 Filius
1533 2202 1757 2250 quidquam;
1786 2209 1822 2238 et
1853 2202 1972 2238 multa
1999 2202 2082 2248 alia,
2111 2215 2180 2251 per
2208 2215 2306 2251 quae
2335 2212 2459 2241 osten-

1397 2255 1495 2292 ditur
1522 2255 1628 2303 quod
1656 2266 1734 2291 non
1763 2262 1819 2291 est
1846 2254 1925 2303 ipse
1954 2256 2066 2291 Pater
2092 2255 2157 2303 qui
2185 2256 2312 2293 Filius.

1451 2308 1491 2345 Si
1520 2308 1603 2358 quis
1641 2315 1770 2344 autem
1804 2307 2001 2355 diligenter
2039 2309 2271 2356 consideret,
2302 2317 2459 2359 uterque

1396 2361 1543 2410 accepit
1569 2361 1855 2409 processionem
1874 2361 2087 2399 secundum
2115 2363 2220 2411 quod
2249 2371 2305 2400 est
2328 2365 2376 2400 ad
2396 2363 2460 2400 ali-

1397 2415 1490 2464 quid
1520 2422 1642 2451 extra:
1670 2414 1773 2451 unde
1801 2422 1935 2451 neuter
1961 2415 2088 2463 posuit
2115 2416 2401 2464 processionem
2421 2417 2459 2453 in

1396 2469 1480 2517 ipso
1508 2469 1605 2505 Deo.
1637 2468 1731 2514 Sed,
1762 2480 1849 2504 cum
1879 2468 2003 2504 omnis
2031 2468 2224 2516 processio
2253 2469 2299 2505 sit
2326 2482 2459 2506 secun-

1398 2522 1490 2559 dum
1524 2521 1688 2570 aliquam
1723 2520 1932 2567 actionem,
1967 2521 2062 2557 sicut
2094 2522 2306 2559 secundum
2345 2523 2460 2559 actio-

1397 2587 1487 2612 nem
1522 2586 1620 2623 quae
1658 2574 1775 2611 tendit
1807 2574 1844 2610 in
1882 2574 2108 2611 exteriorem
2146 2575 2366 2623 materiam,
2403 2584 2460 2613 est

1397 2629 1520 2677 aliqua
1557 2626 1750 2676 processio
1784 2627 1833 2664 ad
1868 2634 1990 2673 extra;
2019 2627 2069 2664 ita
2097 2628 2309 2664 secundum
2343 2629 2457 2666 actio-

1396 2694 1485 2718 nem
1516 2693 1614 2730 quae
1643 2688 1773 2716 manet
1800 2679 1839 2716 in
1866 2680 1949 2728 ipso
1975 2688 2121 2728 agente,
2151 2681 2353 2718 attenditur
2370 2695 2459 2731 pro—

1397 2734 1517 2771 cessio
1546 2733 1737 2782 quaedam
1766 2733 1814 2769 ad
1842 2733 1949 2770 intra.
1980 2734 2029 2770 Et
2056 2734 2131 2770 hoc
2162 2734 2328 2771 maxime
2355 2743 2459 2783 patet

1397 2789 1437 2825 in
1455 2788 1656 2833 intellectu,
1679 2786 1784 2822 cuius
1805 2785 1914 2833 actio,
1936 2786 2077 2823 scilicet
2094 2786 2310 2835 intelligere,
2330 2796 2459 2826 manet

1397 2841 1436 2878 in
1471 2840 1710 2888 intelligente.
1746 2839 1988 2888 Quicumque
2023 2840 2123 2877 enim
2143 2837 2156 2860 θ
2187 2840 2374 2888 intelligit,
2412 2854 2457 2878 ex

1396 2896 1472 2932 hoc
1499 2894 1582 2943 ipso
1618 2892 1722 2941 quod
1750 2892 1937 2940 intelligit,
1966 2893 2164 2941 procedit¹
2192 2893 2332 2942 aliquid
2361 2894 2458 2931 intra

1397 2948 1535 2996 ipsum,
1566 2946 1669 2994 quod
1700 2953 1756 2982 est
1783 2946 1982 2994 conceptio
2010 2946 2063 2983 rei
2090 2946 2314 2993 intellectae,
2345 2959 2390 2983 ex
2417 2948 2456 2984 vi

1396 2999 1622 3038 intellectiva
1652 2999 1905 3048 proveniens,
1935 3006 1972 3035 et
1989 3005 2002 3019 ¹
2031 3012 2076 3036 ex
2106 2999 2184 3036 eius
2212 3000 2342 3036 notitia
2368 3013 2457 3049 pro-

1398 3054 1549 3091 cedens.
1580 3053 1708 3099 Quam
1737 3051 1894 3101 quidem
1923 3053 2212 3101 conceptionem
2241 3065 2317 3089 vox
2345 3053 2456 3101 signi-

1398 3108 1502 3144 ficat:
1526 3114 1560 3143 et
1580 3105 1714 3152 dicitur
1730 3106 1888 3142 verbum
1907 3105 2041 3152 cordis,
2062 3105 2314 3153 significatum
2333 3107 2454 3144 verbo

1397 3160 1516 3198 vocis.

1452 3214 1552 3250 Cum
1581 3219 1708 3248 autem
1728 3212 1834 3247 Deus
1862 3211 1908 3247 sit
1935 3223 2049 3260 super
2073 3211 2213 3255 omnia,
2235 3224 2280 3248 ea
2299 3223 2398 3259 quae
2418 3212 2455 3250 in

1398 3268 1483 3304 Deo
1513 3265 1698 3310 dicuntur,
1724 3276 1802 3301 non
1830 3271 1918 3301 sunt
1944 3264 2184 3312 intelligenda
2202 3262 2215 3284 λ
2243 3265 2455 3302 secundum

1451 3398 1475 3431 ζ)
1489 3397 1629 3423 dicendum
1649 3397 1750 3428 quod...
1765 3396 1857 3420 utitur.
1876 3396 1955 3420 Hanc
1968 3398 2066 3420 autem.
2078 3408 2098 3414 —
2110 3395 2249 3420 dicendum
2268 3396 2346 3428 quod,
2365 3403 2457 3422 cum...

1399 3437 1499 3463 utatur,
1519 3434 1587 3458 hanc
1605 3432 1653 3456 Fa.

1451 3470 1478 3501 η)
1497 3471 1522 3493 et
1541 3467 1682 3500 Spiritum.
1699 3480 1718 3486 -
1737 3466 1867 3499 Spiritum
1885 3468 1973 3490 autem
1993 3465 2103 3490 codices.

1451 3503 1475 3537 θ)
1495 3504 1573 3529 enim.
1590 3517 1610 3522 —
1627 3505 1716 3527 autem
1736 3501 1820 3526 PFab.

1451 3539 1470 3572 ι)
1486 3538 1618 3571 procedit.
1636 3551 1654 3556 -
1673 3538 1699 3562 in
1718 3544 1748 3562 eo
1763 3536 1887 3568 procedit
1904 3536 1978 3566 ΑΒΕ,
1999 3536 2025 3560 in
2045 3536 2103 3560 Deo
2117 3536 2241 3567 procedit
2258 3537 2288 3562 E.

1451 3575 1476 3607 κ)
1495 3581 1532 3599 ex
1546 3574 1573 3598 νὶ
1586 3572 1745 3598 intellectiva
1755 3572 1923 3604 proveniens,
1939 3574 2001 3596 et·
2010 3571 2070 3596 Om.
2083 3571 2199 3602 codicem
2212 3579 2259 3604 pro
2273 3575 2306 3602 et,
2323 3573 2363 3597 vel
2376 3573 2416 3597 ed.
2430 3579 2456 3596 a.

1450 3608 1478 3642 λ)
1497 3612 1560 3634 sunt
1578 3608 1760 3641 intelligenda.
1777 3621 1796 3628 —
1813 3610 1853 3632 est
1871 3606 2071 3639 intelligendum
2090 3607 2165 3632 BDF.

2282 3658 2315 3692 39

2487 2164 2496 2172 ‘
2511 2162 2578 2184 Vers.
2594 2169 2627 2191 ¹9·
