2768 4178
56 379 64 388 ·
80 377 117 400 Cf.
132 383 199 399 num.
214 383 239 399 11.

61 1394 71 1403 '
86 1393 122 1415 Cf.
137 1398 201 1414 num.
214 1398 245 1414 iv.

63 1618 72 1627 ⁸
88 1616 122 1639 Cf.
139 1622 203 1638 num.
214 1622 253 1638 vn.

62 2099 69 2107 ·
81 2099 115 2121 Cf.
127 2105 166 2127 qu.
176 2105 222 2125 xxv,
231 2103 273 2121 art.

63 2131 116 2152 xm,
141 2126 273 2148 Comment.

62 2158 84 2174 n.
97 2158 153 2174 xvru
168 2158 219 2180 sqq.

62 2235 72 2245 ⁸
88 2235 173 2265 Contra
183 2235 273 2258 tertiam

64 2266 134 2289 posit.

293 293 369 340 246
967 296 1234 343 QUAESTIO
1264 296 1365 342 xlx,

353 376 392 407 X.
419 374 535 413 Quoad
560 376 687 406 tertium
705 374 736 410 st,
762 376 818 406 tria
846 375 928 406 facit.
958 376 1086 413 Primo,
1112 375 1213 405 reddit
1236 384 1364 405 causam

294 430 403 451 veram
426 419 607 460 propositae
627 419 849 455 conclusionis,
867 420 973 450 dicens
989 420 1078 460 quod
1099 426 1145 450 est
1166 418 1301 449 efficacia
1318 418 1364 448 di-

298 465 389 494 vinae
412 463 594 494 voluntatis.

356 508 513 545 Secundo,
539 506 717 538 manifestat
736 507 808 543 hoc,
826 508 879 538 sic.
904 507 1040 538 Effectus
1065 506 1269 547 consequitur
1293 515 1364 536 cau-

298 562 366 582 sam
386 551 552 587 efficacem,
570 561 636 581 non
652 558 775 582 tantum
791 552 967 582 secundum
987 551 1019 581 id
1036 551 1124 592 quod
1140 550 1184 586 fit,
1200 551 1255 580 sed
1271 550 1364 580 etiarn

300 596 476 626 secundum
500 596 637 626 modum
660 595 783 626 essendi
805 596 854 626 vel
877 595 989 626 fiendi:
1014 605 1088 635 ergo
1113 604 1149 625 ea
1173 604 1254 635 quae
1278 594 1364 624 Deus

298 641 367 671 vult
385 639 461 675 fieri,
478 639 652 670 sortiuntur
668 650 685 669 a
701 640 863 670 voluntate
888 650 944 670 sua
967 649 1033 669 non
1051 639 1157 669 solum
1173 639 1262 679 quod
1278 637 1363 674 fiant,

299 684 354 715 sed
378 684 472 714 etiam
495 684 632 714 modum
647 694 713 725 quo
732 684 801 714 vult
816 684 905 724 quod
929 683 991 714 sint
1010 690 1040 714 et
1058 682 1150 713 fiant:
1171 692 1245 722 ergo
1270 692 1365 723 quae-

299 729 374 758 dam
389 729 428 758 ab
445 738 480 758 ea
496 728 614 759 habent
627 728 716 769 quod
732 727 809 758 fiant
824 727 1008 763 necessario,
1027 734 1057 758 et
1073 727 1230 767 quaedam
1247 725 1366 757 contin-

299 780 422 812 genter:
448 782 522 812 ergo
542 782 579 802 ex
597 772 659 803 hoc
675 772 867 813 quibusdam
892 771 1050 802 effectibus
1074 770 1233 810 adaptavit
1256 779 1365 800 causas

299 816 497 852 necessarias,
515 824 544 847 et
568 816 759 857 quibusdam
783 816 1010 856 contingentes
1035 816 1109 845 Non
1128 813 1266 854 imponit
1290 823 1364 853 ergo

299 861 450 891 omnibus
472 860 579 891 volitis
602 860 819 891 necessitatem
847 860 951 890 divina
973 860 1139 895 voluntas,
1164 858 1239 899 quia
1262 864 1365 888 tantae

300 904 454 935 efficaciae
469 911 524 940 est,
538 911 573 935 ut
588 903 665 935 fiant
678 914 726 934 res
744 904 837 935 etiam
850 914 915 945 quo
931 904 1030 934 modo
1045 904 1121 934 vult.
1135 920 1155 925 —-
1167 902 1365 933 Antecedens

299 948 517 979 manifestatur
531 948 564 978 in
578 948 680 979 littera
698 949 730 978 in
746 948 947 988 generatione
961 947 1027 983 filii,
1052 947 1160 988 quoad
1184 945 1364 976 similitudi-

299 1003 375 1024 nem
398 992 617 1023 accidentium.
643 992 748 1022 Prima
763 1002 838 1022 vero
858 992 1083 1032 consequentia
1100 991 1269 1031 probatur:
1290 990 1365 1031 quia

298 1037 445 1067 voluntas
469 1036 527 1066 Dei
544 1043 590 1067 est
610 1036 823 1066 efficacissima
843 1046 945 1067 causa.
971 1036 1116 1066 Secunda
1139 1042 1265 1066 autem:
1290 1034 1366 1075 quia

299 1082 386 1112 Deus
401 1081 470 1111 vult
493 1080 741 1120 contingentiam
756 1087 787 1111 et
802 1080 1028 1111 necessitatem.
1050 1080 1147 1117 Quod
1163 1080 1314 1120 probatur
1329 1088 1366 1109 ex

299 1135 392 1156 causa
415 1124 502 1154 finali
525 1124 662 1164 propria,
685 1124 801 1155 scilicet
817 1134 853 1154 ex
877 1124 1069 1164 perfectione
1086 1123 1234 1154 universi.
1258 1123 1365 1154 Tertia

299 1176 407 1199 autem
434 1167 668 1198 manifestatur:
693 1168 769 1208 quia
792 1168 1006 1208 contingentia
1029 1168 1233 1209 praeexigunt
1257 1177 1365 1199 causas

299 1212 524 1252 contingentes,
546 1219 576 1243 et
598 1212 771 1243 necessaria
794 1212 990 1249 necessarias,
1009 1219 1043 1243 ut
1066 1212 1226 1253 proximas
1242 1219 1273 1243 et
1289 1222 1365 1243 con-

299 1257 417 1287 formes
437 1256 495 1287 sibi
511 1265 636 1292 causas;
661 1256 749 1287 aliter
768 1256 853 1287 enim
876 1266 942 1287 non
967 1263 1070 1287 essent
1089 1257 1198 1287 omnia
1214 1257 1366 1297 disposita

299 1301 443 1332 suaviter.
475 1300 595 1332 Ultima
619 1307 725 1331 autem
749 1307 834 1341 patet
857 1301 895 1331 de
918 1301 1024 1342 primo
1048 1301 1087 1331 ad
1111 1301 1271 1333 ultimum.

363 1346 480 1382 Tertio,
506 1354 542 1375 ex
565 1345 826 1376 determinatione
849 1345 913 1375 iam
938 1345 1028 1382 facta,
1045 1345 1124 1376 redit
1143 1346 1182 1376 ad
1202 1345 1367 1386 reprehen-

299 1389 440 1420 dendum
456 1388 691 1429 praerecitatam
707 1389 896 1429 opinionem
909 1389 935 1426 *,
956 1390 1063 1420 dicens
1087 1390 1175 1431 quod
1193 1397 1239 1421 est
1260 1397 1366 1420 totum

299 1433 487 1474 oppositum
511 1433 578 1464 eius
601 1434 691 1474 quod
713 1433 767 1463 illa
790 1433 916 1464 dixerat.
942 1434 1106 1472 Quoniam
1123 1444 1159 1465 ex
1178 1434 1240 1465 hoc
1264 1433 1365 1475 sequi-

299 1485 350 1509 tur
366 1478 455 1518 quod
478 1477 550 1508 ideo
574 1478 661 1508 Deus
678 1477 779 1509 voluit
802 1488 910 1509 causas
931 1478 1157 1519 contingentes,
1173 1478 1248 1519 quia
1263 1478 1366 1509 voluit

299 1529 547 1562 connngennam
561 1532 595 1552 m
611 1530 776 1552 universo:
801 1529 832 1553 et
851 1532 916 1552 non
933 1532 950 1553 e
966 1532 1130 1559 converso,
1155 1523 1230 1564 quia
1253 1532 1364 1554 causae

299 1566 516 1617 contingentes
540 1573 614 1597 sunt
636 1566 761 1602 volitae‚
785 1566 858 1597 ideo
883 1567 1082 1598 consecutive
1105 1567 1203 1598 volita
1226 1574 1273 1598 est
1289 1577 1363 1598 con-

298 1610 458 1650 tingentia.
483 1610 525 1641 Et
547 1610 624 1641 haec
645 1610 776 1651 quidem
799 1610 863 1641 iam
886 1610 919 1641 in
943 1611 1094 1652 exemplis
1109 1611 1235 1652 supra*
1254 1611 1365 1652 positis

298 1655 462 1695 explanata
478 1661 561 1685 sunt.
573 1671 592 1678 -
604 1654 655 1685 Ad
671 1654 847 1694 pleniorem
863 1662 969 1686 tamen
984 1654 1253 1686 determinationis
1269 1656 1364 1687 huius

297 1698 554 1739 intelligentiam,
585 1698 662 1729 scire
691 1699 805 1730 debent
834 1699 944 1730 novitii
975 1700 1063 1740 quod
1094 1700 1181 1731 aliud
1210 1707 1256 1731 est
1284 1700 1363 1731 velle

299 1743 437 1784 aliquid,
465 1750 496 1773 et
518 1742 604 1773 aliud
628 1749 675 1774 est
697 1743 797 1774 facere
820 1743 910 1780 illud,
935 1751 971 1774 ut
992 1744 1025 1774 in
1049 1744 1142 1775 nobis
1166 1744 1362 1785 experimur:

300 1795 330 1818 et
347 1794 513 1828 propterea
528 1786 561 1817 in
577 1787 631 1818 illa
645 1787 808 1818 voluntate
829 1797 911 1828 quae
934 1797 1000 1818 non
1016 1789 1123 1819 solum
1144 1796 1191 1820 est
1205 1789 1362 1825 voluntas,

300 1832 354 1862 sed
370 1831 477 1862 efficax
494 1841 596 1867 causa,
614 1831 759 1872 quamvis
783 1839 925 1872 respectu
946 1833 1111 1863 causabilis
1127 1833 1213 1864 idem
1229 1833 1269 1864 sit
1284 1833 1363 1864 velle

299 1883 330 1907 et
345 1876 455 1911 facere,
480 1885 517 1906 ex
531 1876 611 1906 velle
634 1883 741 1906 tamen
765 1875 896 1907 discurri
919 1877 1103 1908 conceditur
1125 1878 1165 1908 ad
1189 1877 1298 1908 facere.
1323 1878 1364 1908 Et

299 1920 390 1962 sicin
407 1920 517 1956 littera,
535 1919 610 1960 quia
629 1920 715 1950 Deus
732 1920 800 1951 vult
822 1930 870 1951 res
895 1928 925 1951 et
944 1921 1059 1951 modos
1079 1921 1200 1952 essendi
1217 1932 1252 1952 ac
1268 1921 1363 1952 fiendi

299 1974 421 2000 rerum,
445 1964 485 1994 ad
509 1963 630 1994 efficere
654 1963 848 2004 proceditur;
873 1971 908 1995 ut
932 1965 1057 2001 scilicet,
1082 1965 1158 2006 quia
1181 1965 1261 1996 illud
1283 1966 1363 1996 velle

299 2007 551 2039 efficacissimum
571 2015 626 2044 est,
644 2015 674 2039 et
692 2018 740 2038 res
760 2016 790 2039 et
809 2008 897 2038 modi
917 2009 1006 2039 voliti
1024 2008 1114 2040 fiunt.

356 2053 409 2083 XI.
435 2051 526 2083 Circa
550 2051 643 2083 istam
670 2052 854 2088 materiam,
880 2053 1034 2094 quoniam
1058 2053 1108 2084 hic
1139 2061 1186 2085 est
1215 2054 1364 2095 proprius

298 2097 398 2132 locus,
422 2096 538 2127 iterum
553 2096 570 2115 *
594 2096 759 2127 sciendum
783 2103 830 2128 est
845 2097 944 2137 quod,
969 2104 1041 2138 post
1064 2097 1141 2129 haec
1165 2098 1278 2139 scripta
1301 2098 1364 2128 divi

300 2141 455 2176 Thomae,
471 2151 555 2171 nova
578 2141 709 2172 surrexit
732 2141 842 2181 opinio
866 2141 904 2172 de
928 2141 1030 2181 prima
1053 2142 1155 2173 radice
1179 2143 1364 2183 contingen-

300 2185 376 2221 tiae,
400 2185 504 2225 posita
527 2195 544 2215 a
568 2184 664 2216 Scoto
687 2185 721 2215 in
741 2185 752 2215 I
769 2185 870 2221 Sem„
889 2185 960 2216 dist.
976 2196 1013 2222 11,
1038 2196 1092 2227 qu.
1108 2197 1133 2223 1,
1158 2194 1189 2218 et
1207 2187 1278 2218 dist.
1295 2197 1363 2223 vm,

300 2240 354 2270 qu.
371 2239 402 2265 v,
420 2236 450 2260 et
468 2228 538 2260 dist.
556 2239 656 2265 xxxxx,
673 2239 728 2270 qu.
744 2239 755 2259 1
770 2229 796 2260 *.
821 2229 930 2260 Credit
953 2230 1039 2260 enim
1055 2231 1143 2271 quod
1159 2229 1263 2271 prima
1279 2231 1365 2262 radix

301 2273 530 2313 contingentiae
550 2273 589 2304 sit
611 2273 742 2314 quidem
765 2273 906 2304 conditio
930 2274 1053 2305 divinae
1077 2275 1258 2311 voluntatis,
1283 2282 1314 2305 et
1332 2275 1364 2305 in

300 2318 362 2348 hoc
385 2317 556 2348 concordat
579 2317 765 2347 nobiscum:
791 2317 845 2347 sed
869 2327 929 2348 nos
953 2318 1087 2349 dicimus
1106 2320 1195 2359 quod
1217 2319 1270 2349 illa
1291 2328 1365 2350 con-

301 2361 379 2392 ditio
399 2368 445 2392 est
460 2371 587 2391 summa
610 2360 745 2392 efficacia
768 2361 868 2397 illius;
893 2361 960 2402 ipse
984 2369 1091 2393 autem
1110 2363 1185 2393 dicit
1207 2363 1296 2404 quod
1320 2370 1366 2394 est

301 2405 514 2445 contingentia
543 2405 638 2436 illius.
670 2405 711 2436 Et
734 2412 891 2446 quantum
921 2406 960 2436 ad
991 2407 1194 2446 propositum
1225 2414 1364 2448 spectat,

300 2449 431 2480 nomine
455 2450 691 2499 contingentiae
713 2449 746 2480 in
770 2450 875 2480 divina
903 2450 1085 2487 voluntate,
1114 2451 1248 2483 intendit
1274 2451 1366 2483 liber-

300 2501 396 2525 tatem
420 2493 518 2524 illius:
543 2493 586 2524 ita
609 2493 698 2534 quod
721 2493 912 2534 imaginatur
934 2495 1037 2535 quod,
1062 2495 1137 2546 quia
1159 2496 1247 2526 Deus
1269 2496 1366 2527 libere

268 2550 270 2552 ·
299 2538 368 2569 vult
384 2545 414 2568 et
430 2544 546 2573 causat,
570 2537 643 2568 ideo
668 2544 713 2568 est
737 2538 950 2578 contingentia
973 2538 1006 2569 in
1026 2539 1185 2570 universo.
1210 2540 1365 2582 Adeoque

61 2986 71 2996 ⁸
83 2985 131 3013 Qu.
145 2987 272 3013 cxv,art.6.

62 3112 72 3123 ⁸
88 3112 159 3134 Num.
169 3119 220 3135 xm.

62 3140 82 3149 ··
98 3138 169 3161 Num.
181 3145 228 3162 xiv.

301 2582 374 2613 huic
393 2581 564 2612 sententiae
587 2581 735 2618 inhaeret,
761 2589 796 2613 ut
820 2582 902 2613 dicat
925 2582 1003 2613 nihil
1026 2593 1120 2624 posse
1144 2584 1268 2615 evenire
1291 2595 1366 2616 con-

301 2627 465 2666 tingenter,
482 2625 508 2656 si
529 2626 615 2656 Deus
632 2626 836 2667 omnipotens
851 2626 947 2657 libere
967 2637 1033 2658 non
1049 2635 1198 2659 causaret.
1216 2628 1364 2670 Dixitque

301 2670 511 2706 Aristotelem,
532 2680 605 2701 cum
625 2670 733 2701 ceteris
749 2670 958 2711 philosophis,
976 2672 1216 2703 contradictoria
1239 2682 1366 2704 conces-

301 2714 386 2750 sisse,
407 2724 482 2745 cum
505 2714 624 2755 aliquid
648 2714 864 2755 contingenter
887 2714 953 2746 fieri
977 2723 1185 2753 asseruerunt,
1206 2724 1236 2748 et
1259 2724 1365 2748 tamen

301 2758 407 2788 Deum
430 2768 520 2799 agere
543 2759 582 2789 de
601 2759 782 2790 necessitate
806 2766 1007 2800 putaverunt.
1031 2760 1129 2792 Affert
1152 2767 1259 2792 autem
1278 2772 1364 2792 com-

301 2802 401 2842 plura,
419 2809 489 2833 tum
512 2803 551 2833 ad
567 2803 798 2843 probationem,
823 2810 893 2834 turn
917 2804 956 2834 ad
980 2804 1198 2835 defensionem
1215 2815 1289 2836 suae
1306 2816 1364 2846 po-

301 2846 433 2877 sitionis.
457 2847 586 2883 Verum,
611 2847 686 2888 quia
708 2848 865 2888 quaedam
889 2855 1031 2888 spectant
1053 2849 1092 2879 ad
1117 2849 1365 2890 contingentiam

300 2891 426 2928 talium,
450 2890 530 2921 idest
553 2900 659 2922 rerum
682 2891 880 2922 subditarum
905 2893 1091 2933 corporibus
1115 2894 1314 2931 caelestibus;
1335 2901 1366 2926 et

301 2934 338 2965 de
362 2934 410 2965 his
434 2935 492 2966 erit
514 2945 618 2966 sermo
642 2935 810 2975 proprius,
841 2946 915 2967 cum
945 2937 983 2968 de
1006 2937 1235 2977 gubernatione
1259 2948 1364 2970 rerum

299 2978 458 3010 inferius*
469 2986 592 3029 agetur;
614 2979 686 3010 ideo
702 2979 755 3010 illa
771 2987 895 3011 tantum
910 2981 960 3012 hic
976 2981 1131 3012 afferenda
1147 2983 1265 3020 censui,
1282 2993 1364 3024 quae

301 3022 548 3063 contingentiam
571 3024 715 3054 absolute
738 3024 918 3064 respiciunt.
942 3025 1081 3056 Afferam
1104 3036 1179 3067 ergo
1195 3027 1300 3078 primo
1316 3037 1363 3058 ra-

299 3067 400 3098 tiones
424 3076 515 3103 suas;
541 3067 653 3098 deinde
677 3067 780 3098 dicam
803 3068 880 3109 quid
904 3069 982 3100 mihi
1007 3070 1045 3100 de
1068 3070 1127 3101 hac
1141 3071 1303 3112 opinione
1322 3071 1364 3102 vi-

300 3111 390 3142 detur
403 3111 433 3148 *;
459 3111 560 3148 tertio,
585 3112 826 3152 respondebitur
848 3113 1021 3144 rationibus
1045 3114 1166 3145 eius**

357 3155 424 3186 XII.
449 3155 553 3186 Prima
577 3155 666 3192 ratio,
691 3163 721 3187 et
744 3157 918 3196 potissima,
936 3167 1017 3198 quae
1041 3158 1142 3190 movit
1157 3159 1301 3210 Scotum,
1318 3166 1364 3190 est

299 3199 384 3230 haec.
410 3199 515 3231 Causa
534 3209 667 3231 movens
690 3200 881 3241 inquantum
905 3209 1002 3238 mota,
1019 3202 1044 3232 si
1061 3203 1235 3234 necessario
1255 3213 1363 3234 move-

299 3250 358 3279 tur,
375 3243 550 3274 necessario
566 3251 688 3276 movet:
713 3245 768 3275 sed
784 3245 889 3276 omnis
905 3256 998 3276 causa
1015 3247 1153 3278 secunda
1168 3254 1215 3278 est
1229 3257 1362 3278 movens

298 3286 488 3327 inquantum
512 3295 600 3319 mota
623 3298 641 3319 a
665 3288 784 3328 prima:
820 3299 912 3329 ergo,
938 3290 962 3320 si
991 3291 1165 3322 necessario
1193 3298 1360 3327 movetur,

299 3332 472 3362 necessario
496 3338 613 3363 movet.
643 3332 749 3372 Igitur,
770 3332 795 3363 si
815 3333 916 3373 prima
940 3344 1033 3365 causa
1057 3344 1123 3366 non
1146 3335 1363 3375 contingenter

300 3382 423 3411 causat,
455 3376 533 3406 nihil
560 3376 593 3407 in
616 3377 765 3408 universo
790 3377 1007 3418 contingenter
1029 3378 1073 3410 fit.
1106 3379 1147 3411 Et
1169 3379 1212 3410 sic
1237 3379 1360 3410 contin-

298 3419 402 3458 gentia
417 3420 449 3450 in
466 3420 612 3451 universo
630 3428 676 3452 est
693 3431 729 3451 ex
748 3421 819 3457 hoc,
845 3422 935 3462 quod
957 3422 1044 3453 Deus
1061 3423 1279 3464 contingenter
1286 3424 1362 3455 .vult

299 3469 329 3493 et
353 3471 467 3494 causat.
485 3481 504 3487 -
520 3464 561 3495 Et
584 3465 736 3504 probatur
758 3465 877 3496 minor:
903 3466 978 3507 quia
1001 3467 1088 3498 nulla
1112 3477 1206 3498 causa
1224 3468 1361 3498 secunda

299 3506 362 3547 agit
385 3507 502 3548 aliquid
526 3508 584 3538 nisi
607 3509 639 3539 in
663 3509 777 3540 virtute
801 3509 930 3550 primae.

356 3550 499 3582 Secunda
515 3552 593 3583 ratio
610 3560 665 3584 est.
690 3553 795 3584 Prima
817 3563 911 3584 causa
934 3554 1020 3594 prius
1040 3555 1221 3587 naturaliter
1237 3555 1362 3596 respicit

299 3594 453 3631 effectum,
469 3606 566 3645 quam
585 3607 806 3647 quaecumque
825 3598 885 3628 alia
904 3607 1010 3629 causa:
1036 3609 1121 3639 ergo,
1142 3599 1166 3630 si
1186 3599 1360 3630 necessario

299 3646 413 3675 causat,
439 3639 543 3670 omnis
567 3640 719 3671 effectus
712 3651 743 3671 in
763 3642 818 3671 illo
842 3642 938 3682 priori
962 3642 1055 3674 habet
1078 3643 1283 3674 necessariam
1306 3643 1359 3674 ha-

1395 294 1692 331 ARTICULUS
1720 294 1807 330 VIII

1418 374 1595 405 bitudinem
1618 374 1657 404 ad
1680 374 1798 414 ipsam:
1825 383 1899 413 ergo
1924 373 2030 403 nullus
2055 371 2181 402 effectus
2201 370 2236 402 fit
2259 370 2484 411 contingenter.

1418 418 1459 448 Et
1482 419 1634 458 probatur
1664 418 1801 448 secunda
1830 418 1974 458 sequela:
2007 416 2081 457 quia
2104 415 2299 456 impossibile
2323 422 2369 446 est
2397 415 2485 455 quod

1419 462 1504 492 idem
1521 461 1648 493 effectus
1664 462 1777 492 habeat
1799 461 2019 492 habitudinem
2038 459 2248 500 contingentis
2265 466 2295 490 et
2310 458 2483 494 necessarii,

1419 513 1561 546 respectu
1579 513 1643 536 tam
1657 501 1802 536 eiusdem
1818 516 1916 547 quam
1933 505 2126 535 diversarum
2146 513 2323 534 causarum.

1474 550 1556 581 XIII.
1570 550 1703 581 Videtur
1718 557 1825 581 autem
1845 550 1923 580 mihi
1947 549 2027 580 hanc
2048 548 2236 589 opinionem
2255 554 2286 578 et
2301 547 2334 577 in
2349 556 2391 583 se,
2409 553 2439 577 et
2452 546 2486 576 in

1420 594 1484 624 suis
1509 594 1731 630 fundamentis,
1749 604 1815 625 esse
1837 594 1956 624 falsam.
1981 595 2101 630 Primo,
2119 592 2194 633 quia
2209 602 2245 622 ex
2260 591 2329 632 ipsa
2345 590 2487 631 sequitur

1419 638 1500 668 hanc
1516 645 1639 678 partem
1652 638 1799 669 -universi
1823 648 1889 669 non
1913 648 1979 669 esse
1999 648 2016 668 a
2035 638 2104 668 Deo
2128 644 2164 667 ut
2183 637 2222 667 ab
2246 642 2356 676 agente
2376 645 2394 665 a
2410 644 2484 675 pro-

1419 682 1539 722 posito:
1559 683 1649 723 quod
1665 690 1711 713 est
1728 690 1758 713 et
1774 690 1883 713 contra
1898 682 2076 722 theologOS‚
2094 688 2124 712 et
2140 688 2248 711 contra
2264 679 2486 720 philosophos.

1419 743 1439 748 -
1455 726 1495 757 Et
1511 727 1664 766 probatur
1679 727 1807 768 sequela
1827 727 1878 758 sic.
1904 726 2060 757 Effectum
2084 725 2204 766 agentis
2223 735 2240 755 a
2257 723 2434 765 proposito,
2451 729 2487 753 ut

1419 770 1472 805 sic,
1499 777 1626 810 oportet
1649 780 1715 801 esse
1739 771 1874 802 electum
1898 772 1936 801 ab
1960 780 2008 806 eo,
2034 777 2069 801 ut
2092 776 2178 810 patet
2201 769 2243 800 IX
2258 769 2442 809 Metaphys.
2458 766 2484 802 *,

1419 814 1474 844 ubi
1491 814 1632 854 potentia
1650 815 1811 845 rationalis
1827 825 1845 845 a
1861 815 2018 855 proaeresi
2042 813 2240 845 determinari
2264 813 2304 843 ad
2327 812 2529 863 agendumn

1419 857 1547 888 dicitur:
1573 859 1628 888 sed
1651 858 1677 888 si
1701 859 1914 899 contingentia
1938 859 2037 889 oritur
2060 869 2096 889 ex
2113 858 2211 888 modo
2235 857 2363 888 volendi
2387 855 2487 896 ipsius

1419 901 1488 937 Dei,
1508 901 1576 941 ipsa
1595 912 1661 933 non
1685 909 1732 933 est
1748 903 1852 939 electa,
1874 903 1928 933 sed
1951 912 2149 943 consequens
2173 902 2309 932 modum
2333 900 2484 941 eligendi:

1419 955 1494 985 ergo
1517 946 1585 985 ipsa
1601 955 1667 976 non
1683 953 1729 977 est
1745 946 1871 977 effectus
1886 946 1945 977 Dei
1961 954 1997 977 ut
2015 947 2135 987 agentis
2150 957 2169 977 a
2185 945 2362 986 proposito.
2387 945 2428 975 Et
2443 944 2487 975 sic

1419 989 1634 1029 contingentia
1649 997 1696 1020 est
1711 990 1744 1020 in
1764 990 1911 1020 universo
1927 997 2049 1030 praeter
2065 990 2275 1021 intentionem
2289 989 2358 1026 Dei,
2374 995 2486 1029 utpote

1420 1043 1618 1074 consequens
1642 1034 1778 1064 modum
1801 1034 1929 1065 volendi
1952 1034 2029 1070 eius,
2050 1044 2115 1064 non
2138 1034 2327 1065 volitionem
2349 1033 2462 1074 ipsam.

1477 1077 1640 1115 Secundo,
1665 1078 1753 1119 quia,
1780 1079 1853 1109 dato
1877 1078 1967 1118 quod
1991 1078 2096 1108 divina
2119 1078 2266 1109 voluntas
2289 1087 2356 1108 non
2378 1077 2484 1112 libere,

1419 1123 1474 1153 sed
1497 1122 1631 1153 naturali
1655 1122 1837 1153 necessitate
1855 1122 1949 1153 vellet
1972 1129 2002 1153 et
2025 1128 2175 1158 causaret,
2195 1122 2280 1152 salva
2298 1129 2404 1153 tamen
2421 1120 2485 1154 effi—

1419 1166 1520 1198 caciae
1545 1176 1620 1197 suae
1635 1167 1758 1203 virtute,
1783 1167 1845 1197 hoc
1868 1166 2053 1197 universum
2076 1166 2169 1207 quale
2193 1175 2278 1196 nunc
2302 1172 2357 1202 est,
2382 1165 2486 1196 adhuc

1420 1211 1633 1251 contingentia
1657 1211 1845 1242 salvaretur:
1870 1218 1941 1241 tum
1964 1210 2038 1251 quia
2062 1217 2166 1241 essent
2189 1219 2300 1240 causae
2324 1208 2484 1240 defectibi-

1418 1255 1480 1291 les;
1505 1262 1575 1286 tum
1591 1255 1666 1296 quia
1682 1262 1785 1286 essent
1799 1254 1923 1295 agentia
1940 1254 2047 1290 libera,
2068 1261 2145 1295 puta
2161 1253 2317 1285 homines.
2333 1271 2353 1276 -
2369 1253 2409 1284 Et
2425 1253 2487 1284 hoc

1419 1299 1595 1330 evidentius
1618 1307 1757 1340 apparet,
1782 1299 1807 1330 si
1831 1298 1989 1340 fingamus
2012 1299 2173 1329 mundum
2196 1308 2262 1329 non
2286 1307 2352 1328 esse
2369 1307 2386 1327 a
2405 1297 2485 1333 Deo,

1419 1344 1475 1375 sed
1497 1344 1589 1394 quasi
1612 1354 1649 1375 ex
1672 1354 1714 1375 se.
1740 1344 1834 1375 Tunc
1858 1343 1943 1374 enim
1971 1343 2136 1374 manifeste
2160 1349 2290 1384 apparet
2320 1341 2425 1383 quod,
2449 1350 2487 1371 ex

1418 1388 1481 1419 hoc
1503 1388 1574 1429 ipso
1598 1389 1687 1429 quod
1710 1398 1777 1418 non
1800 1388 1905 1419 omnis
1929 1387 2056 1419 effectus
2078 1388 2173 1418 habet
2202 1396 2259 1427 per
2282 1396 2315 1417 se
2338 1395 2485 1422 causam,

1419 1432 1538 1474 aliquid
1562 1433 1780 1483 contingenter
1803 1431 1915 1468 evenit,
1936 1439 1971 1463 ut
1994 1438 2079 1482 patet
2098 1432 2139 1462 VI
2159 1431 2343 1472 Metaphys.
2358 1429 2387 1461 θ’.

1476 1477 1559 1508 XIV.
1584 1477 1635 1508 Ad
1658 1477 1796 1518 primam
1818 1483 1926 1507 autem
1950 1476 2105 1507 rationem
2124 1475 2209 1507 Scoti
2223 1474 2251 1511 *,
2273 1473 2522 1525 multipliciter·

1418 1521 1602 1561 responderi
1625 1528 1739 1562 potest.
1763 1522 1883 1558 Primo,
1902 1520 2125 1571 distinguendo
2141 1520 2174 1561 ly
2188 1525 2285 1555 mota,
2303 1529 2359 1550 seu
2374 1518 2408 1560 ly
2423 1527 2487 1550 mo-

1419 1571 1520 1597 vetur.
1546 1566 1721 1606 Dupliciter
1744 1565 1829 1596 enim
1853 1564 2008 1605 contingit
2031 1565 2203 1595 secundam
2219 1573 2347 1595 causam
2362 1562 2485 1594 moveri

1418 1620 1436 1640 a
1459 1610 1580 1651 prima:
1605 1620 1672 1641 uno
1696 1610 1814 1646 modo,
1846 1609 1990 1640 motione
2011 1610 2150 1650 praevia
2173 1608 2320 1649 propriae
2348 1606 2483 1643 actioni,

1418 1655 1499 1686 sicut
1522 1655 1654 1686 baculus
1677 1661 1786 1685 movet
1808 1653 1947 1694 lapidem
1977 1661 2085 1684 motus
2108 1663 2126 1683 a
2149 1661 2261 1689 manu;
2286 1651 2349 1682 alio
2372 1651 2483 1688 modo,

1418 1699 1562 1730 motione
1586 1699 1787 1739 cooperativa
1811 1699 1982 1729 intrinsece
2004 1697 2150 1738 propriae
2173 1696 2299 1728 actioni.
2328 1696 2370 1727 Et
2391 1695 2484 1737 quid-

1418 1744 1496 1785 quid
1515 1744 1554 1775 sit
1573 1744 1612 1774 de
1631 1743 1750 1774 maiore
1773 1742 1806 1773 in
1831 1742 1936 1783 primo
1960 1752 2070 1778 sensu,
2089 1741 2122 1772 in
2146 1741 2286 1772 secundo
2310 1747 2416 1772 tamen
2437 1746 2485 1771 est

1418 1787 1510 1825 falsa;
1534 1788 1568 1818 in
1587 1797 1653 1828 quo
1673 1794 1798 1818 tantum
1813 1785 1991 1817 verificatur
2013 1786 2130 1817 minor.
2153 1786 2228 1817 Non
2244 1785 2330 1817 enim
2345 1791 2483 1825 oportet,

1418 1842 1493 1863 cum
1517 1832 1630 1873 aliquis
1653 1831 1722 1862 vult
1745 1830 1874 1871 aliquid,
1899 1840 1954 1861 seu
1979 1840 2054 1861 cum
2077 1830 2126 1861 sol
2149 1829 2322 1866 illuminat,
2346 1829 2484 1870 primam

1418 1886 1547 1908 causam
1570 1875 1696 1916 praevia
1718 1875 1863 1906 motione
1882 1874 2061 1915 cooperari:
2085 1875 2140 1905 sed
2156 1873 2280 1910 sufficit,
2295 1881 2327 1906 et
2341 1873 2484 1913 anigitur,

1418 1931 1488 1951 eam
1511 1920 1678 1951 intrinsece
1703 1919 1866 1960 cooperari
1893 1919 1947 1950 tali
1971 1918 2137 1955 electioni,
2168 1918 2218 1949 vel
2245 1916 2485 1949 illuminationi.

1418 1965 1459 1996 Et
1480 1965 1552 2001 hoc,
1577 1964 1652 2005 quia
1675 1963 1859 2004 cooperatio
1883 1963 1915 2002 in
1939 1972 2140 2004 unoquoque
2164 1970 2211 1994 est
2229 1961 2407 1993 secundum
2430 1970 2485 1992 ua-

1417 2016 1523 2040 turam
1545 2008 1815 2049 uniuscuiusque:
1847 2007 1890 2038 sic
1919 2007 2004 2038 enim
2033 2007 2174 2048 disponit
2200 2006 2309 2037 omnia
2336 2005 2486 2037 suaviter.

1419 2053 1521 2089 Unde,
1538 2053 1603 2084 sive
1619 2052 1794 2084 necessario
1809 2052 1874 2082 sive
1896 2051 1992 2082 libere
2011 2058 2200 2092 cooperetur
2217 2051 2315 2087 Deus,
2331 2050 2410 2081 nihil
2425 2049 2485 2080 mi·

1419 2108 1479 2129 nus
1496 2105 1597 2128 creata
1612 2097 1759 2128 voluntas
1775 2096 1870 2127 libere
1887 2096 1986 2127 utitur
2001 2096 2053 2126 illa
2069 2095 2304 2136 cooperatione.

1476 2142 1640 2179 Secundo,
1671 2140 1896 2181 distinguendo
1918 2141 1951 2181 ly
1979 2142 2168 2181 inquantum
2193 2145 2288 2171 mota.
2320 2138 2487 2177 Quoniam

1418 2193 1524 2226 potest
1539 2186 1690 2216 denotare
1705 2194 1836 2216 causam
1847 2186 2031 2225 praecisam
2040 2195 2055 2223 ;
2079 2192 2110 2216 et
2125 2192 2231 2226 potest
2246 2185 2396 2215 denotare
2411 2192 2486 2215 com

1419 2239 1560 2261 causam.
1593 2230 1634 2261 Et
1657 2229 1682 2260 si
1705 2229 1836 2270 quidem
1860 2229 1989 2260 denotet
2013 2239 2141 2260 causam
2164 2228 2350 2270 praecisam,
2379 2227 2486 2259 minor

1419 2281 1466 2305 est
1481 2274 1571 2305 falsa:
1596 2283 1662 2304 non
1683 2273 1768 2304 enim
1792 2282 1886 2303 causa
1909 2273 2047 2303 secunda
2069 2281 2178 2304 movet
2201 2274 2244 2304 ob
2259 2273 2322 2304 hoc
2337 2271 2485 2314 praecise,

1419 2318 1494 2359 quia
1517 2325 1674 2353 movetur,
1699 2317 1754 2348 sed
1777 2317 1871 2348 etiam
1896 2327 1933 2347 ex
1955 2317 2070 2348 virtute
2091 2317 2228 2358 propria.
2253 2317 2286 2348 Si
2305 2323 2413 2348 autern
2431 2316 2485 2347 de-

1419 2369 1508 2393 notet
1531 2372 1742 2397 concausam,
1775 2361 1878 2392 maior
1900 2368 1947 2392 est
1970 2361 2062 2392 falsa:
2096 2361 2251 2402 quoniam
2274 2368 2334 2392 stat
2357 2369 2485 2392 causam

1419 2407 1592 2438 secundam
1615 2406 1790 2437 necessario
1813 2405 1934 2436 moveri
1959 2416 1976 2436 a
1999 2406 2111 2446 prima,
2137 2413 2167 2437 et
2190 2415 2264 2437 cum
2285 2406 2357 2441 hoc,
2377 2404 2486 2445 ipsum

1419 2451 1540 2482 moveri
1564 2450 1739 2482 modificari
1763 2460 1799 2481 ex
1822 2456 1934 2481 natura
1957 2460 2068 2481 causae
2092 2451 2258 2482 secundae.
2282 2450 2324 2480 Et
2346 2449 2390 2480 sic
2412 2458 2485 2480 mo-

1418 2506 1491 2526 vere
1507 2505 1618 2527 causae
1635 2495 1790 2526 secundae
1814 2495 1961 2536 provenit
1983 2505 2049 2526 non
2073 2505 2110 2526 ex
2133 2495 2254 2526 moveri
2278 2501 2412 2531 tantum,
2429 2494 2485 2524 sed

1419 2550 1456 2571 ex
1479 2539 1601 2571 moveri
1631 2547 1662 2571 et
1692 2540 1792 2570 modo
1817 2539 1947 2580 proprio
1976 2539 2076 2580 ipsius
2100 2549 2211 2571 causae
2239 2539 2405 2570 secundae.
2437 2538 2485 2569 Ex

1419 2584 1473 2615 tali
1496 2591 1603 2615 autem
1627 2584 1726 2614 modo
1751 2593 1938 2624 consurgere
1962 2591 2082 2624 potest,
2107 2584 2197 2626 quod
2220 2593 2286 2614 non
2309 2581 2485 2614 necessario

1417 2635 1541 2665 movet;
1559 2635 1595 2659 ut
1618 2635 1704 2669 patet
1726 2628 1759 2658 in
1785 2627 1886 2659 causis
1910 2627 2151 2660 defectibilibus.
2169 2628 2261 2659 —Illa
2277 2634 2385 2659 autem
2410 2636 2485 2667 pro-

1419 2672 1535 2713 positio
1559 2672 1715 2708 adiuncta,
1732 2672 1858 2709 scilicet,
1883 2682 1982 2704 causa
2004 2673 2145 2704 secunda
2169 2673 2250 2703 nihil
2271 2673 2351 2714 agit·
2366 2672 2428 2702 nisi
2451 2671 2485 2702 in

1419 2718 1538 2748 virtute
1554 2718 1694 2758 primae,
1720 2726 1786 2747 non
1809 2716 1906 2748 iuvat.
1932 2717 2097 2754 Quoniam
2120 2727 2186 2748 non
2207 2724 2254 2748 est
2270 2725 2380 2747 sensus
2395 2714 2486 2757 quod

1419 2771 1512 2792 causa
1542 2761 1680 2792 secunda
1710 2761 1832 2791 nullam
1854 2760 2004 2792 virtutem
2029 2761 2142 2793 habeat
2174 2761 2233 2792 nisi
2257 2760 2395 2801 primae:
2429 2758 2486 2790 sed

1418 2805 1507 2847 quod
1530 2805 1599 2846 ipsa
1621 2805 1758 2836 secunda
1782 2805 1909 2836 nullum
1933 2805 2078 2837 effectum
2102 2805 2263 2846 producit,
2288 2804 2346 2835 nisi
2370 2803 2486 2835 virtute

1418 2849 1539 2890 primae
1558 2856 1772 2885 concurrente,
1793 2856 1824 2880 et
1847 2849 2059 2890 coniungente
2082 2850 2231 2881 virtutem
2252 2849 2408 2880 secundae
2423 2857 2486 2879 suo

1419 2893 1557 2925 effectui:
1582 2893 1736 2934 quoniam
1761 2893 1863 2934 prima
1887 2894 1996 2925 omnia
2018 2893 2142 2934 attingit
2163 2893 2346 2925 immediate
2367 2893 2483 2923 imme-

1417 2938 1556 2969 diatione
1574 2938 1707 2974 virtutis,
1732 2945 1768 2968 ut
1790 2938 1823 2968 in
1847 2948 1902 2979 qu.
1918 2949 1972 2969 vm
1988 2938 2005 2958 *
2023 2938 2216 2970 declaratum
2235 2945 2291 2970 est.

1475 2983 1544 3014 XV.
1568 2983 1620 3013 Ad
1643 2982 1816 3013 secundam
1838 2992 1914 3013 vero
1938 2982 2094 3014 rationem
2117 2982 2244 3018 dicitur,
2268 2983 2359 3024 quod
2381 2982 2484 3024 prima

1418 3026 1643 3068 consequentia
1663 3026 1741 3057 nihil
1756 3026 1847 3057 valet.
1872 3027 2036 3064 Quoniam
2052 3026 2153 3068 prima
2169 3037 2263 3058 causa
2278 3036 2344 3057 non
2360 3026 2484 3068 attingit

1417 3070 1563 3102 effectum
1587 3070 1743 3102 secundae
1767 3080 1878 3101 causae
1898 3071 1930 3101 in
1946 3071 2057 3112 seipsa,
2082 3071 2136 3102 sed
2160 3069 2340 3102 modificata
2365 3081 2483 3112 coope-

1417 3115 1537 3146 ratione
1553 3125 1619 3150 sua,
1636 3115 1723 3146 iuxta
1745 3115 1881 3146 modum
1905 3115 2004 3156 ipsius
2028 3124 2139 3146 causae
2154 3116 2320 3146 secundae.
2346 3115 2387 3147 Et
2409 3124 2483 3156 pro-

1417 3166 1522 3199 pterea
1551 3158 1678 3190 effectus
1711 3159 1867 3190 secundae
1900 3168 2011 3190 causae
2043 3159 2076 3190 in
2107 3159 2197 3190 nullo
2228 3159 2325 3200 priori
2355 3160 2484 3192 haberet

1417 3203 1623 3234 necessariam
1653 3203 1871 3234 habitudinem
1902 3203 1942 3234 ad
1972 3203 2126 3244 primam;
2162 3203 2216 3234 sed
2247 3204 2350 3235 solam
2382 3213 2419 3235 ex
2449 3213 2482 3235 se

1416 3247 1634 3287 contingenter
1651 3246 1717 3278 fieri
1733 3247 1953 3278 habitudinem
1968 3248 2104 3278 haberet.
2131 3248 2185 3278 Illa
2201 3248 2286 3279 enim
2303 3248 2481 3290 propositio

1415 3298 1577 3331 assumpta
1601 3301 1666 3322 non
1691 3299 1737 3322 est
1759 3291 1802 3322 sic
1826 3291 2036 3333 intelligenda,
2061 3292 2151 3333 quasi
2171 3292 2210 3323 sit
2228 3292 2334 3334 aliqua
2356 3292 2481 3324 dumio

1416 3342 1554 3371 naturae,
1579 3335 1612 3366 in
1636 3335 1726 3366 cuius
1750 3335 1854 3376 primo
1878 3335 2004 3367 instanti
2028 3345 2122 3366 causa
2145 3336 2247 3377 prima
2271 3336 2416 3377 respiciat
2437 3335 2481 3367 ef-

1415 3379 1552 3415 fectum,
1585 3386 1615 3411 et
1638 3379 1669 3410 in
1694 3380 1834 3411 secundo
1863 3389 1956 3410 causa
1979 3381 2137 3410 secunda:
2170 3380 2298 3421 puerilis
2321 3380 2407 3412 enim
2430 3380 2482 3412 hic

1415 3430 1462 3454 est
1477 3432 1603 3459 sensus;
1629 3433 1664 3454 ex
1681 3434 1747 3465 quo
1766 3431 1872 3454 tamen
1897 3424 2122 3464 consequentia
2142 3425 2331 3465 processisse
2346 3425 2478 3456 ¹videtur.

1415 3467 1477 3498 Sed
1494 3474 1539 3498 est
1554 3467 1756 3508 intelligenda
1779 3467 1887 3508 quoad
1909 3467 2188 3508 independentiam
2212 3476 2242 3500 et
2261 3468 2478 3500 infimitatem:

1372 3534 1377 3539 .
1415 3511 1538 3551 attingit
1561 3511 1646 3542 enim
1669 3511 1771 3551 prima
1795 3521 1888 3542 causa
1917 3511 2062 3543 effectum
2091 3513 2247 3544 secundae
2275 3519 2306 3544 et
2327 3513 2480 3554 indepen-

1415 3555 1538 3586 dentius
1563 3562 1592 3586 et
1615 3554 1757 3586 intimius
1785 3565 1883 3596 quam
1907 3557 2062 3591 secunda,
2095 3563 2130 3588 ut
2160 3564 2245 3598 patet
2267 3557 2300 3587 in
2323 3556 2479 3597 principio

1413 3598 1483 3629 libri
1506 3599 1546 3629 de
1571 3598 1687 3629 Causis
1702 3598 1733 3629 *:
1760 3606 1790 3630 et
1813 3606 1978 3639 propterea
2002 3601 2116 3632 dicitur
2135 3601 2287 3642 respicere
2310 3600 2407 3641 prius.
2432 3600 2479 3631 Ex

1415 3643 1476 3673 hoc
1495 3650 1602 3673 autem
1621 3653 1725 3679 sensu,
1746 3643 1824 3673 nihil
1843 3645 2102 3685 consequentiam
2121 3645 2222 3676 valere
2241 3651 2335 3685 patet.
2375 3673 2377 3675 ,

2513 786 2560 841 Ιίὺὲ
2543 758 2642 813 ΕὪΡΠίν
2643 759 2730 814 cadone,—

2513 1428 2572 1479 ἷιιξὲ·
2587 1429 2727 1485 :35:33⁶-

2537 1486 2574 1510 Οἱ
2585 1493 2650 1510 num.
2660 1491 2709 1517 xa.

2512 2935 2521 2944 ·
2535 2935 2588 2957 Art.
2599 2941 2615 2963 ι,
2629 2934 2730 2958 Comm-

2511 2966 2534 2984 Β.
2546 2967 2577 2983 lv.

2507 3605 2516 3614 ·
2532 3603 2602 3632 Prop.
2613 3610 2639 3627 1.-
