2768 4178
73 357 84 368 ⁸
101 356 168 378 Vere.
185 362 214 383 ¹2,
230 361 258 384 13.

75 565 84 573 ·
110 562 171 584 Vide
205 563 278 583 Aver-

76 595 155 616 roem,
172 588 215 610 xn
229 588 280 610 Me—

75 616 147 644 taph„
155 621 241 637 comm.
247 621 279 637 u.

75 1420 178 1470 -⁰⁸⁹ri¹2.
184 1426 286 1469 ’ἲὲίἑῖῗῑ

171 1632 185 1655 ’l

75 1658 83 1666 ·
102 1656 151 1684 Qu.
165 1663 196 1684 iv,
211 1660 253 1679 art.
269 1662 285 1678 ι.

77 2922 86 2930 “
103 2920 152 2948 Qu.
168 2926 198 2948 iv,
214 2925 255 2943 art.
267 2927 286 2942 2.

320 267 391 315 176

317 359 352 384 1v
367 347 398 395 ²¹⁸,
424 347 530 396 quod
552 346 737 396 pertingit
764 357 880 395 usque
907 347 959 383 ad
985 346 1206 384 divisionem
1238 346 1390 395 spiritus

316 406 352 437 et
369 401 532 446 animae,
553 411 784 449 compagum
813 411 961 449 quoque
989 405 1026 437 et
1051 399 1327 445 medullarum;
1355 405 1392 436 et

316 454 498 491 discretor
531 452 802 503 cogitationum
836 459 873 490 et
898 453 1144 490 intentionum
1182 453 1305 489 cordis
1314 466 1328 497 ;
1356 458 1392 489 et

317 519 392 544 non
416 512 471 543 est
497 505 574 543 ulla
603 511 780 543 creatura
809 507 1001 544 invisibilis
1021 506 1058 543 in
1079 511 1276 554 conspectu
1297 505 1387 543 eius.

369 561 597 597 REspoNosso
626 571 812 597 mcx-:unum
841 561 946 609 quod
971 559 1070 596 circa
1097 559 1173 595 hoc
1192 558 1350 607 quidam
1369 558 1389 581 *

316 619 560 660 erraverunt,
595 612 765 650 dicentes
799 613 906 661 quod
940 614 1047 649 Deus
1085 611 1156 648 alia
1185 624 1208 648 a
1236 624 1276 649 se
1309 624 1389 649 non

317 665 512 715 cognoscit
525 665 596 703 nisi
614 665 653 703 in
669 666 877 714 communi,
895 665 1035 703 scilicet
1053 665 1282 713 inquantum
1302 674 1390 703 sunt

317 720 427 757 entia.
463 719 570 756 Sicut
597 719 702 756 enim
731 719 845 768 ignis,
876 719 906 756 si
936 726 1184 767 cognosceret
1218 718 1388 768 seipsum

314 780 357 810 ut
385 781 441 810 est
472 772 703 822 principium
738 773 891 819 caloris,
931 779 1180 820 cognosceret
1211 779 1387 809 naturam

317 826 462 874 caloris,
485 833 522 863 et
540 826 672 863 omnia
701 826 773 863 alia
801 826 1030 875 inquantum
1058 832 1146 862 sunt
1172 825 1309 871 calida;
1338 825 1388 862 ita

314 880 434 927 Deus,
463 879 690 928 inquantum
720 879 913 927 cognoscit
937 891 976 916 se
1002 886 1044 915 ut
1071 878 1302 928 principium
1332 890 1389 915 es-

316 933 441 981 sendi,
472 933 668 981 cognoscit
701 940 876 969 naturam
912 932 1007 970 entis
1027 932 1059 980 3,
1090 939 1127 969 et
1156 931 1287 969 omnia
1315 932 1388 969 alia

314 986 545 1035 inquantum
574 993 661 1023 sunt
690 985 800 1022 entia.

370 1040 448 1077 Sed
475 1040 658 1076 hoc-non
685 1046 811 1088 potest
840 1051 935 1075 esse.
965 1039 1069 1075 Nam
1089 1038 1295 1087 intelligere
1325 1038 1388 1075 ali-

315 1093 408 1141 quid
440 1093 478 1129 in
509 1092 719 1140 communi,
741 1100 778 1128 et
796 1104 875 1129 non
903 1092 943 1128 in
970 1091 1135 1141 speciali,
1166 1099 1221 1129 est
1249 1091 1388 1141 imper-

314 1147 410 1183 fecte
430 1145 573 1194 aliquid
594 1157 838 1193 cognoscere.
869 1145 980 1183 Unde
1008 1145 1218 1183 intellectus
1246 1152 1386 1192 noster,

315 1200 408 1237 dum
439 1199 487 1236 de
520 1199 691 1248 potentia
728 1198 767 1235 in
799 1205 928 1235 actum
964 1198 1176 1247 reducitur,
1213 1198 1389 1248 pertingit

313 1253 418 1303 prius
452 1252 501 1290 ad
536 1252 793 1300 cognitionem
826 1252 1084 1290 universalem
1123 1259 1159 1289 et
1188 1253 1387 1290 confusam

315 1307 363 1344 de
393 1306 519 1353 rebus,
540 1318 660 1354 quam
680 1305 730 1343 ad
749 1305 946 1355 propriam
967 1318 1095 1343 rerum
1116 1306 1386 1354 cognitionem,

315 1360 410 1397 sicut
438 1359 486 1397 de
515 1359 738 1408 imperfecto
769 1359 819 1396 ad
846 1359 1058 1408 perfectum
1086 1359 1317 1409 procedens,
1347 1368 1389 1397 ut

313 1420 417 1463 patet
436 1412 475 1450 in
495 1414 509 1449 Ι
529 1412 669 1461 Physic
681 1412 712 1449 ²¹⁸.
740 1412 780 1449 Si
799 1412 907 1461 igitur
927 1413 1091 1462 cognitio
1111 1413 1183 1450 Dei
1205 1414 1252 1451 de
1273 1413 1388 1450 rebus

314 1466 393 1504 aliis
418 1479 440 1503 a
463 1478 515 1513 se,
552 1472 650 1503 esset
677 1465 717 1503 in
749 1465 952 1503 universali
980 1474 1141 1514 tantum,
1173 1474 1209 1503 et
1236 1479 1316 1504 non
1349 1466 1387 1504 in

314 1519 480 1570 speciali,
496 1526 720 1568 sequeretur
739 1519 846 1567 quod
866 1519 945 1557 eius
964 1519 1170 1569 intelligere
1189 1532 1269 1557 non
1290 1528 1389 1558 esset

315 1573 495 1610 omnibus
515 1572 642 1610 modis
666 1573 891 1622 perfectum,
914 1580 950 1610 et
967 1586 1038 1623 per
1057 1585 1297 1622 consequens
1316 1586 1388 1611 nec

315 1627 395 1664 eius
415 1632 432 1652 η
456 1638 561 1664 esse:
590 1627 696 1675 quod
722 1633 778 1663 est
806 1634 938 1664 contra
967 1639 1013 1664 ea
1045 1624 1145 1676 quae
1174 1627 1349 1676 superius
1368 1627 1388 1649 ’¹‘

315 1687 468 1717 ostensa
491 1686 589 1717 sunt.
620 1680 784 1729 Oportet
811 1679 921 1728 igitur
941 1680 1068 1718 dicere
1088 1680 1194 1731 quod
1213 1681 1285 1718 alia
1305 1693 1327 1718 a
1347 1693 1387 1718 se

315 1740 521 1782 cognoscat
548 1733 702 1783 propria
732 1733 969 1782 cognitione3
1000 1747 1079 1771 non
1107 1735 1233 1771 solum
1252 1747 1387 1771 secun-

316 1786 410 1824 dum
439 1787 545 1835 quod
575 1787 864 1824 communicant
886 1787 926 1824 in
949 1787 1095 1825 ratione
1116 1787 1221 1835 entis,
1243 1789 1311 1826 sed
1331 1800 1388 1825 se-

315 1840 486 1878 cundum
520 1840 627 1890 quod
654 1853 777 1878 unum
806 1841 855 1878 ab
885 1840 959 1878 alio
990 1841 1238 1890 distinguitur.

368 1894 418 1931 Et
446 1893 495 1931 ad
522 1893 636 1931 huius
655 1892 669 1914 ⁰
697 1893 947 1942 evidentiam,
978 1894 1303 1932 considerandum
1334 1903 1389 1932 est

316 1947 421 1997 quod
450 1947 621 1997 quidam,
641 1948 815 1985 volentes
845 1948 1045 1986 ostendere
1066 1948 1171 1997 quod
1191 1949 1298 1986 Deus
1317 1961 1388 1998 per

314 2013 436 2038 unum
451 2007 459 2021 ¹
475 2000 670 2049 cognoscit
689 2001 820 2049 multa,
836 2009 994 2039 utuntur
1012 1999 1244 2051 quibusdam
1261 2014 1388 2039 exem-

314 2054 406 2103 plis:
436 2062 477 2092 ut
504 2062 596 2104 puta
630 2054 757 2103 quod,
787 2054 818 2092 si
848 2062 1022 2092 centrum
1052 2064 1301 2104 cognosceret
1329 2069 1387 2093 se-

314 2108 454 2156 ipsum,
477 2115 724 2156 cognosceret
748 2120 884 2145 omnes
913 2108 1030 2145 lineas
1058 2109 1346 2158 progredientes
1366 2122 1388 2147 a

316 2169 467 2207 centro;
497 2162 559 2199 vel
593 2162 673 2208 lux,
704 2161 734 2198 si
763 2169 1012 2210 cognosceret
1035 2162 1216 2212 seipsam,
1247 2175 1388 2211 cogno-

316 2222 438 2252 sceret
466 2226 603 2251 omnes
632 2215 791 2251 colores.
813 2236 837 2242 -
860 2215 937 2252 Sed
971 2216 1067 2252 haec
1096 2217 1281 2265 exempla,
1302 2216 1388 2253 licet

315 2275 504 2317 quantum
533 2267 581 2305 ad
611 2267 754 2315 aliquid
782 2267 916 2304 similia
936 2268 1020 2316 sint,
1042 2268 1181 2306 scilicet
1201 2276 1387 2317 quantum

316 2321 364 2358 ad
405 2321 663 2358 universalem
707 2321 992 2367 causalitatem;
1035 2329 1165 2358 tamen
1208 2322 1390 2360 deficiunt

316 2382 502 2424 quantum
541 2374 590 2411 ad
627 2375 722 2421 hoc,
757 2374 863 2423 quod
891 2374 1094 2412 multitudo
1129 2383 1165 2412 et
1193 2375 1389 2413 diversitas

315 2440 394 2465 non
425 2435 627 2465 causantur
660 2428 708 2464 ab
742 2427 804 2465 illo
833 2440 911 2465 uno
945 2428 1131 2488 principio
1160 2428 1387 2477 universali,

315 2489 503 2530 quantum
531 2481 580 2518 ad
609 2480 646 2518 id
671 2481 777 2530 quod
800 2481 1031 2531 principium
1046 2472 1300 2520 distinctionis
1320 2490 1387 2530 est,

315 2535 383 2572 sed
403 2535 528 2572 solum
557 2542 744 2583 quantum
774 2535 823 2572 ad
850 2535 889 2572 id
915 2535 953 2572 in
979 2548 1058 2585 quo
1088 2536 1387 2574 communicant.

315 2589 407 2626 Non
437 2587 539 2625 enim
568 2587 766 2625 diversitas
795 2589 968 2626 colorum
988 2595 1001 2610 ’²
1031 2596 1207 2626 causatur
1236 2602 1281 2627 ex
1304 2591 1388 2628 luce

315 2643 463 2688 solum,
493 2641 561 2678 sed
590 2653 635 2678 ex
668 2641 817 2679 diversa
845 2641 1093 2691 dispositione
1124 2642 1304 2692 diaphani
1333 2655 1389 2681 re-

316 2695 508 2744 cipientis:
539 2702 575 2732 et
603 2694 773 2732 similiter
795 2695 993 2733 diversitas
1022 2695 1206 2733 linearum
1235 2695 1308 2734 ex*
1334 2696 1388 2734 di-

314 2761 428 2786 verso
449 2748 532 2786 situ.
563 2748 612 2785 Et
631 2748 718 2786 inde
740 2756 795 2786 est
814 2749 918 2798 quod
947 2749 1170 2787 huiusmodi
1190 2749 1388 2788 diversitas

316 2809 353 2839 et
381 2801 583 2839 multitudo
604 2814 683 2839 non
703 2810 829 2851 potest
855 2802 1034 2851 cognosci
1053 2803 1091 2840 in
1110 2816 1182 2840 suo
1202 2803 1387 2854 principio

315 2855 531 2892 secundum
558 2854 756 2904 propriam
786 2856 1062 2903 cognitionem,
1097 2856 1165 2894 sed
1194 2858 1321 2894 solum
1349 2857 1387 2895 in

316 2908 524 2946 communi.
557 2908 634 2946 Sed
663 2908 701 2946 in
727 2909 813 2946 Deo
834 2921 913 2947 non
933 2909 985 2947 sic
1006 2917 1072 2947 est.
1104 2911 1229 2960 Supra
1243 2910 1263 2933 '¹‘
1284 2910 1387 2948 enim

315 2969 513 2999 ostensum
547 2969 603 2999 est
630 2961 737 3010 quod
766 2962 953 3011 quidquid
985 2963 1227 3012 perfectionis
1261 2971 1317 3001 est
1349 2964 1388 3002 in

315 3028 560 3064 quacumque
596 3023 785 3063 creatura,
813 3023 936 3054 totum
965 3017 1179 3066 praeexistit
1206 3025 1244 3055 et
1272 3017 1389 3054 conti-

315 3076 426 3106 netur
453 3069 490 3106 in
520 3069 606 3106 Deo
640 3069 852 3106 secundum
891 3070 1054 3108 modum
1089 3071 1336 3108 excellentem
1355 3077 1385 3107 ‘fl

315 3122 406 3159 Non
427 3123 554 3160 solum
578 3130 706 3160 autem
731 3122 769 3160 id
789 3122 827 3160 in
847 3135 924 3172 quo
955 3131 1150 3161 creaturae
1171 3123 1386 3162 communi-

315 3183 420 3223 cant,
451 3175 591 3212 scilicet
618 3175 747 3225 ipsum
776 3188 871 3224 esse,
893 3177 942 3214 ad
969 3177 1245 3226 perfectionem
1273 3176 1387 3227 perti-

315 3236 396 3274 net;
426 3229 494 3266 sed
522 3228 638 3266 etiam
667 3241 713 3266 ea
740 3241 811 3278 per
844 3242 943 3278 quae
973 3238 1165 3268 creaturae
1203 3230 1253 3268 ad
1290 3230 1387 3268 invi-

315 3293 400 3319 cem
422 3281 710 3330 distinguuntur,
740 3282 837 3320 sicut
860 3283 1004 3331 vivere,
1027 3292 1062 3321 et
1081 3290 1092 3304 '
1111 3283 1329 3332 intelligere,
1350 3291 1388 3321 et

367 3396 392 3429 ζ)
411 3397 488 3422 entis.
506 3410 524 3416 -
542 3396 663 3422 entitati's
682 3396 795 3422 codices.

367 3433 394 3464 η)
414 3439 460 3458 nec
478 3432 543 3457 eius.
560 3444 579 3451 -
597 3432 653 3458 elus
673 3432 805 3457 PBCDEF
825 3437 852 3457 et
868 3432 926 3457 edd.
939 3440 956 3457 a
967 3433 990 3457 b.

367 3466 392 3500 0)
412 3467 499 3493 huius.
516 3481 535 3486 -
553 3467 609 3492 eius
627 3467 792 3493 ACDEFGa.

368 3503 385 3535 ι)
402 3510 453 3534 per
473 3510 563 3528 unum.
581 3517 600 3522 —
618 3503 679 3528 Om.
699 3503 801 3528 codices
821 3508 846 3528 et
865 3503 906 3528 ed.
921 3510 946 3528 α.

367 3538 392 3569 κ)
411 3538 540 3563 colorum.
558 3552 577 3557 -
593 3538 691 3563 coloris
711 3539 773 3564 Pab-

366 3571 394 3604 λ)
414 3580 459 3598 ex.
478 3587 495 3593 -
514 3576 554 3598 est
572 3580 610 3598 ex
628 3574 740 3599 codices.

368 3610 396 3642 μ)
415 3609 598 3634 excellentem.
615 3622 635 3629 -
653 3609 828 3636 excellentiae
847 3609 883 3641 D,
903 3610 1118 3636 excellentiorem
1138 3610 1173 3641 B:
1194 3609 1233 3635 vel
1251 3609 1384 3635 excellen-

314 3644 367 3669 tiae
386 3652 475 3676 margo
494 3645 525 3669 A.

1012 266 1280 314 QUAESTIO
1310 266 1411 314 XIV,
1441 264 1740 304 ARTICULUS
1769 266 1820 302 VI

1444 345 1676 392 huiusmodi,
1706 345 1846 394 quibus
1874 344 2045 382 viventia
2065 357 2087 381 a
2116 356 2195 381 non
2223 344 2454 393 viventibus,
2483 352 2519 382 et

1443 398 1686 447 intelligentia
1706 411 1728 436 a
1747 411 1827 436 non
1846 397 2140 446 intelligentibus
2157 397 2446 446 distinguuntur.
2469 399 2519 436 Et

1444 452 1570 490 omnis
1589 453 1726 500 forma,
1746 464 1816 501 per
1835 464 1952 501 quam
1973 451 2164 500 quaelibet
2184 449 2198 474 ε
2226 463 2286 488 res
2305 451 2344 488 in
2361 451 2518 501 propria

1443 505 1570 555 specie
1599 505 1851 553 constituitur,
1871 504 2052 555 perfectio
2083 505 2276 553 quaedam
2297 511 2364 542 est.
2394 505 2443 542 Et
2462 504 2518 542 sic

1444 558 1573 596 omnia
1601 559 1640 596 in
1673 560 1760 596 Deo
1789 558 2058 608 praeexistunt,
2083 570 2163 595 non
2183 558 2309 595 solum
2330 565 2519 605 quantum

1443 612 1494 649 ad
1527 612 1565 650 id
1593 612 1699 661 quod
1733 624 1941 649 commune
1977 619 2033 649 est
2066 611 2269 658 omnibus,
2304 610 2373 648 sed
2402 611 2517 649 etiam

1444 673 1631 714 quantum
1652 665 1701 703 ad
1721 677 1766 703 ea
1790 666 2004 703 secundum
2024 677 2123 714 quae
2143 677 2202 702 res
2223 663 2516 713 distinguuntur.

1443 719 1493 756 Et
1511 718 1576 766 sic,
1599 731 1688 756 cum
1707 719 1814 756 Deus
1834 725 1846 740 ⁰
1874 719 1914 756 in
1933 731 1973 756 se
1994 731 2131 756 omnes
2153 717 2519 768 perfectiones'con-

1442 771 1570 819 tineat,
1592 779 1838 821 comparatur
1864 772 1937 809 Dei
1966 772 2130 809 essentia
2159 771 2209 809 ad
2233 784 2370 809 omnes
2390 783 2518 809 rerum

1444 825 1638 871 essentias,
1654 837 1734 862 non
1749 825 1845 862 sicut
1865 837 2074 862 commune
2090 825 2138 863 ad
2152 825 2321 874 propria,
2337 832 2380 862 ut
2393 824 2518 862 unitas

1444 877 1491 914 ad
1513 890 1708 924 numeros,
1723 879 1787 915 vel
1806 885 1979 915 centrum
2000 879 2049 916 ad
2068 878 2203 926 lineas;
2229 878 2297 916 sed
2317 878 2414 915 sicut
2432 890 2518 928 per-

1443 931 1563 968 fectus
1592 938 1698 968 actus
1727 930 1776 968 ad
1803 930 2058 980 imperfectos,
2079 939 2120 969 ut
2139 932 2170 969 si
2195 932 2374 979 dicerem,
2395 932 2516 969 homo

1443 984 1492 1022 ad
1521 984 1683 1032 animal,
1711 984 1775 1021 vel
1803 983 1994 1031 senarius,
2033 984 2098 1034 qui
2127 993 2183 1026 est
2213 997 2399 1023 numerus
2430 997 2517 1035 per-

1442 1039 1575 1085 fectus,
1605 1038 1654 1075 ad
1682 1049 1866 1074 numeros
1894 1037 2138 1087 imperfectos
2165 1043 2184 1060 π
2212 1039 2283 1076 sub
2311 1038 2396 1087 ipso
2425 1051 2517 1076 con-

1440 1098 1578 1129 tentos.
1609 1090 1856 1128 Manifestum
1891 1098 1947 1127 est
1973 1098 2103 1128 autem
2139 1092 2246 1140 quod
2281 1104 2352 1142 per
2387 1099 2517 1129 actum

1443 1145 1654 1194 perfectum
1675 1143 1855 1192 cognosci
1882 1151 2046 1193 possunt
2064 1151 2170 1181 actus
2190 1144 2414 1194 imperfecti,
2434 1157 2515 1182 non

1443 1198 1570 1235 solum
1590 1197 1629 1235 in
1649 1197 1860 1245 communi,
1882 1197 1951 1235 sed
1971 1196 2085 1235 etiam
2104 1197 2262 1247 propria
2286 1197 2515 1246 cognitione.

1444 1251 1549 1289 Sicut
1577 1250 1643 1300 qui
1672 1250 1868 1300 cognoscit
1895 1250 2123 1299 hominem,
2149 1251 2345 1299 cognoscit
2372 1250 2516 1289 animal

1442 1304 1597 1354 propria
1635 1304 1870 1356 cognitione:
1906 1312 1943 1341 et
1975 1304 2040 1354 qui
2069 1303 2265 1352 cognoscit
2300 1304 2515 1353 senarium,

1443 1358 1638 1419 cognoscit
1665 1357 1863 1395 trinarium
1890 1357 2047 1408 propria
2077 1357 2305 1406 cognitione.

1498 1412 1559 1449 Sic
1592 1411 1721 1460 igitur,
1758 1423 1847 1448 cum
1875 1417 1891 1442 Ρ
1920 1411 2082 1449 essentia
2119 1411 2191 1448 Dei
2225 1411 2366 1448 habeat
2398 1411 2438 1448 in
2474 1423 2516 1448 se

1443 1465 1629 1515 quidquid
1646 1464 1890 1515 perfectionis
1908 1465 2024 1502 habet
2053 1464 2215 1502 essentia
2241 1464 2515 1525 cuiuscumque

1443 1519 1497 1557 rei
1525 1518 1697 1566 alterius,
1733 1525 1770 1556 et
1797 1519 1923 1556 adhuc
1957 1518 2144 1568 amplius,
2177 1519 2284 1556 Deus
2313 1518 2352 1556 in
2386 1517 2515 1568 seipso

1441 1580 1567 1633 potest
1587 1548 1720 1610 omni'a
1738 1571 1894 1622 propria
1914 1572 2130 1621 cognitione
2154 1584 2400 1632 cognoscere.
2422 1573 2516 1609 Pro-

1441 1626 1524 1676 pria
1553 1626 1657 1671 enim
1686 1633 1821 1663 natura
1848 1625 2147 1675 uniuscuiusque
2177 1625 2358 1673 consistit,
2379 1626 2516 1663 secun-

1443 1680 1537 1718 dum
1576 1679 1682 1729 quod
1718 1691 1788 1729 per
1824 1678 1989 1728 aliquem
2028 1678 2192 1716 modum
2231 1678 2402 1716 divinam
2430 1690 2516 1728 per·

1442 1733 1647 1771 sectionem
1682 1732 1892 1782 participat.
1931 1733 2024 1770 Non
2053 1740 2183 1770 autem
2211 1733 2318 1770 Deus
2348 1732 2516 1782 perfecte

1442 1787 1611 1837 seipsum
1642 1794 1901 1835 cognosceret,
1921 1785 1992 1823 nisi
2022 1793 2272 1834 cognosceret
2297 1784 2516 1835 quomodo-

1443 1852 1610 1890 cumque
1641 1839 1912 1889 participabilis
1940 1847 1998 1876 est
2024 1839 2074 1876 ab
2103 1839 2184 1876 aliis
2212 1851 2282 1876 sua
2309 1838 2515 1889 perfectio:

1442 1906 1514 1931 nec
1534 1893 1648 1931 etiam
1669 1893 1792 1942 ipsam
1822 1900 1998 1930 naturam
2033 1891 2191 1930 essendi·
2205 1892 2373 1942 perfecte
2392 1891 2516 1940 sciret,

1441 1947 1511 1984 nisi
1531 1953 1780 1995 cognosceret
1799 1958 1936 1983 omnes
1956 1945 2097 1983 modos
2117 1945 2280 1983 essendi.
2300 1945 2413 1984 Unde
2433 1957 2517 1983 ma-

1441 2000 1621 2038 nifestum
1642 2007 1699 2037 est
1726 1999 1832 2050 quod
1851 2000 1958 2037 Deus
1978 1999 2173 2048 cognoscit
2192 2010 2330 2037 omnes
2349 2011 2409 2037 res
2426 2010 2516 2050 pro-

1440 2054 1524 2104 pria
1552 2052 1791 2102 cognitione,
1821 2053 2034 2090 secundum
2064 2052 2171 2102 quod
2199 2052 2248 2090 ab
2277 2051 2358 2090 aliis
2391 2052 2516 2091 distin·

1442 2115 1607 2156 guuntur
1635 2113 1661 2144 ⁶.

1495 2163 1555 2198 An
1583 2172 1721 2197 PRlMUM
1741 2171 1840 2196 ERGO
1869 2171 2054 2197 DlCENDUM
2074 2158 2180 2209 quod
2200 2158 2254 2196 sic
2282 2170 2516 2208 cognoscere

1442 2213 1585 2263 aliquid
1605 2213 1701 2250 sicut
1728 2212 1767 2249 in
1797 2221 2052 2260 cognoscente
2074 2220 2140 2261 est,
2162 2219 2288 2262 potest
2317 2211 2517 2262 dupliciter

1442 2265 1607 2314 intelligi.
1628 2266 1716 2304 Uno
1746 2265 1879 2313 modo,
1900 2266 2116 2303 secundum
2145 2266 2252 2314 quod
2279 2266 2355 2303 hoc
2379 2266 2516 2304 adver-

1442 2320 1551 2358 bium
1577 2319 1632 2356 sic
1663 2318 1845 2368 importat
1872 2319 2035 2356 modurn
2072 2318 2299 2367 cognitionis
2334 2331 2380 2356 ex
2407 2326 2515 2368 parte

1443 2374 1497 2411 rei
1517 2370 1714 2421 cognitae.'
1724 2373 1774 2409 Et
1801 2371 1855 2409 sic
1874 2372 2012 2409 falsum
2033 2380 2100 2410 est.
2122 2373 2215 2409 Non
2234 2371 2336 2409 enim
2362 2384 2516 2422 semper

1444 2438 1680 2475 cognoscens
1718 2425 1913 2474 cognoscit
1948 2425 2142 2474 cognitum
2176 2425 2390 2462 secundum
2423 2425 2515 2463 illud

1444 2492 1526 2518 esse
1547 2479 1654 2529 quod
1672 2479 1788 2516 habet
1807 2479 1846 2516 in
1866 2486 2138 2527 cognoscente:
2159 2479 2293 2516 oculus
2313 2478 2415 2517 enim
2435 2491 2515 2517 non

1443 2532 1639 2582 cognoscit
1675 2532 1843 2582 lapidem
1883 2532 2096 2570 secundum
2135 2544 2217 2569 esse
2256 2531 2363 2581 quod
2398 2531 2516 2570 habet

1442 2587 1481 2625 in
1514 2587 1646 2632 oculo;
1681 2586 1749 2623 sed
1780 2598 1851 2635 per
1883 2585 2052 2635 speeiem
2085 2585 2222 2634 lapidis
2251 2597 2371 2634 quam
2399 2585 2516 2623 habet

1442 2641 1482 2678 in
1510 2652 1572 2688 se,
1609 2639 1804 2688 cognoscit
1838 2639 2006 2688 lapidem
2035 2638 2251 2677 secundum
2289 2651 2373 2677 esse
2408 2639 2516 2688 quod

1441 2694 1558 2732 habet
1577 2701 1680 2731 extra
1708 2693 1875 2730 oculum.
1897 2693 1946 2730 Et
1973 2692 2006 2730 si
2025 2691 2159 2742 aliquis
2185 2704 2422 2741 cognoscens
2451 2704 2514 2730 co-

1441 2754 1599 2796 gnoscat
1627 2746 1822 2795 cognitum
1851 2745 2065 2784 secundum
2094 2758 2178 2784 esse
2207 2746 2314 2796 quod
2342 2746 2458 2784 habet
2475 2745 2515 2784 in

1442 2807 1710 2850 cognoscente,
1731 2799 1978 2845 nihilominus
1999 2798 2194 2848 cognoscit
2221 2799 2349 2849 ipsum
2378 2810 2513 2837 secun·-

1442 2854 1536 2893 dum
1565 2866 1647 2891 esse
1676 2852 1781 2903 quod
1809 2853 1925 2890 habet
1945 2860 2048 2890 extra
2073 2860 2388 2901 cognoscentem:
2419 2851 2516 2890 sicut

1441 2908 1653 2946 intellectus
1682 2906 1879 2955 cognoscit
1906 2906 2074 2956 lapidem
2103 2905 2318 2944 secundum
2346 2917 2429 2943 esse
2457 2905 2513 2943 in-

1441 2961 1630 3010 telligibile
1668 2960 1773 3010 quod
1807 2960 1923 2997 habet
1959 2959 1998 2998 in
2034 2959 2245 3007 intellectu,
2283 2958 2513 3008 inquantum

1441 3014 1637 3063 cognoscit
1656 3026 1697 3051 se
1715 3013 1937 3061 intelligere;
1959 3013 2028 3051 sed
2047 3012 2294 3051 nihilominus
2318 3011 2515 3061 cognoscit

1441 3081 1524 3106 esse
1553 3067 1688 3117 lapidis
1716 3073 1731 3088 ¹·
1758 3067 1797 3104 in
1825 3067 1981 3116 propria
2009 3074 2155 3104 natura.
2175 3086 2200 3094 -
2223 3065 2263 3103 Si
2282 3077 2377 3103 vero
2407 3065 2514 3104 intel-

1440 3121 1576 3170 ligatur
1613 3121 1827 3159 secundum
1856 3119 1964 3168 quod
1991 3121 2067 3158 hoc
2104 3118 2333 3159 adverbium
2360 3119 2415 3157 sic
2442 3118 2513 3157 im-

1439 3182 1566 3224 portat
1599 3175 1762 3213 modum
1798 3186 1843 3210 ex
1881 3181 1988 3223 parte
2017 3178 2030 3194 ⁰
2058 3172 2513 3221 cognoscentis,-verum

1442 3236 1497 3266 est
1529 3228 1636 3277 quod
1665 3228 1719 3266 sic
1747 3228 1874 3265 solum
1895 3238 2131 3276 cognoscens
2161 3226 2357 3274 cognoscit
2384 3225 2513 3274 cogni-

1442 3289 1543 3330 tum,
1574 3281 1788 3319 secundum
1822 3280 1927 3331 quod
1955 3287 2012 3317 est
2048 3278 2087 3316 in
2117 3286 2393 3328 cognoscente:
2422 3278 2512 3328 quia

1493 3398 1570 3428 v).et.
1588 3410 1606 3416 -
1625 3397 1687 3421 Om.
1706 3396 1818 3421 codices.

1494 3430 1516 3464 ξ)
1536 3431 1675 3464 quaelibet.
1693 3444 1712 3451 -
1730 3431 1792 3456 Om.
1811 3429 1973 3455 ABCDEFa.
1991 3443 2009 3448 -
2024 3429 2140 3462 propria
2159 3437 2204 3454 om
2222 3429 2252 3456 F.

1493 3468 1518 3499 ο)
1540 3467 1621 3492 Deus.
1633 3480 1653 3487 -
1667 3467 1729 3492 Om.
1748 3466 1851 3491 codices
1871 3470 1895 3490 et
1914 3466 1954 3490 ed.
1969 3473 1995 3490 α.

1492 3503 1521 3534 π)
1542 3509 1666 3527 numeros
1685 3501 1862 3535 imperfectos.
1880 3514 1899 3521 -
1918 3501 2086 3534 imperfectos
2103 3501 2166 3527 Pub.

1493 3538 1517 3571 ρ)
1536 3545 1605 3563 cum.
1623 3551 1642 3557 —-
1659 3540 1686 3562 et
1703 3544 1763 3562 cum
1781 3536 1941 3562 ACDEGab.

1492 3572 1518 3605 σ)
1539 3573 1751 3606 distinguuntur.
1769 3584 1788 3591 -
1807 3571 1985 3605 distinguitur
2003 3571 2125 3597 ACDEF'.

1494 3608 1518 3640 τ)
1538 3608 1645 3640 lapidis.
1662 3621 1681 3629 -
1699 3607 1814 3640 lapidem
1835 3607 1897 3633 Pab-

1493 3643 1518 3675 u)
1537 3650 1576 3668 ex
1589 3645 1679 3675 parte.
1697 3656 1716 3662 —
1735 3642 1795 3667 Om.
1816 3642 1869 3668 BD.
