2768 4178
67 2129 78 2140 ⁸
86 2129 137 2151 Lib.
146 2130 178 2151 111
184 2129 214 2151 de
222 2129 284 2152 Con-

68 2156 146 2184 solat„
163 2160 238 2179 metro
250 2163 283 2179 rx.

169 2293 185 2318 Υ

170 2446 184 2470 ὃ

70 2563 78 2571 ·
90 2561 141 2582 Αη.
159 2566 235 2588 praec.

330 295 400 320 100

1054 285 1323 333 QUAESTIO
1353 288 1406 335 X,
1437 287 1736 325 ARTICULUS
1765 289 1801 326 V

1116 458 1435 501 ARTICULUS
1466 459 1723 512 QUINTUS

1006 567 1064 598 DE
1088 567 1380 598 DIFFERENTIA
1403 568 1505 599 AEVI
1529 569 1589 600 ET
1613 569 1832 601 TEMPORIS

543 656 551 680 1
572 655 656 684 Sent„
677 655 734 681 dist.
749 663 802 686 vm,
823 663 868 688 qu.
883 663 909 686 11,
930 660 978 680 art.
999 663 1028 687 2;
1049 655 1107 680 dist.
1127 662 1176 687 xxx,
1196 663 1241 688 qu.
1259 660 1392 721 11,Qart.d11;
1409 656 1441 716 ἐξ,
1462 656 1522 682 dist.
1540 664 1567 688 11,
1588 665 1632 690 qu.
1651 665 1670 689 ι,
1689 662 1736 683 art.
1756 665 1777 688 1;
1798 658 1840 683 De
1858 658 1926 688 Por„
1946 666 1991 691 qu.
2011 666 2048 690 ιιι,
2068 664 2114 684 art.
2139 666 2177 691 14.
2197 659 2229 684 ad
2253 658 2297 690 18;

1317 698 1352 716 uo
1383 708 1390 716 .
1433 710 1441 723 ,
1461 699 1506 724 qu.
1524 700 1552 717 n.

371 806 411 838 >¹
438 802 508 852 μα(
532 801 554 826 D
574 800 737 831 QUINTUM
757 801 811 827 sm
831 800 1074 826 PROCEDrrUR.
1105 787 1267 833 Videtur
1287 787 1394 836 quod

449 832 502 891 ’ξῆ
531 854 672 879 aevum
702 855 782 880 non
810 842 857 879 sit
885 842 988 879 aliud
1016 854 1039 879 a
1066 849 1256 890 tempore.
1293 840 1395 877 Dicit

366 894 384 940 2
468 880 635 933 'fenim
666 896 919 944 Augustinus,
948 896 1036 933 VIII
1063 906 1178 944 super
1218 894 1311 931 Gen.
1341 894 1394 931 ad

375 964 384 975 »
407 945 465 976 54³¹
489 941 521 985 Νι
531 949 595 986 litt.
616 949 653 996 ²¹⁶,
684 949 791 998 quod
809 951 915 986 Deus
938 955 1065 986 movet
1081 954 1299 986 creaturam
1318 947 1391 996 spi-

317 1004 491 1041 ritualem
518 1015 592 1051 per
625 1009 769 1052 tempus
797 1009 825 1039 α.
857 1002 936 1040 Sed
968 1014 1111 1040 aevum
1145 1001 1280 1039 dicitur
1307 1013 1390 1038 esse

317 1069 497 1094 mensura
517 1056 766 1106 spiritualium
783 1055 1093 1093 substantiarum.
1114 1056 1217 1103 Ergo
1237 1062 1392 1104 tempus

317 1123 397 1148 non
425 1110 551 1148 differt
578 1110 627 1147 ab
656 1121 769 1146 aevo.

372 1175 406 1201 2.
437 1165 679 1211 PRAETEREA,
711 1163 758 1200 de
793 1162 940 1200 ratione
977 1162 1162 1211 temporis
1199 1169 1256 1199 est
1284 1161 1391 1210 quod

315 1218 456 1254 habeat
482 1216 587 1265 prius
616 1223 653 1253 et
676 1217 887 1266 posterius:
918 1216 967 1253 de
991 1216 1138 1253 ratione
1156 1228 1252 1253 vero
1273 1223 1391 1252 aeter-

317 1271 441 1308 nitatis
470 1278 527 1307 est
555 1270 662 1319 quod
690 1270 736 1307 sit
763 1277 843 1307 tota
870 1269 1000 1318 simul,
1029 1277 1071 1306 ut
1103 1269 1248 1307 dictum
1279 1276 1335 1306 est
1357 1268 1388 1305 *.

317 1324 395 1362 Sed
424 1336 567 1361 aevum
595 1336 675 1361 non
703 1331 760 1361 est
786 1323 1004 1361 aeternitas:
1036 1323 1171 1361 dicitur
1195 1322 1298 1360 enim
1317 1323 1390 1360 Ec-

317 1378 375 1415 cli.
403 1377 469 1425 1²¹⁶,
499 1378 607 1427 quod
635 1377 820 1426 sapientia
847 1385 1002 1414 aeterna
1035 1383 1090 1414 est
1121 1383 1209 1414 ante
1236 1387 1388 1413 aevum.

317 1433 421 1480 Ergo
450 1443 530 1468 non
572 1438 629 1468 est
655 1438 780 1468 totum
814 1431 949 1478 simul,
980 1431 1048 1468 sed
1070 1431 1193 1480 (habet
1219 1429 1326 1479 prius
1355 1437 1391 1466 et

316 1485 526 1535 posterius:
563 1492 599 1521 et
631 1484 682 1522 ita
715 1491 771 1522 est
798 1491 960 1534 tempus.

373 1539 407 1576 3.
438 1539 672 1585 PRAETEREA,
702 1538 733 1575 si
761 1538 800 1575 in
828 1550 928 1575 aevo
948 1550 1029 1575 non
1057 1544 1115 1575 est
1132 1536 1239 1586 prius
1264 1544 1300 1573 et
1319 1548 1388 1585 po-

317 1591 469 1639 sterius,
500 1591 672 1640 sequitur
699 1591 806 1640 quod
834 1591 873 1629 in
902 1590 1105 1630 aeviternis
1133 1603 1213 1628 non
1241 1589 1390 1628 differat

317 1657 400 1683 esse
427 1646 490 1682 vel
510 1645 626 1683 fuisse
654 1646 715 1682 vel
734 1644 752 1674 Ρ
771 1646 940 1682 futurum
966 1657 1060 1682 esse.
1083 1644 1185 1682 Cum
1214 1643 1325 1692 igitur
1344 1642 1390 1680 sit

314 1698 550 1748 impossibile
577 1699 773 1736 aeviterna
810 1711 890 1736 non
922 1698 1054 1746 fuisse,
1085 1697 1256 1747 sequitur
1283 1696 1389 1746 quod

314 1752 550 1802 impossibile
579 1752 624 1789 sit
653 1764 698 1789 ea
726 1764 805 1789 non
834 1752 960 1790 futura
985 1764 1080 1789 esse.
1112 1751 1231 1799 Quod
1249 1751 1388 1789 falsum

315 1813 381 1853 est,
411 1818 500 1843 cum
529 1807 636 1843 Deus
663 1806 784 1855 possit
813 1817 858 1843 ea
887 1806 1071 1843 reducere
1100 1805 1139 1842 in
1172 1805 1345 1842 nihilum.

366 1871 403 1907 4.
434 1861 677 1907 ΡκΑΕτΕκΕΑ,
709 1871 797 1896 cum
832 1859 982 1897 duratio
1017 1859 1304 1897 aeviternorum
1342 1858 1388 1895 sit

312 1913 458 1950 infinita
488 1925 533 1950 ex
560 1921 668 1962 parte
695 1921 795 1962 post,
816 1913 846 1950 si
866 1925 1009 1951 aevum
1038 1913 1086 1950 sit
1113 1920 1236 1950 totum
1262 1912 1386 1959 simul,

311 1967 482 2015 sequitur
509 1967 615 2016 quod
653 1966 809 2015 aliquod
846 1974 1015 2004 creatum
1050 1967 1096 2004 sit
1129 1966 1320 2004 infinitum
1348 1966 1387 2003 in

311 2027 417 2057 actu:
452 2020 556 2069 quod
593 2027 649 2057 est
685 2019 931 2070 impossibile.
972 2021 1064 2058 Non
1102 2020 1212 2069 igitur
1244 2032 1385 2057 aevum

313 2073 437 2111 differt
465 2086 487 2111 a
516 2081 702 2123 tempore.

366 2127 441 2164 SED
470 2139 616 2164 CONTRA
635 2139 702 2164 EST
720 2127 827 2175 quod
856 2127 946 2165 dicit
964 2127 1122 2165 Boetius
1145 2127 1186 2165 *z
1208 2128 1274 2176 qui
1295 2133 1386 2164 tem·

307 2193 381 2229 pus
408 2182 457 2218 ab
485 2192 579 2218 aevo
609 2181 664 2217 ire
693 2181 807 2218 iubes.

367 2235 593 2271 RESPONDEO
613 2245 798 2271 DICENDUM
818 2234 924 2283 quod
940 2246 1082 2271 aevum
1103 2233 1229 2271 differt
1247 2247 1270 2271 a
1289 2242 1384 2271 tem-

313 2300 408 2337 pore
438 2288 550 2324 et'ab
579 2292 592 2313 ⁷
620 2287 860 2334 aeternitate,
890 2287 986 2325 sicut
1014 2287 1189 2325 medium
1223 2288 1385 2325 existens

313 2341 409 2378 inter
436 2341 508 2378 illa.
540 2340 618 2377 Sed
645 2341 786 2378 horum
808 2340 1063 2378 differentiam
1087 2340 1202 2390 aliqui
1222 2341 1276 2379 sic
1295 2342 1385 2379 assi-

313 2402 440 2444 gnant,
470 2394 638 2432 dicentes
663 2394 770 2443 quod
797 2394 997 2432 aeternitas
1025 2394 1214 2444 principio
1243 2402 1280 2432 et
1306 2395 1386 2433 fine

313 2455 429 2494 caret;
458 2459 600 2485 aevum
625 2448 741 2485 habet
759 2447 1002 2497 principium,
1024 2448 1092 2486 sed
1112 2461 1191 2486 non
1211 2446 1224 2470 ὅ
1245 2449 1384 2496 finem;

311 2510 465 2551 tempus
494 2509 622 2538 autem
649 2502 766 2539 habet
791 2501 1022 2551 principium
1052 2509 1089 2539 et
1116 2502 1249 2540 finem.
1266 2523 1290 2530 —
1308 2503 1386 2540 Sed

311 2556 408 2593 haec
437 2554 650 2593 differentia
683 2562 740 2592 est
770 2567 841 2604 per
869 2554 1067 2603 accidens,
1098 2555 1194 2593 sicut
1227 2568 1342 2605 supra
1366 2556 1387 2578 *

312 2609 454 2647 dictum
477 2616 547 2646 est:
577 2608 667 2656 quia
693 2608 724 2645 si
753 2608 867 2653 etiam
898 2621 1055 2658 semper
1083 2609 1278 2647 aeviterna
1298 2609 1386 2647 fuis-

312 2670 395 2700 sent
424 2669 460 2699 et
487 2674 639 2711 semper
668 2661 793 2699 futura
822 2670 972 2709 essent,
1001 2669 1043 2700 ut
1071 2662 1188 2711 aliqui
1213 2671 1384 2712 ponunt:

311 2717 374 2754 vel
412 2715 525 2752 etiam
562 2715 593 2752 si
630 2715 864 2764 quandoque
901 2716 1127 2763 deficerent,
1156 2716 1262 2766 quod
1299 2717 1384 2754 Deo

310 2769 493 2819 possibile
531 2775 645 2814 esset;
675 2768 802 2806 adhuc
840 2781 980 2806 aevum
1016 2769 1308 2818 distingueretur
1336 2771 1385 2808 ab

312 2829 530 2861 aeternitate
559 2829 596 2858 et
623 2830 810 2872 tempore.

365 2875 439 2913 Alii
466 2887 561 2912 vero
582 2875 774 2923 assignant
794 2875 1047 2914 differentiam
1067 2876 1163 2915 inter
1182 2877 1279 2915 haec
1301 2876 1382 2925 tria,

311 2943 381 2980 per
399 2930 475 2966 hoc
501 2928 607 2977 quod
626 2929 827 2967 aeternitas
851 2942 930 2967 non
950 2930 1066 2967 habet
1083 2930 1187 2979 prius
1209 2937 1245 2968 et
1257 2938 1384 2980 poste-

312 2984 407 3028 rius;
437 2990 590 3032 tempus
610 2990 740 3020 autem
760 2983 876 3020 habet
893 2983 998 3032 prius
1027 2990 1064 3020 et
1086 2983 1276 3033 posterius
1297 2996 1384 3021 cum

311 3036 560 3074 innovatione
589 3043 625 3072 et
651 3036 910 3082 veteratione;
941 3049 1081 3074 aevum
1101 3043 1112 3058 ¹
1134 3038 1252 3075 habet
1278 3037 1383 3086 prius

313 3098 349 3128 et
367 3089 556 3140 posterius
576 3089 656 3127 sine
676 3089 925 3127 innovatione
946 3097 983 3127 et
1000 3090 1248 3128 veteratione.
1265 3111 1288 3118 -
1307 3090 1383 3128 Sed

312 3145 408 3182 haec
426 3143 565 3193 positio
594 3142 764 3193 implicat
789 3143 1079 3181 contradictoria
1104 3143 1128 3181 ζ.
1157 3144 1274 3192 Quod
1303 3143 1384 3193 qui-

313 3198 402 3236 dem
431 3197 630 3234 manifeste
659 3203 833 3246 apparet,
863 3196 893 3233 si
926 3196 1122 3235 innovatio
1142 3204 1180 3235 et
1197 3196 1382 3235 veteratio

313 3251 522 3288 referantur
550 3250 599 3288 ad
626 3249 751 3299 ipsam
775 3262 1007 3287 mensuram.
1035 3251 1136 3288 Cum
1157 3251 1259 3289 enim
1278 3249 1384 3301 prius

367 3383 394 3414 α)
410 3389 461 3414 per
481 3386 592 3414 tempus.
611 3396 629 3402 —-
648 3382 673 3407 in
695 3386 814 3414 tempore
832 3381 909 3407 ΑΘΕ.

367 3416 392 3450 β)
412 3418 461 3442 vel.
479 3432 497 3436 -
515 3421 541 3443 et
560 3418 662 3443 codices
682 3423 707 3443 et
726 3418 785 3443 edd.
804 3417 855 3442 ab.

366 3454 394 3486 γ)
413 3453 454 3478 ab.
473 3467 491 3472 -
509 3453 639 3478 omittunt
658 3453 770 3478 codices.
787 3467 806 3472 -
824 3453 893 3478 sicut
911 3453 1035 3478 omittunt
1053 3453 1190 3478 ABCDFG
1210 3459 1236 3479 et
1254 3453 1313 3478 edd.
1331 3452 1382 3483 ab,

312 3492 338 3513 et
357 3491 396 3513 est
415 3489 445 3513 E.

367 3523 391 3555 ὃ)
412 3531 473 3548 non.
491 3537 509 3542 -
528 3531 579 3548 non
599 3524 676 3549 habet
697 3524 843 3549 ABCDEG.

367 3559 389 3591 ε)
409 3566 511 3584 aevum.
530 3574 548 3578 -
567 3566 660 3584 aevum
680 3563 769 3584 autem
789 3560 890 3584 codices
910 3564 935 3584 et
954 3559 1013 3583 edd.
1032 3559 1082 3584 ab.

366 3594 391 3626 ζ)
410 3595 632 3620 contradictoria.
650 3608 668 3613 —
685 3595 925 3620 contradictionem
945 3595 1020 3620 BFG.

367 3630 393 3661 η)
412 3630 489 3655 sicut.
507 3643 526 3649 —-
543 3630 611 3655 sicut
630 3634 669 3655 est
688 3630 799 3655 codices.

367 3664 390 3698 0)
412 3673 544 3690 mensura.
564 3680 581 3684 -
600 3669 717 3697 tempore
737 3666 847 3691 codices.

1775 732 1793 750 φ

1445 796 1482 825 et
1500 789 1692 838 posterius
1721 790 1932 828 durationis
1961 803 2041 828 non
2058 791 2208 841 possint
2232 804 2315 830 esse
2344 792 2469 841 simul,
2492 794 2523 831 si

1446 854 1590 879 aevum
1624 843 1742 880 habet
1774 843 1880 892 prius
1914 852 1951 882 et
1977 845 2188 894 posterius,
2217 853 2370 895 oportet
2397 847 2520 896 quod,

1446 895 1573 944 priore
1600 903 1708 944 parte
1746 897 1833 934 aevi
1862 898 2085 946 recedente,
2114 896 2304 948 posterior
2338 900 2386 937 de
2414 912 2520 938 novo

1446 948 1644 986 adveniat:
1666 957 1703 986 et
1722 949 1776 986 sic
1795 949 1865 987 erit
1882 950 2081 989 innovatio
2102 952 2142 989 in
2160 952 2245 1002 ipso
2265 965 2378 1002 aevo,
2397 953 2494 991 sicut
2507 959 2522 978 '¹

1446 1001 1485 1039 in
1519 1009 1708 1052 tempore.
1744 1003 1784 1040 Si
1815 1015 1912 1041 vero
1950 1005 2160 1042 referantur
2190 1005 2242 1049 ad
2278 1015 2518 1056 mensurata,

1445 1055 1574 1093 adhuc
1610 1056 1780 1106 sequitur
1806 1056 2096 1095 inconveniens.
2126 1059 2185 1096 Ex
2211 1059 2288 1097 hoc
2321 1059 2425 1098 enim
2458 1072 2519 1098 res

1445 1108 1667 1158 temporalis
1686 1110 1920 1148 inveteratur
1946 1118 2136 1160 tempore,
2157 1113 2264 1160 quod
2291 1113 2408 1150 habet
2435 1125 2518 1151 esse

1444 1163 1749 1201 transmutabile:
1775 1171 1812 1201 et
1839 1176 1885 1201 ex
1913 1164 2268 1202 transmutabilitate
2297 1167 2517 1215 mensurati,

1446 1224 1502 1254 est
1528 1216 1634 1266 prius
1663 1225 1699 1254 et
1721 1217 1910 1267 posterius
1938 1218 1978 1255 in
2006 1230 2188 1255 mensura
2211 1216 2235 1267 ⁰,
2266 1226 2308 1256 ut
2341 1226 2446 1268 patet
2473 1231 2519 1258 ex

1445 1270 1498 1307 IV
1523 1271 1675 1319 Physic.
1695 1271 1716 1293 '¹‘
1735 1270 1776 1308 Si
1804 1270 1916 1319 igitur
1942 1271 2070 1320 ipsum
2095 1271 2336 1310 aeviternum
2365 1284 2445 1310 non
2472 1273 2520 1311 sit

1444 1323 1692 1361 inveterabile
1729 1337 1801 1362 nec
1839 1324 2080 1373 innovabile,
2109 1325 2186 1362 hoc
2214 1325 2283 1363 erit
2316 1325 2407 1376 quia
2435 1338 2519 1364 esse

1445 1377 1526 1415 eius
1546 1385 1603 1415 est
1620 1378 1960 1416 intransmutabile.
1992 1379 2176 1416 Mensura
2211 1391 2300 1428 ergo
2330 1379 2412 1417 eius
2439 1392 2520 1418 non

1444 1431 1600 1468 habebit
1635 1431 1740 1480 prius
1775 1438 1812 1468 et
1838 1431 2039 1480 posterius.

1497 1485 1567 1522 Est
1595 1497 1686 1534 ergo
1716 1485 1923 1522 dicendum
1957 1485 2084 1534 quod,
2114 1497 2204 1523 cum
2242 1487 2444 1525 aeternitas
2472 1487 2520 1525 sit

1444 1549 1626 1575 mensura
1660 1550 1742 1576 esse
1770 1539 2049 1588 permanentis,
2074 1539 2288 1577 secundum
2318 1541 2424 1590 quod
2452 1540 2519 1578 ali·

1443 1591 1536 1640 quid
1555 1591 1698 1629 recedit
1711 1604 1735 1629 a
1748 1592 2012 1641 permanentia
2028 1592 2191 1641 essendi,
2212 1594 2427 1632 secundum
2442 1595 2518 1632 hoc

1443 1645 1586 1683 recedit
1613 1646 1662 1683 ab
1691 1645 1922 1683 aeternitate.
1949 1645 2154 1693 Quaedam
2175 1654 2305 1684 autem
2334 1647 2388 1684 sic
2414 1659 2519 1685 rece-

1444 1698 1539 1736 dunt
1570 1711 1593 1736 a
1621 1699 1884 1748 permanentia
1914 1699 2087 1748 essendi,
2123 1701 2231 1747 quod
2264 1712 2347 1738 esse
2381 1712 2519 1739 eorum

1443 1760 1498 1789 est
1517 1752 1731 1790 subiectum
1757 1752 2083 1790 transmutationis
2097 1760 2116 1801 ¹,
2145 1754 2208 1790 vel
2233 1753 2271 1791 in
2290 1761 2519 1792 transmuta-

1441 1806 1544 1843 tione
1574 1806 1763 1844 consistit:
1797 1814 1834 1843 et
1867 1805 2089 1844 huiusmodi
2121 1815 2392 1845 mensurantur
2423 1815 2519 1845 tem-

1440 1871 1554 1909 pore;
1576 1859 1672 1897 sicut
1691 1859 1818 1897 omnis
1841 1867 1981 1907 motus,
2011 1867 2048 1897 et
2067 1860 2183 1898 etiam
2202 1867 2216 1881 ⁸
2238 1873 2321 1898 esse
2341 1861 2519 1899 omnium

1442 1913 1758 1962 corruptibilium.
1796 1913 2001 1960 Quaedam
2038 1925 2132 1950 vero
2171 1915 2355 1952 recedunt
2390 1914 2519 1953 minus

1441 1979 1464 2004 a
1491 1967 1756 2017 permanentia
1785 1966 1952 2014 essendi,
1983 1966 2074 2015 quia
2103 1979 2187 2004 esse
2216 1980 2352 2005 eorum
2379 1981 2452 2006 nec
2479 1968 2519 2006 in

1440 2020 1758 2058 transmutatione
1777 2020 1958 2067 consistit,
1978 2032 2050 2057 nec
2078 2027 2135 2058 est
2158 2020 2374 2059 subiectum
2398 2029 2518 2060 trans-

1441 2073 1662 2111 mutationis
1680 2071 1709 2111 λε
1739 2081 1870 2111 tamen
1896 2074 2041 2111 habent
2067 2074 2426 2112 transmutationem
2451 2075 2518 2114 ad-

1439 2127 1620 2175 iunctam,
1649 2128 1711 2164 vel
1739 2127 1779 2164 in
1807 2134 1895 2164 actu
1922 2128 1985 2164 vel
2009 2127 2047 2164 in
2071 2127 2254 2177 potentia.
2285 2128 2392 2166 Sicut
2414 2136 2520 2179 patet

1440 2181 1479 2218 in
1495 2180 1720 2230 corporibus
1736 2180 1973 2228 caelestibus,
1989 2193 2158 2229 quorum
2174 2193 2257 2219 esse
2272 2182 2518 2221 substantiale

1441 2241 1498 2271 est
1530 2233 1876 2279 intransmutabile3
1910 2242 2040 2271 tamen
2073 2246 2157 2271 esse
2190 2234 2518 2274 intransmutabile

1440 2288 1583 2324 habent
1611 2299 1701 2324 cum
1733 2287 2087 2324 transmutabilitate
2126 2288 2339 2326 secundum
2372 2289 2516 2327 Iocum.

1441 2341 1490 2378 Et
1517 2340 1689 2378 similiter
1715 2347 1820 2390 patet
1847 2339 1896 2378 de
1929 2340 2093 2389 angelis,
2123 2341 2230 2390 quod
2261 2341 2406 2379 habent
2434 2354 2518 2380 esse

1441 2393 1769 2431 intransmutabile
1783 2393 1804 2415 '¹‘
1819 2406 1907 2431 cum
1927 2394 2282 2432 transmutabilitate
2301 2395 2517 2434 secundum

1441 2447 1687 2495 electionem,
1708 2454 1895 2496 quantum
1915 2447 1965 2485 ad
1985 2459 2122 2485 eorum
2141 2455 2319 2486 naturam
2337 2449 2516 2498 pertinet;

1441 2509 1477 2538 et
1506 2513 1595 2539 cum
1623 2500 1980 2538 transmutabilitate
2010 2500 2342 2550 intelligentiarum
2370 2509 2407 2540 et
2425 2502 2518 2540 affe-

1442 2555 1626 2603 ctionum,
1658 2562 1694 2592 et
1722 2555 1899 2592 locorum
1925 2566 1997 2591 suo
2017 2554 2150 2592 modo.
2173 2555 2223 2592 Et
2242 2554 2330 2593 ideo
2349 2561 2370 2583 Ι*
2388 2555 2518 2595 huius-

1440 2608 1549 2646 modi
1576 2615 1850 2646 mensurantur
1877 2619 1995 2655 aevo,
2026 2609 2131 2657 quod
2152 2615 2209 2646 est
2227 2608 2400 2647 medium
2419 2609 2518 2648 inter

1441 2661 1703 2699 aeternitatem
1724 2669 1760 2698 et
1779 2669 1944 2711 tempus.
1968 2661 2064 2699 Esse
2085 2669 2216 2699 autem
2237 2662 2344 2712 quod
2361 2674 2530 2707 mensu-⁷

1441 2723 1498 2754 rat
1525 2714 1729 2753 aeternitas
1748 2720 1771 2761 ⁸,
1793 2727 1865 2752 nee
1885 2722 1941 2752 est
1964 2715 2162 2763 mutabile,
2183 2727 2257 2754 nec
2275 2715 2519 2755 mutabilitati

1440 2769 1676 2807 adiunctum.
1696 2789 1719 2796 -
1742 2768 1806 2806 Sic
1835 2780 1924 2817 ergo
1954 2776 2108 2818 tempus
2127 2769 2244 2807 habet
2260 2769 2367 2819 prius
2390 2777 2428 2808 et
2444 2782 2515 2820 po-

1438 2822 1598 2860 sterius:
1629 2833 1770 2860 aevum
1799 2829 1929 2859 autem
1958 2835 2038 2860 non
2066 2822 2183 2860 habet
2208 2822 2248 2860 in
2276 2834 2317 2860 se
2343 2823 2450 2872 prius
2479 2832 2516 2862 et

1438 2875 1654 2927 posterius,
1693 2875 1762 2913 sed
1800 2875 1833 2912 ei
1872 2875 2050 2924 coniungi
2085 2882 2274 2926 possunt:
2312 2875 2513 2916 aeternitas

1438 2937 1569 2968 autem
1588 2927 1602 2953 ε
1630 2941 1709 2966 non
1736 2928 1853 2966 habet
1870 2929 1975 2978 prius
2003 2940 2130 2979 neque
2156 2928 2359 2978 posterius,
2385 2942 2511 2981 neque

1439 2995 1485 3021 ea
1514 2982 1755 3033 compatitur.

1492 3038 1552 3074 An
1581 3047 1718 3074 Paruum
1746 3046 1846 3072 ERGO
1870 3047 2055 3073 mesanum
2083 3034 2191 3085 quod
2211 3042 2407 3074 creaturae
2435 3037 2528 3087 spi--

1438 3090 1604 3138 rituales,
1626 3096 1812 3139 quantum
1833 3089 1883 3126 ad
1903 3089 2127 3126 affectiones
2147 3096 2184 3126 et
2202 3087 2467 3138 intelligentias
2485 3094 2509 3138 ⁶,

1437 3143 1476 3181 in
1504 3143 1644 3193 quibus
1673 3149 1729 3180 est
1762 3142 1966 3191 successio,
1987 3149 2257 3180 mensurantur
2283 3149 2459 3192 tempore
2477 3143 2508 3182 ⁸.

1437 3196 1549 3235 Unde
1570 3203 1606 3234 et
1624 3195 1858 3244 Augustinus
1877 3195 2022 3234 ibidem
2037 3194 2057 3217 '¹‘
2080 3194 2169 3233 dicit
2188 3195 2294 3245 quod
2318 3208 2387 3246 per
2414 3204 2511 3235 tem·

1436 3262 1509 3299 pus
1528 3249 1690 3297 moveri,
1711 3257 1767 3287 est
1785 3261 1855 3299 per
1874 3248 2096 3287 affectiones
2114 3249 2277 3287 moveri.
2309 3250 2509 3298 Quantum

1493 3383 1511 3414 ι)
1531 3382 1774 3407 transmutationis.
1792 3396 1811 3401 —
1829 3380 2051 3407 transmutationi
2069 3381 2163 3414 BEpA.

1492 3418 1517 3450 κ)
1537 3417 1626 3442 etiam.
1645 3431 1663 3436 -
1682 3418 1743 3442 Om.
1758 3417 1804 3442 FG
1824 3422 1849 3442 et
1868 3417 1908 3449 ed.
1921 3423 1947 3442 a.

1492 3451 1520 3485 λ)
1541 3453 1783 3478 transmutationis.
1802 3466 1821 3472 ·-
1839 3452 2061 3478 transmutationi
2078 3452 2179 3477 ABDE.
2195 3466 2214 3472 -
2231 3452 2282 3478 Pro
2300 3452 2409 3482 habent,
2429 3452 2508 3478 habet

1492 3523 1521 3557 μ.)
1543 3523 1578 3548 Et
1597 3523 1665 3548 ideo.
1683 3536 1702 3542 -
1721 3523 1758 3548 Et
1775 3522 1856 3548 etiam
1876 3522 1936 3547 ideo
1955 3523 1991 3554 G,
2013 3523 2048 3547 Et
2066 3523 2146 3548 etiam
2165 3523 2195 3548 F.

1491 3559 1515 3590 ν)
1535 3561 1673 3583 mensurat
1690 3558 1847 3583 aeternitas.
1864 3571 1883 3577 -—
1902 3562 2074 3583 mensuratur
2094 3559 2255 3584 aeternitate
2272 3558 2395 3584 ABCDE.

1493 3591 1516 3625 Ε)
1535 3596 1635 3619 autem.
1653 3605 1672 3613 —-
1690 3593 1752 3618 Om.
1767 3593 1821 3618 FG.
1840 3607 1858 3613 -
1877 3593 1928 3618 Pro
1948 3601 1999 3619 non
2019 3594 2098 3620 habet
2111 3594 2191 3626 prius
2210 3601 2301 3627 neque,
2321 3600 2405 3626 neque
2428 3593 2507 3619 habet

1433 3629 1513 3661 prius
1532 3632 1558 3654 et
1577 3629 1687 3653 codices.

1493 3664 1518 3696 ο)
1538 3667 1563 3689 et
1583 3664 1781 3697 intelligentias.
1799 3678 1818 3683 -
1838 3664 2015 3698 intelligibiles
2034 3666 2064 3691 B.

2546 1272 2596 1321 t}-
2614 1277 2761 1322 ’Ἲέἑὲᾎὲ

2546 1314 2593 1347 η..
2637 1314 2644 1322 .
2699 1314 2706 1321 .
2754 1315 2760 1326 ,

2546 2403 2655 2427 ·D.m.

2537 3149 2549 3161 ’
2562 3149 2592 3172 D.
2607 3155 2653 3179 ¹³9·

2537 3202 2549 3214 ⁶
2563 3201 2621 3231 Cap.
2635 3209 2676 3226 xx.
