2768 4178
56 1183 116 1208 ’,(ἓῆ
122 1189 190 1207 m.
197 1189 270 1207 mu.

960 265 1227 314 QUAESTIO
1256 265 1430 311 XXXVI,
1459 264 1755 301 ARTICULUS
1785 265 1816 300 11

295 343 391 374 ducto
415 349 519 383 potest
538 342 705 382 dupliciter
721 341 887 373 convenire
903 341 1038 381 produci
1062 339 1237 371 necessario
1257 349 1274 369 a
1291 340 1360 380 plu-

294 387 381 418 ribus
404 387 548 427 personis
572 386 701 416 divinis:
727 395 794 416 uno
818 386 937 421 modo,
962 395 999 415 ex
1021 391 1108 425 parte
1137 384 1358 424 producentis;

295 431 357 462 alio
382 432 491 467 modo,
513 441 550 461 ex
568 437 656 471 parte
671 429 828 470 producti.
845 429 1039 469 Exemplum
1061 428 1155 469 primi
1171 428 1304 458 habetur
1326 428 1359 458 in

295 475 505 516 productione
529 481 687 505 creaturae
710 484 729 504 a
747 474 833 504 Deo:
850 473 1024 504 necessario
1049 473 1135 503 enim
1150 479 1197 502 est
1219 482 1238 502 a
1261 472 1360 502 tribus

295 519 455 560 personis,
479 519 555 560 quia
586 517 720 548 indivisa
743 523 818 548 sunt
840 527 937 557 opera
960 517 1122 547 Trinitatis
1146 516 1186 546 ad
1210 522 1310 552 extra,
1331 523 1361 546 et

295 573 362 594 non
385 563 507 594 ratione
522 562 686 612 producti3
706 561 782 602 quia
801 568 941 591 creatura
955 567 1064 600 posset
1087 559 1230 600 produci,
1248 567 1278 590 et
1294 570 1361 590 esse

296 607 378 638 sicut
400 613 456 643 est,
478 606 574 637 etiarn
597 606 623 636 si
646 616 664 636 a
687 605 757 635 solo
787 605 877 635 Patre
908 605 1145 644 produceretur.
1168 604 1361 654 Exemplum

297 651 427 682 secundi
449 651 626 686 haberetur,
639 649 668 679 si
685 655 825 679 creatura
844 658 904 678 suo
928 648 1055 678 formali
1078 648 1283 679 constitutivo
1299 648 1361 687 pri-

295 702 430 730 varetur,
447 695 473 725 si
496 704 562 724 non
586 700 667 724 esset
689 703 707 723 a
730 692 874 732 pluribus
898 692 1051 732 personis.
1073 693 1124 723 Ad
1147 692 1360 732 propositum,

297 739 431 779 Spiritus
455 738 588 769 Sanctus
621 736 763 777 procedit
791 746 809 766 a
831 737 922 767 Patre
946 744 976 767 et
1005 736 1088 767 Filio
1117 737 1293 767 necessario
1324 746 1361 767 ex

296 789 385 823 parte
400 781 614 822 producentis,
627 781 805 811 secundum
820 789 947 811 omnes:
964 781 1040 821 quia
1059 780 1167 811 omnia
1181 781 1280 811 Patris
1295 791 1360 811 non

296 826 503 867 repugnantia
517 825 610 861 Filio,
630 831 704 855 sunt
722 825 899 855 necessario
923 825 1107 856 communia
1123 824 1183 865 ipsi
1197 825 1289 856 Filio.
1309 827 1361 855 An

296 877 404 901 autem
427 880 464 900 ex
487 875 574 909 parte
604 868 752 910 producti
775 869 926 908 procedat
957 869 1132 900 necessario
1163 880 1181 899 a
1205 869 1303 906 Filio,
1327 869 1361 899 in

297 914 432 945 dubium
455 913 594 944 vertitur.
615 913 700 950 Quia
722 922 797 943 vero
822 913 1040 944 convenientia
1063 914 1220 954 producto
1237 923 1292 953 per
1316 923 1358 950 se,

297 958 490 989 conveniunt
514 957 542 988 ei
566 967 602 987 ex
636 963 723 997 parte
747 967 803 987 sua
825 955 945 999 (cetera
975 958 1060 988 enim
1090 957 1284 988 conveniunt
1306 967 1362 998 per

296 1002 450 1038 accidens,
473 1008 528 1032 aut
551 1001 641 1042 quasi
665 1011 721 1042 per
744 1000 912 1044 accidens),
936 1001 1019 1038 ideo,
1044 1012 1101 1042 per
1124 1011 1157 1032 se
1183 1002 1359 1042 loquendo,

296 1046 470 1088 quaeritur:
496 1046 613 1076 Utrum
636 1044 770 1086 Spiritus
794 1046 926 1076 Sanctus
951 1056 988 1076 ex
1006 1045 1136 1086 proprio
1156 1046 1361 1077 constitutivo

297 1101 334 1121 ac
358 1090 538 1121 distinctivo
562 1090 675 1120 habeat
697 1090 785 1130 quod
809 1091 960 1130 procedat
982 1100 1000 1120 a
1022 1090 1116 1120 Filio.

352 1135 404 1165 111.
422 1135 455 1165 In
473 1144 606 1174 corpore
622 1134 688 1164 duo
705 1133 793 1164 facit:
811 1134 925 1175 primo,
945 1134 1115 1174 respondet
1133 1134 1294 1176 quaesit0;
1315 1144 1361 1164 se-

297 1179 413 1215 cundo,
437 1178 540 1218 arguit
563 1178 700 1209 Graecos
711 1180 738 1209 *.

352 1223 470 1260 Quoad
482 1223 639 1262 primum,
663 1222 793 1262 ponitur
808 1232 872 1252 una
886 1222 1049 1253 conclusio
1065 1221 1247 1261 responsiva
1266 1231 1362 1262 quae-

296 1266 358 1298 sito
381 1266 576 1304 affirmative,
593 1266 725 1299 scilicet:
742 1266 876 1307 Spiritus
895 1267 1028 1298 Sanctus
1051 1265 1227 1296 necessario
1251 1275 1361 1305 proce-

294 1310 349 1342 dir
365 1309 499 1342 a‘FiJiO.
520 1327 539 1334 -
563 1311 604 1341 Et
626 1313 778 1351 probatur
799 1310 899 1341 tribus
922 1310 1096 1341 rationibus
1111 1310 1137 1341 *.

351 1355 461 1386 Prima
491 1361 547 1385 est.
572 1354 605 1385 Si
627 1354 762 1395 Spiritus
785 1355 918 1386 Sanctus
945 1365 1011 1385 non
1035 1361 1116 1384 esset
1138 1363 1156 1384 a
1179 1353 1270 1389 Filio,
1296 1362 1362 1383 non

295 1406 403 1440 posset
425 1399 464 1429 ab
488 1408 527 1429 eo
551 1396 756 1439 personaliter
775 1398 938 1438 distingui:
956 1408 1041 1439 ergo.
1057 1416 1078 1421 —
1091 1398 1132 1429 Et
1147 1398 1300 1438 probatur
1315 1407 1362 1427 se-

295 1443 391 1484 quela
413 1443 466 1473 sic.
490 1443 647 1473 Personae
671 1444 794 1474 divinae
817 1453 884 1474 non
907 1443 1145 1482 distinguuntur
1168 1442 1206 1472 ab
1225 1441 1362 1472 invicem

295 1497 352 1528 per
375 1486 496 1527 aliquid
523 1487 724 1525 absolutum,
753 1488 808 1518 sed
831 1488 938 1518 solum
970 1486 1174 1517 relationibus
1205 1485 1362 1526 oppositis

296 1531 440 1571 originis,
465 1531 643 1562 secundum
667 1542 734 1563 esse
757 1531 950 1572 principium
973 1538 1004 1562 et
1027 1541 1045 1561 a
1067 1530 1242 1571 principio:
1268 1540 1359 1581 ergo,

295 1575 323 1606 si
338 1575 473 1615 Spiritus
489 1575 622 1606 Sanctus
645 1586 712 1606 non
728 1576 822 1607 habet
844 1575 1030 1606 huiusmodi
1054 1574 1241 1605 relationem
1265 1574 1360 1614 origi-

295 1619 346 1650 nis
367 1629 387 1649 a
409 1619 502 1655 Filio,
521 1629 587 1650 non
611 1619 856 1660 distingueretur
878 1621 917 1650 ab
941 1630 980 1650 eo
1004 1619 1218 1659 personaliter.

350 1665 566 1703 Assumptum
595 1665 704 1704 quoad
727 1674 840 1695 omnes
869 1664 918 1695 sui
947 1671 1050 1704 partes
1079 1663 1262 1702 singillatim
1285 1673 1359 1703 pro-

295 1708 398 1739 batur.
421 1707 529 1738 Prima
551 1707 693 1748 quidem,
716 1709 832 1740 scilicet
856 1719 919 1739 non
938 1718 1001 1748 per
1023 1708 1146 1748 aliquid
1168 1708 1360 1745 absolutum,

296 1751 372 1793 quia
387 1752 508 1782 deesset
524 1752 628 1782 unitas
644 1753 812 1784 essentiae:
838 1763 877 1783 eo
893 1753 982 1793 quod
1001 1762 1098 1782 omne
1115 1752 1300 1782 absolutum
1316 1758 1363 1782 est

297 1795 471 1827 essentiale.
496 1796 641 1827 Secunda
663 1807 754 1833 vero,
779 1797 896 1828 scilicet
924 1797 1014 1837 quod
1035 1797 1113 1827 solis
1135 1796 1361 1833 relationibus,

297 1850 335 1871 ex
357 1839 460 1880 prima
477 1840 620 1881 sequitur
642 1841 818 1872 manifeste.
842 1841 949 1872 Tertia
968 1847 1085 1876 autern,
1101 1840 1219 1871 scilicet
1241 1842 1363 1881 opposi-

296 1885 348 1921 tis,
372 1883 590 1915 manifestatur
608 1894 646 1915 ex
662 1895 711 1922 eo,
729 1886 819 1926 quod
841 1885 874 1915 in
897 1885 996 1916 Patris
1016 1885 1109 1915 unica
1132 1894 1268 1924 persona
1290 1892 1364 1916 sunt

297 1929 379 1959 duae
402 1928 569 1959 relationes
603 1938 669 1960 non
694 1929 920 1970 distinguentes
949 1929 1069 1969 ipsam,
1097 1929 1173 1970 quia
1196 1939 1262 1959 non
1290 1937 1364 1960 sunt

297 1972 464 2013 oppositae
487 1972 623 2005 relative.
648 1974 768 2011 Quarta
787 1980 904 2010 autem,
925 1973 1042 2004 scilicet
1059 1974 1207 2014 originis,
1233 1973 1307 2014 quia
1331 1973 1364 2004 in

297 2015 412 2048 divinis
441 2026 508 2047 non
536 2025 671 2057 possunt
701 2028 767 2048 esse
798 2018 875 2048 aliae
906 2018 1073 2048 relationes
1106 2017 1273 2058 oppositae
1305 2018 1364 2048 nisi

298 2061 428 2101 originis
451 2059 556 2102 (quod
579 2069 625 2093 est
647 2062 889 2102 intelligendum
913 2063 951 2092 de
974 2062 1178 2092 relationibus
1202 2061 1363 2104 propriis).

299 2105 420 2143 Quinta
444 2105 585 2142 demum,
605 2106 722 2137 scilicet
736 2107 910 2137 secundum
929 2107 1126 2146 principium
1151 2111 1182 2137 et
1203 2116 1224 2136 a
1242 2107 1364 2146 princi-

291 2151 366 2190 pio,
391 2159 428 2180 ex
452 2150 710 2189 praecedentibus
733 2150 898 2181 manifeste
921 2150 1073 2191 sequitur.

353 2193 591 2234 Consequentia
612 2205 688 2225 vero
711 2195 864 2235 probatur
887 2195 941 2225 sic.
969 2195 1075 2226 Stante
1099 2202 1264 2234 assumpto
1277 2218 1284 2230 ,
1310 2202 1365 2226 aut

296 2237 397 2268 Filius
420 2237 563 2278 procedit
577 2249 595 2268 a
614 2239 731 2279 Spiritu
751 2239 877 2275 Sancto,
893 2246 948 2269 aut
963 2249 980 2269 e
1000 2245 1124 2269 contra:
1149 2239 1203 2269 sed
1223 2238 1363 2278 primum

297 2282 406 2313 nullus
421 2281 509 2312 dicit:
527 2292 602 2322 ergo
618 2293 743 2313 necesse
759 2290 806 2314 est
822 2283 976 2323 Spiritum
990 2283 1143 2314 Sanctum
1159 2292 1226 2313 esse
1242 2293 1259 2312 a
1271 2283 1363 2314 Filio.

353 2326 406 2357 IV.
435 2325 528 2356 Circa
550 2326 797 2358 conditionalem
821 2334 1034 2367 assumptam,
1059 2334 1090 2358 et
1113 2327 1180 2357 eius
1204 2327 1366 2367 probatio-

298 2379 383 2406 nem,
404 2370 540 2401 dubium
563 2371 758 2402 occurrit-ex
781 2372 888 2408 Scoto‚
913 2372 945 2402 in
969 2371 1087 2407 Primo,
1111 2371 1182 2402 dist.
1198 2381 1239 2407 111,
1260 2382 1313 2412 qu.
1332 2383 1363 2408 11,

298 2421 425 2445 tenente
448 2414 647 2455 oppositum.
677 2416 854 2456 Arguitque
879 2423 988 2446 contra
1010 2415 1256 2446 fundamentum
1279 2416 1365 2455 posi-

297 2458 404 2494 tionis,
421 2458 546 2495 scilicet,
566 2459 636 2490 sola
654 2461 807 2500 oppositio
831 2460 967 2491 relativa
990 2460 1160 2500 distinguit
1183 2460 1316 2490 realiter
1332 2461 1364 2491 in

297 2503 424 2540 divinis,
449 2513 487 2532 ex
509 2510 647 2543 quatuor
671 2504 835 2544 capitibuS.

352 2547 471 2577 Primo.
495 2547 674 2587 Disparatio
698 2548 858 2579 rationum
882 2547 1065 2578 formalium
1087 2547 1219 2578 realium
1243 2547 1365 2578 incom-

298 2590 499 2631 possibilium
515 2590 548 2620 in
572 2591 686 2622 eodem
702 2592 880 2632 supposito,
897 2591 1061 2631 distinguit
1075 2591 1198 2622 realiter
1221 2592 1365 2622 ubicum-

299 2644 363 2675 que
390 2634 566 2665 invenitur:
592 2636 647 2665 sed
677 2636 743 2666 duo
766 2636 856 2666 modi
878 2636 990 2666 totales
1017 2635 1191 2676 accipiendi
1219 2643 1364 2666 naturam

299 2679 442 2714 eandem,
459 2678 575 2710 scilicet
591 2689 647 2719 per
665 2680 801 2710 modum
821 2680 988 2710 nativitatis
1005 2687 1035 2710 et
1050 2680 1271 2719 processionis,
1292 2687 1366 2711 sunt

299 2722 456 2762 disparati,
473 2730 504 2753 et
518 2723 551 2753 in
567 2723 691 2759 divinis,
716 2725 815 2754 modo
839 2724 1014 2764 praedicto:
1039 2734 1114 2764 ergo
1138 2734 1204 2754 non
1221 2725 1289 2755 sola
1308 2735 1364 2764 op-

297 2767 416 2807 positio
440 2767 568 2798 relativa
591 2767 755 2808 distinguit
773 2769 895 2799 realiter
918 2768 1038 2798 divinas
1062 2778 1222 2808 personas.
1240 2787 1260 2791 -
1277 2769 1365 2799 quta

298 2811 361 2842 hoc
385 2811 561 2848 motivum,
590 2812 685 2842 solvit
707 2812 930 2852 probationem
953 2813 1122 2843 adductam
1145 2812 1178 2842 in
1202 2812 1303 2843 littera
1325 2813 1364 2843 de

299 2855 423 2886 duabus
446 2855 649 2886 relationibus
672 2856 705 2886 in
728 2857 829 2892 Patre,
854 2857 960 2887 dicens
983 2857 1072 2897 quod
1096 2866 1162 2887 non
1186 2864 1235 2887 est*
1255 2857 1365 2887 eadem

297 2899 378 2930 ratio
407 2901 446 2930 de
477 2900 583 2930 activis
612 2907 643 2930 et
672 2901 801 2941 passivis
830 2901 1111 2940 productionibus:
1145 2911 1246 2931 unum
1280 2901 1365 2931 enim

298 2950 404 2984 potest
426 2944 499 2974 dare
523 2955 590 2975 esse
605 2944 765 2984 pluribus;
790 2954 856 2975 non
878 2952 985 2976 tamen
1009 2951 1113 2985 potest
1136 2945 1274 2984 accipere
1299 2955 1365 2975 esse

298 2988 426 3028 pluries,
450 2988 510 3018 nisi
534 2988 614 3019 forte
638 2989 762 3019 desierit
786 2999 861 3020 esse.

352 3032 391 3063 V.
407 3033 448 3063 Et
464 3032 669 3064 confirmatur
689 3033 846 3063 motivum
861 3033 923 3064 hoc
947 3043 983 3063 ex
1002 3040 1089 3072 parte
1104 3032 1364 3073 productionum,

300 3076 492 3116 argumentis
515 3078 657 3114 Aureoli,
682 3077 715 3108 in
734 3088 763 3107 111
783 3077 983 3108 distinctione
998 3077 1104 3113 Primi,
1121 3087 1175 3117 qu.
1192 3087 1212 3113 1,
1230 3083 1285 3107 art.
1305 3078 1320 3108 3
1338 3077 1364 3113 *,

300 3120 543 3152 consistentibus
565 3121 598 3152 in
622 3121 694 3152 hoc.
728 3121 876 3152 Generari
899 3128 930 3151 et
953 3121 1062 3161 spirari
1086 3127 1160 3151 sunt
1182 3121 1365 3161 incompos-

299 3164 400 3194 sibilia
422 3165 455 3195 in
479 3165 592 3196 eodem
616 3166 794 3206 supposit0,
815 3166 938 3196 secluso
954 3166 1044 3206 quod
1059 3165 1120 3205 ipsi
1136 3165 1275 3205 generari
1290 3175 1364 3196 con-

299 3208 446 3239 iunctum
468 3209 508 3240 sit
530 3210 662 3250 spirare:
688 3220 762 3250 ergo
787 3209 896 3249 seipsis
920 3209 1041 3240 realiter
1065 3209 1310 3249 distinguuntur.

360 3253 597 3294 Consequentia
619 3254 714 3294 plana
737 3261 792 3285 est.
822 3254 862 3284 Et
885 3254 1081 3289 antecedens,
1098 3254 1206 3294 quoad
1229 3253 1366 3293 primam

299 3303 432 3337 partem,
449 3304 496 3328 est
519 3297 656 3328 evidens.
681 3299 798 3336 Quoad
825 3298 997 3328 secundam
1019 3308 1108 3334 vero,
1134 3298 1286 3337 probatur
1313 3298 1366 3328 tri-

299 3341 431 3382 pliciter.

355 3385 473 3421 Primo,
491 3385 566 3426 quia
589 3385 747 3427 quidquid
760 3386 793 3416 in
810 3386 922 3416 divinis
943 3386 1091 3416 convenit
1106 3385 1199 3416 alicui
1219 3385 1272 3422 rei,
1291 3395 1365 3416 con-

300 3430 386 3460 venit
409 3429 437 3460 ei
460 3429 634 3460 formaliter
656 3437 687 3461 et
710 3440 747 3461 ex
769 3439 818 3461 se:
844 3440 918 3470 ergo
942 3430 1036 3460 etiam
1064 3429 1364 3469 incompossibilitas

300 3474 436 3505 istorum
453 3473 599 3504 convenit
615 3483 652 3504 ex
667 3484 710 3504 se.
727 3491 747 3497 -
763 3475 804 3506 Et
820 3474 1032 3505 confirmatur.
1058 3474 1142 3511 Quia
1157 3473 1366 3514 incompossi-

300 3518 404 3549 bilitas
418 3518 476 3549 ista
496 3518 595 3549 oritur
612 3527 649 3548 ex
665 3518 774 3548 ordine
793 3529 860 3559 quo
880 3529 943 3549 una
962 3518 1121 3558 processio
1139 3518 1367 3558 praesupponit

301 3563 411 3593 aliam:
437 3562 516 3593 ordo
547 3568 654 3593 autem
677 3562 778 3593 oritur
807 3573 844 3593 ex
866 3562 1039 3593 rationibus
1063 3562 1266 3593 formalibus:
1291 3571 1365 3602 ergo

302 3617 339 3637 ex
362 3607 471 3646 seipsis
495 3606 599 3646 primo
624 3606 698 3637 sunt
720 3606 1004 3646 incompossibiles.

2407 264 2481 312 379

1472 340 1630 375 Secundo,
1655 339 1680 370 si
1704 338 2003 379 incompossibilitas
2019 339 2078 369 ista
2101 346 2147 369 est
2170 348 2206 369 ex
2223 348 2261 368 eo
2278 339 2366 379 quod
2389 348 2483 378 gene-

1416 383 1476 413 rari
1499 384 1702 423 coniungitur
1726 383 1857 423 spirare,
1882 383 1914 412 in
1939 393 2005 422 quo
2025 393 2137 423 genere
2157 392 2268 413 causae
2292 382 2407 423 spirare
2431 383 2484 413 dat

1416 428 1496 458 hanc
1519 427 1869 468 incompossibilitatem
1899 427 1960 466 ipsi
1987 425 2146 466 generari?
2169 427 2244 457 Non
2267 426 2406 457 effective
2429 433 2483 457 aut

1415 469 1565 508 finaliter,
1598 479 1633 502 ut
1662 479 1756 512 patet.
1788 472 1854 502 Nec
1878 470 2067 502 formaliter:
2098 471 2173 511 quia
2201 468 2277 501 tunc
2300 478 2482 512 sequeretur

1416 516 1505 556 quod
1528 516 1667 555 generari
1691 523 1722 546 et
1745 515 1887 555 spirari*
1910 522 2013 545 essent
2034 515 2120 545 idem
2143 514 2325 545 formaliter.

1471 560 1592 596 Tertio,
1617 560 1691 600 quia
1715 560 1739 590 si
1762 559 1836 590 hinc
1860 565 1906 589 est
1929 559 2227 599 incompossibilitas
2251 559 2318 595 ista,
2343 566 2398 590 aut
2420 559 2482 590 hoc

1417 610 1463 634 est
1486 604 1560 644 quia
1583 604 1723 643 generari
1746 611 1777 634 et
1799 603 1916 643 spirare
1937 610 2011 633 sunt
2034 603 2119 633 idem
2143 612 2191 633 re:
2216 610 2270 634 aut
2289 603 2364 643 quia
2387 603 2482 634 simul

1417 648 1610 678 conveniunt
1631 648 1664 678 in
1689 648 1784 678 Filio:
1809 654 1864 678 aut
1893 647 1969 687 quia
1992 657 2094 677 unum
2123 654 2169 677 est
2196 647 2360 687 praevium
2383 648 2480 678 alteri.

1416 692 1478 722 Sed
1501 692 1579 722 nihil
1602 692 1719 722 horum
1742 698 1847 732 potest
1870 691 1948 721 dici:
1973 691 2047 731 quia
2063 691 2139 721 haec
2158 691 2267 722 omnia
2290 691 2483 722 conveniunt

1415 736 1477 776 ipsi
1493 736 1609 776 spirare
1632 743 1775 776 respectu
1793 735 1953 771 essentiae,
1971 736 2022 766 cui
2045 741 2167 766 constat
2182 745 2248 765 non
2272 735 2344 766 dare
2360 736 2481 766 incom-

1416 780 1655 820 possibilitatem
1680 780 1719 810 ad
1742 779 1862 819 spirari.

1471 825 1525 855 VI.
1550 824 1732 855 Secundum
1756 829 1852 863 caput
1875 824 1960 854 unde
1984 830 2131 854 movetur
2161 823 2283 859 Scotus,
2308 830 2363 854 est.
2393 823 2426 854 Si
2449 823 2480 854 in

1415 869 1522 904 Patre,
1547 878 1604 908 per
1625 867 1839 908 impossibile,
1871 878 1937 898 non
1962 875 2042 898 esset
2072 867 2171 897 activa
2195 867 2340 907 spiratio,
2371 868 2425 898 sed
2448 868 2481 897 in

1416 913 1487 943 solo
1511 912 1604 948 Filio,
1623 912 1727 943 adhuc
1747 918 1827 943 esset
1845 911 1983 943 Trinitas
2006 920 2228 951 personarum:
2254 921 2328 951 ergo
2345 922 2410 942 non
2435 922 2482 942 re—

1416 956 1551 997 quiritur
1573 956 1735 996 oppositio
1759 955 1887 986 relativa
1909 956 1989 986 inter
2012 955 2165 995 Spiritum
2184 955 2335 986 Sanctum
2359 963 2390 986 et
2412 966 2482 996 per-

1416 1011 1529 1031 sonam
1553 1011 1570 1031 a
1594 1011 1657 1041 qua
1681 999 1892 1039 distinguitur.
1917 1000 1958 1030 Et
1980 1000 2024 1030 sic
2047 999 2109 1030 ruit
2131 1006 2219 1030 totus
2241 1009 2416 1040 processus.

1470 1045 1537 1075 VII.
1567 1045 1708 1075 Tertium
1733 1049 1829 1084 caput
1852 1054 1888 1074 ex
1911 1051 1998 1084 parte
2014 1043 2209 1074 constitutivi
2223 1044 2323 1083 ipsius
2339 1044 2409 1074 Filii
2425 1051 2480 1075 est.

1416 1089 1515 1119 Filius
1534 1088 1736 1119 constituitur
1751 1089 1783 1118 in
1800 1098 1867 1118 esse
1881 1088 2048 1128 personali,
2065 1087 2232 1119 filiatione:
2253 1098 2327 1128 ergo
2343 1089 2382 1118 de
2398 1088 2480 1119 facto

1417 1133 1619 1172 distinguitur
1649 1132 1854 1172 personaliter
1877 1143 1896 1162 a
1918 1132 2035 1172 Spiritu
2061 1132 2177 1163 Sancto
2201 1132 2369 1163 filiatione:
2395 1142 2479 1172 ergo,

1417 1177 1538 1207 seclusa
1561 1187 1579 1206 a
1602 1176 1684 1207 Filio
1708 1186 1764 1216 per
1778 1176 1974 1206 intellectum
1997 1176 2168 1216 spiratione
2190 1176 2298 1212 activa,
2316 1176 2419 1207 adhuc
2434 1186 2480 1207 re-

1416 1227 1523 1251 manet
1538 1231 1604 1261 quo
1625 1221 1723 1251 Filius
1740 1220 1946 1260 personaliter
1962 1220 2162 1260 distinguitur
2178 1231 2196 1251 a
2211 1220 2328 1260 Spiritu
2348 1221 2479 1251 Sancto:

1417 1275 1502 1305 ergo,
1527 1272 1584 1295 etc.
1601 1282 1622 1287 -
1639 1264 1745 1294 Prima
1768 1264 1993 1304 consequentia
2020 1265 2171 1304 probatur
2195 1275 2231 1295 ex
2253 1264 2306 1295 illa
2334 1265 2479 1300 maxima,

1417 1309 1499 1339 idem
1519 1314 1566 1339 est
1577 1309 1772 1348 principium
1788 1309 2037 1345 constitutivum,
2058 1313 2088 1338 et
2103 1308 2316 1340 distinctivum
2333 1309 2373 1339 ab
2387 1309 2482 1346 aliis;

1417 1359 1453 1383 ut
1475 1359 1561 1392 patet
1583 1362 1639 1392 per
1661 1352 1875 1393 Porphyrium
1890 1351 1917 1388 *‚
1938 1359 1968 1382 et
1987 1352 2156 1382 inductive.

1471 1397 1554 1428 VIII.
1578 1396 1738 1433 Quartum
1763 1402 1870 1426 autem
1893 1402 1989 1436 caput
2003 1406 2020 1426 e
2037 1406 2189 1427 converso
2204 1396 2340 1427 sumitur
2355 1407 2392 1427 ex
2411 1407 2480 1437 per-

1416 1440 1517 1471 sonali
1540 1440 1719 1471 distinctivo
1743 1441 1782 1470 ad
1806 1440 2056 1476 constitutivum,
2080 1440 2132 1471 sic.
2158 1440 2257 1471 Filius
2281 1441 2482 1480 distinguitur

1415 1484 1621 1525 personaliter
1643 1494 1662 1515 a
1685 1484 1803 1524 Spiritu
1831 1484 1963 1515 Sancto:
1989 1494 2063 1524 ergo
2091 1494 2146 1524 per
2173 1485 2292 1525 aliquid
2315 1486 2411 1536 ‚quod
2435 1493 2482 1516 est

1416 1529 1455 1559 de
1478 1529 1599 1559 ratione
1622 1528 1802 1569 personali'
1794 1529 1894 1568 ipsius
1917 1529 2005 1559 Filii.
2031 1538 2105 1568 ergo
2122 1539 2188 1559 non
2205 1539 2260 1569 per
2276 1529 2480 1569 spirationem

1416 1573 1564 1604 activam.
1589 1583 1674 1612 ergo,
1691 1573 1812 1603 seclusa
1830 1573 1893 1609 illa,
1913 1573 2016 1603 adhuc
2038 1581 2213 1604 remaneret
2228 1574 2401 1613 personalis
2418 1574 2481 1604 dis-

1415 1617 1526 1648 tinctio
1549 1617 1631 1648 inter
1654 1617 1772 1647 Filium
1795 1623 1826 1647 et
1849 1612 2026 1657 Spiritum
2025 1617 2186 1648 Sanctum.

1471 1661 1576 1692 Prima
1599 1661 1824 1702 consequentia
1848 1662 2000 1711 probatur
2022 1661 2215 1697 inductione,
2231 1669 2261 1692 et
2276 1662 2405 1693 ratione.
2432 1663 2480 1693 In-

1416 1706 1567 1737 ductione
1595 1705 1742 1746 quidem,
1767 1705 1922 1746 quoniam
1944 1706 2041 1736 valet:
2067 1708 2096 1736 A
2120 1706 2283 1745 distinguit
2305 1707 2330 1737 Β
2349 1707 2480 1743 realiter,

1416 1760 1492 1790 ergo
1516 1757 1562 1781 est
1585 1750 1624 1780 de
1645 1749 1713 1780 eius
1736 1749 1857 1780 ratione
1876 1749 1966 1786 reali;
1991 1749 2154 1789 distinguit
2178 1750 2388 1786 essentialiter,
2407 1761 2480 1790 ergo

1417 1802 1464 1825 est
1486 1795 1526 1825 de
1548 1794 1670 1825 ratione
1693 1793 1864 1830 essentiali:
1889 1793 2054 1833 distinguit
2076 1794 2319 1835 suppositaliter,
2337 1805 2411 1834 ergo
2436 1803 2482 1826 est

1418 1839 1456 1869 de
1473 1838 1593 1869 ratione
1609 1837 1812 1878 suppositali;
1828 1837 1992 1878 distinguit
2005 1838 2140 1874 relative,
2157 1848 2230 1877 ergo
2246 1846 2292 1869 est
2308 1839 2345 1869 de
2362 1839 2481 1870 ratione

1418 1883 1554 1919 relativa,
1576 1890 1633 1914 etc.
1650 1899 1669 1904 —
1685 1882 1819 1913 Ratione
1838 1889 1956 1918 autem,
1981 1882 2056 1922 quia
2079 1882 2104 1912 si
2128 1882 2285 1913 distinctio
2309 1884 2482 1923 personalis

1418 1934 1526 1967 posset
1541 1926 1607 1957 fieri
1623 1936 1680 1966 per
1698 1926 1817 1966 aliquid
1841 1927 1930 1967 quod
1952 1937 2019 1956 non
2042 1934 2088 1957 est
2111 1927 2150 1956 de
2173 1927 2293 1957 ratione
2312 1928 2479 1968 personali,

1419 1981 1485 2002 non
1508 1971 1624 2011 poterit
1654 1970 1800 2001 sustineri
1830 1970 2058 2001 humanitatem
2092 1970 2208 2001 Christi
2238 1981 2304 2002 non
2332 1972 2482 2012 distingui

1418 2015 1624 2056 personaliter
1642 2025 1660 2045 a
1678 2015 1800 2045 Verbo:
1825 2014 1928 2045 dicam
1948 2014 2033 2045 enim
2052 2015 2141 2055 quod
2158 2015 2360 2056 distinguitur
2374 2026 2482 2056 perso-

1419 2060 1529 2090 naliter
1544 2069 1600 2099 per
1619 2059 1748 2099 aliquid,
1769 2059 1856 2099 quod
1879 2066 1986 2089 tamen
2010 2069 2076 2089 non
2100 2059 2263 2090 constituit
2281 2070 2460 2100 personam.

1475 2104 1528 2134 IX.
1548 2104 1589 2134 Et
1604 2103 1809 2134 confirmatur
1823 2103 1884 2133 hoc
1899 2103 2058 2134 motivum
2074 2113 2110 2133 ex
2127 2110 2214 2143 parte
2230 2104 2399 2135 distinctivi
2414 2115 2482 2144 per-

1419 2148 1545 2184 sonalis,
1563 2148 1601 2178 ab
1618 2147 1770 2183 Aureolo,
1792 2147 1845 2177 ubi
1865 2157 1969 2187 supra,
1986 2154 2041 2178 art.
2065 2148 2081 2178 3
2099 2147 2125 2184 *‚
2151 2148 2203 2178 sic.
2229 2148 2260 2178 Si
2277 2149 2405 2188 spiratio
2421 2149 2481 2179 dis-

1419 2193 1574 2232 tingueret
1597 2191 1802 2231 personaliter
1825 2191 1944 2222 Filium
1960 2202 1978 2222 a
1992 2191 2109 2232 Spiritu
2133 2192 2259 2228 Sancto,
2279 2193 2370 2223 Pater
2389 2200 2419 2224 et
2434 2193 2483 2223 Fi-

1418 2237 1480 2267 lius
1504 2243 1607 2266 essent
1630 2246 1693 2266 una
1717 2244 1870 2275 persona:
1896 2236 1951 2266 sed
1973 2235 2035 2265 hoc
2059 2243 2105 2266 est
2128 2236 2259 2266 falsum:
2285 2247 2369 2276 ergo.

1475 2279 1713 2320 Consequentia
1745 2280 1906 2318 probatur.
1941 2279 2076 2319 Spiratio
2108 2280 2271 2320 distinguit
2302 2281 2427 2312 Patrem
2455 2288 2485 2312 et

1419 2325 1537 2358 Filium
1557 2335 1574 2354 a
1593 2322 1710 2364 Spiritu
1734 2324 1859 2359 Sancto,
1877 2331 1912 2354 ut
1935 2331 2009 2354 sunt
2032 2334 2116 2354 unus
2140 2324 2286 2364 spirator:
2311 2332 2349 2361 et,
2375 2336 2430 2365 per
2444 2333 2483 2361 te,

1419 2369 1583 2408 distinguit
1599 2368 1818 2408 personaliter:
1843 2378 1917 2408 ergo
1935 2378 2001 2398 esse
2026 2378 2128 2399 unum
2144 2368 2339 2408 spiratorem,
2357 2377 2403 2400 est
2418 2380 2484 2400 esse

1419 2423 1518 2444 unam
1541 2422 1720 2453 personam.
1745 2413 1787 2442 Et
1809 2412 1834 2442 si
1857 2422 1923 2442 non
1941 2419 1987 2442 est
2006 2422 2072 2442 esse
2089 2422 2186 2443 unam
2206 2423 2383 2452 personam,
2409 2424 2483 2453 ergo

1419 2467 1486 2487 non
1510 2457 1673 2496 distinguit
1696 2456 1910 2496 personaliter.
1927 2474 1947 2487 .-
1963 2456 2004 2487 Ε1
2027 2456 2178 2487 fundatur
2201 2467 2366 2496 processus
2390 2468 2484 2498 super

1418 2501 1472 2531 illa
1491 2501 1646 2532 maxima:
1670 2510 1764 2531 omne
1783 2509 1882 2530 unum
1889 2500 2036 2540 formale
2054 2501 2268 2532 distinctivum
2280 2502 2425 2541 plurium
2443 2512 2484 2532 ex

1420 2555 1485 2575 una
1503 2550 1602 2585 parte
1623 2544 1664 2574 ab
1686 2545 1805 2584 aliquo,
1821 2545 1914 2584 ponit
1929 2545 1961 2574 in
1981 2545 2046 2575 illis
2059 2545 2210 2584 pluribus
2228 2546 2351 2586 aliquid
2367 2556 2478 2583 unum,

1410 2589 1666 2630 fundamentum
1691 2589 1779 2618 illius
1801 2588 2022 2625 distinctionis,
2041 2590 2285 2629 proportionale
2308 2590 2365 2621 illi.

1474 2634 1512 2664 X.
1530 2633 1580 2663 Ad
1595 2632 1785 2663 evidentiam
1801 2632 1896 2662 huius
1919 2632 2118 2669 difficultatis,
2139 2633 2284 2674 quamvis
2300 2641 2428 2665 tractare
2445 2635 2483 2664 de

1420 2677 1629 2708 constitutivis
1649 2686 1856 2716 personarum
1873 2683 1991 2716 spectet
2010 2677 2049 2706 ad
2067 2687 2105 2707 111.
2123 2678 2342 2718 quaestionem
2358 2679 2384 2715 *,
2409 2689 2483 2718 pro-

1419 2729 1488 2763 pter
1511 2728 1617 2752 tamen
1641 2721 1814 2751 discussam
1837 2730 1874 2750 ex
1897 2721 2126 2751 consuetudine
2141 2722 2192 2753 hic
2206 2723 2380 2759 materiam,
2405 2723 2482 2753 scito

1419 2766 1518 2806 quod,
1543 2775 1617 2796 cum
1640 2765 1674 2795 in
1697 2765 1809 2795 divinis
1832 2774 1898 2795 non
1922 2765 1960 2796 sit
1984 2765 2156 2797 formaliter
2175 2766 2234 2797 nisi
2257 2767 2430 2798 substantia
2453 2774 2483 2798 et

1418 2809 1544 2845 relatio;
1570 2816 1601 2839 et
1623 2809 1805 2845 substantia,
1831 2816 1942 2849 utpote
1961 2811 2152 2846 communis,
2169 2821 2226 2841 nec
2240 2811 2410 2841 constituat
2425 2821 2482 2842 nec

1419 2854 1590 2893 distinguat
1612 2853 1817 2894 hypostases:
1841 2860 1968 2893 oportet
1982 2854 2072 2894 quod
2088 2861 2260 2895 utrumque
2274 2855 2417 2885 relationi
2434 2856 2483 2886 tri-

1419 2899 1543 2928 buatur.
1568 2897 1725 2928 Relationi
1749 2904 1856 2927 autem
1871 2907 1945 2928 curn
1969 2898 2069 2937 possit
2091 2899 2210 2939 aliquid
2234 2899 2400 2930 convenire
2424 2900 2483 2930 du-

1419 2942 1549 2982 pliciter,
1577 2941 1693 2972 scilieet
1716 2941 1893 2984 secundum
1916 2942 2044 2982 propria
2067 2943 2233 2979 relationis,
2258 2950 2288 2974 et
2307 2944 2483 2974 secundum

1420 2985 1604 3017 communia
1627 2985 1684 3016 sibi
1709 2992 1739 3016 et
1762 2986 1932 3022 absolutis;
1955 2996 2177 3027 quaecumque
2201 2987 2414 3018 attribuuntur
2436 2988 2482 3018 di-

1418 3031 1499 3061 vinis
1523 3029 1738 3066 relationibus,
1762 3040 1888 3060 necesse
1908 3037 1954 3060 est
1970 3032 2137 3061 convenire
2161 3031 2204 3061 eis
2223 3031 2414 3072 inquantum
2437 3042 2482 3062 re-

1419 3075 1551 3105 lationes
1575 3081 1658 3105 sunt.
1691 3074 1733 3104 Et
1761 3074 1821 3110 sic,
1846 3074 2036 3112 constituere
2064 3086 2099 3105 ac
2128 3075 2317 3114 distinguere
2339 3076 2483 3106 relationi

1420 3119 1542 3149 divinae
1566 3125 1662 3158 prout
1685 3118 1812 3148 relativa
1834 3128 1882 3148 res
1907 3125 1968 3155 est,
1994 3120 2149 3150 convenit.
2181 3120 2263 3150 Inter
2284 3129 2352 3150 rem
2375 3127 2483 3151 autern

1420 3163 1581 3193 relativam
1609 3170 1639 3192 et
1667 3162 1846 3192 absolutam
1876 3162 1939 3193 hoc
1965 3163 2109 3199 interest,
2134 3164 2230 3213 ..quod
2260 3173 2308 3194 res
2339 3164 2483 3195 absoluta

1420 3206 1583 3238 constituit
1606 3216 1673 3236 rem
1696 3206 1729 3236 in
1752 3216 1794 3243 se,
1818 3207 1928 3237 relatio
1947 3217 2022 3237 vero
2043 3207 2205 3238 constituit
2227 3217 2294 3238 rem
2315 3208 2354 3238 ad
2377 3208 2482 3240 aliam.

1420 3252 1461 3282 Et
1484 3250 1638 3291 quoniam
1668 3251 1941 3301 unumquodque,
1967 3251 2047 3286 sicut
2077 3258 2123 3282 est
2151 3262 2226 3288 ens,
2257 3252 2299 3282 ita
2327 3262 2430 3293 unum
2453 3260 2484 3284 et

1421 3295 1619 3330 distinctum;
1643 3294 1884 3325 constitutivum
1911 3296 2111 3332 absolutum,
2139 3296 2220 3326 sicut
2243 3296 2406 3327 constituit
2429 3306 2483 3327 ens

1420 3340 1453 3369 in
1476 3349 1524 3381 se,
1549 3339 1591 3369 ita
1614 3339 1778 3378 distinguit
1800 3339 1879 3369 illud
1902 3340 2078 3370 50ου1κ111111
2095 3350 2137 3375 50,
2155 3347 2185 3370 01
2201 3347 2429 3380 consequenter
2444 3342 2482 3371 ab

1421 3383 1572 3414 universis
1600 3383 1686 3413 aliis:
1716 3383 1956 3414 constitutivum
1979 3394 2054 3414 vero
2083 3384 2116 3414 in
2141 3393 2207 3414 esse
2237 3384 2384 3421 relativo,
2409 3385 2484 3425 quia

1421 3427 1583 3458 constituit
1599 3437 1653 3457 ens
1669 3427 1708 3456 ad
1727 3427 1812 3457 aliud
1833 3438 1944 3463 unurn,
1970 3428 2190 3458 correlativum
2206 3428 2331 3465 scilicet,
2354 3429 2397 3459 ita
2421 3429 2482 3459 dis-

1421 3471 1535 3511 tinguit
1553 3471 1632 3501 illud
1656 3471 1694 3501 ab
1718 3471 1772 3501 illo
1798 3481 1863 3502 uno
1888 3478 2022 3503 tantum.
2046 3472 2200 3512 Alioquin
2224 3473 2401 3509 diversitas,
2427 3483 2482 3504 seu

1421 3516 1587 3552 distinctio,
1609 3525 1674 3545 non
1694 3522 1775 3546 esset
1789 3515 2030 3555 proportionata
2053 3516 2158 3555 passio
2181 3517 2278 3547 entis:
2302 3517 2375 3557 plus
2398 3517 2484 3547 enim

1422 3560 1534 3590 faceret
1562 3559 1803 3590 constitutivum
1832 3559 1950 3600 aliquid
1981 3560 2219 3599 distinguendo,
2244 3571 2343 3601 quam
2367 3562 2483 3593 consti-

1421 3604 1557 3635 tuendo:
1582 3604 1670 3644 quod
1695 3614 1760 3634 non
1784 3603 1907 3634 videtur
1929 3604 2132 3644 intelligibile.
2318 3619 2322 3623 ¹

2508 513 2597 535 *Circa
2607 513 2665 535 hanc
2673 514 2721 536 obi.

2509 543 2532 561 et
2557 540 2606 561 eius
2631 541 2721 564 solut..

2509 566 2723 597 cf.Capre01um,1

2508 592 2586 619 Sent.‚
2608 593 2661 614 dist.
2682 599 2722 620 xi,

2509 625 2549 647 qu.
2564 625 2585 646 1,
2600 623 2642 641 art.
2658 626 2674 641 1.

2508 1354 2655 1410 delsgfffge„
2658 1360 2719 1403 152?

2509 2151 2521 2162 ¹⁵
2535 2150 2604 2178 Prop.
2621 2156 2637 2171 1.

2512 2681 2520 2689 ·
2535 2681 2587 2702 Art.
2602 2686 2624 2702 2.
