2768 4178
64 678 72 687 ”
88 677 145 704 Cap.
156 682 190 704 111,
206 682 228 698 n.
239 683 259 705 3

61 898 72 909 ⁴¹
87 898 137 919 Art.
149 904 164 919 ι.

59 2006 67 2014 ·
84 2005 136 2026 Art.
147 2010 162 2031 1,
178 2004 206 2026 ad
222 2011 237 2026 1.

293 281 344 319 62

297 370 352 399 est,
379 362 562 403 simpliciter
585 368 640 393 aut
662 362 738 397 tale,
760 361 835 402 quia
860 368 906 392 est
928 362 1063 397 bonum,
1089 371 1128 391 an
1153 371 1189 391 ex
1212 361 1274 391 hoc
1298 360 1368 400 ipso

298 408 446 438 reddatur
465 417 559 438 causa
582 406 694 437 finalis.
719 406 760 437 Et
783 406 834 436 hic
858 416 969 436 sensus
993 412 1053 442 est,
1078 405 1196 436 iudicio
1220 415 1305 440 meo,
1321 404 1369 434 in·

298 459 419 483 tentus:
445 451 520 492 quia
543 450 684 481 formalis
707 457 768 486 est,
795 458 825 481 et
847 457 936 481 tanto
961 450 1075 490 dignus
1098 449 1244 489 ingeni0;
1270 456 1300 479 et
1323 458 1368 478 re-

299 496 431 537 sponsio
455 496 495 526 ad
517 495 580 525 hoc
602 494 712 525 tendit.

355 540 393 571 ΙΙ.
418 540 510 571 Circa
532 539 614 570 hanc
633 539 939 575 determinationem,
959 539 1084 569 adverte
1104 537 1238 568 breviter
1259 536 1369 567 verita-

300 592 366 615 tem
390 594 489 625 quam
516 583 590 614 hinc
612 583 724 620 habes,
755 584 794 614 de
817 583 871 614 illa
894 583 1094 624 quaestione,
1120 587 1228 612 utrum
1254 590 1307 612 res
1328 582 1370 611 sit

300 638 399 659 causa
413 629 532 669 finalis
555 629 588 658 in
612 628 805 666 intentione,
831 633 888 658 aut
912 629 944 658 in
969 628 1183 664 executione,
1191 632 1249 656 etc.
1283 624 1369 656 Cum

300 673 386 703 enim
414 672 464 703 hic
494 672 609 702 habeas
640 670 748 714 (quod
771 672 804 702 in
829 672 854 702 11
878 681 1009 713 quoque
1032 671 1160 711 physic.
1175 669 1193 689 *
1216 667 1369 711 habetur)

300 717 389 767 quod
405 717 530 747 bonum
545 716 698 757 importat
713 715 784 746 finis
800 716 955 747 rationem
970 715 1002 746 in
1022 722 1094 746 actu
1111 714 1246 745 exercito
1266 712 1371 756 (quod

300 762 395 792 etiam
411 760 571 791 inductive
589 761 755 800 probatur,
781 761 860 791 dum
876 760 981 790 omnis
997 759 1076 790 ratio
1093 765 1222 800 propter
1245 758 1369 788 bonum

301 812 355 836 aut
379 805 512 841 melius,
537 804 636 835 finem
659 803 780 847 affert),
806 811 933 845 oportet
963 811 999 835 ut
1023 804 1134 834 eadem
1157 803 1278 834 ratione
1302 811 1370 832 rem

301 850 442 890 aliquam
465 849 562 879 finem
586 849 689 885 dicas,
714 859 778 890 qua
801 850 920 879 bonam
944 858 1015 879 earn
1038 847 1159 878 asseris.
1190 847 1237 877 Ex
1261 856 1370 886 supra-

301 894 391 925 dictis
406 894 424 913 *
447 900 555 924 autern
573 900 659 933 patet
676 894 765 934 quod
782 894 905 924 bonum
925 892 1097 923 formaliter
1111 891 1369 932 unumquodque

302 938 415 969 dicitur
436 945 466 969 et
485 945 540 974 est,
557 937 679 968 ratione
702 947 786 969 esse:
811 937 882 968 finis
906 938 1000 977 igitur
1024 937 1180 968 rationem
1203 936 1298 966 habet
1321 945 1368 965 res

301 983 422 1013 ratione
439 992 515 1013 esse.
541 982 586 1013 lta
609 982 711 1022 quod,
738 982 819 1013 sicut
843 982 946 1012 forma
962 989 1008 1012 est
1025 981 1104 1012 ratio
1128 979 1278 1011 causandi
1298 978 1368 1010 effe-

302 1027 390 1063 ctive,
409 1027 538 1057 existere
554 1033 662 1056 autem
677 1033 723 1056 est
743 1026 883 1056 conditio
903 1025 1025 1056 formae
1038 1025 1210 1056 efficientis:
1237 1024 1279 1055 ita
1302 1033 1370 1054 esse

302 1078 348 1102 est
371 1071 450 1101 ratio
480 1070 629 1101 causandi
653 1069 801 1106 finaliter;
826 1080 894 1100 esse
917 1077 1025 1101 autem
1048 1070 1081 1100 in
1104 1069 1298 1104 intentione,
1324 1074 1370 1098 est

301 1115 442 1146 conditio
459 1124 526 1145 esse
544 1114 701 1145 causantis
725 1113 870 1150 finaliter;
896 1124 963 1145 esse
987 1121 1094 1145 autem
1117 1114 1149 1144 in
1174 1112 1368 1148 executione,

300 1169 366 1190 non
384 1166 430 1190 est
445 1158 526 1195 finis,
551 1159 606 1189 sed
629 1158 782 1189 terminus
806 1165 837 1189 et
856 1158 983 1190 effectus
1006 1166 1073 1190 tam
1091 1157 1162 1188 finis
1186 1167 1285 1198 quam
1305 1156 1371 1188 effi-

301 1203 419 1234 cientis.
444 1203 485 1234 Et
500 1203 562 1233 hoc
585 1203 779 1239 inductione,
798 1213 863 1233 non
879 1203 1000 1234 ratione
1025 1210 1111 1243 eget:
1137 1202 1252 1233 sanitas
1273 1201 1368 1238 enim,

300 1247 438 1284 scientia,
456 1247 616 1283 balneum,
633 1254 702 1283 etc„
720 1247 879 1288 appetitur
903 1254 937 1279 ut
960 1247 1043 1283 insit,
1061 1254 1097 1278 ut
1120 1247 1281 1282 habeatur,
1299 1253 1368 1282 etc„

300 1302 366 1323 non
390 1292 422 1322 in
445 1291 634 1327 intentione,
660 1292 715 1322 sed
738 1292 915 1323 secundum
939 1302 1006 1322 esse
1030 1291 1171 1322 naturale
1194 1291 1303 1331 ipsius.
1329 1291 1371 1321 Et

301 1337 344 1367 sic
361 1346 428 1367 esse
452 1343 498 1366 est
521 1335 600 1366 ratio
620 1336 707 1377 quod
725 1343 892 1377 appetatur
914 1346 972 1373 res,
997 1337 1086 1377 quod
1102 1336 1187 1367 idem
1211 1341 1257 1366 est
1280 1336 1369 1377 quod

290 1381 488 1422 finalizare:
511 1380 566 1411 sed
596 1390 764 1422 nunquam
783 1380 927 1431 aliquod
954 1381 1073 1412 horum
1095 1380 1283 1416 finalizaret,
1308 1387 1369 1410 tra-

300 1425 407 1456 hendo
431 1424 610 1466 appetitum
633 1425 673 1455 ad
696 1435 738 1462 se,
760 1425 819 1455 nisi
843 1431 924 1456 esset
946 1425 979 1455 in
1003 1425 1188 1460 intentione,
1205 1431 1241 1455 ut
1264 1431 1368 1464 patet:

301 1479 338 1500 ex
361 1469 422 1500 hoc
451 1475 559 1500 autem
588 1469 768 1510 experimur
797 1469 887 1511 sequi
911 1470 1131 1501 executionem
1161 1469 1205 1500 rei
1229 1479 1311 1510 quae
1335 1476 1371 1499 ut

301 1508 379 1544 finis
395 1519 514 1544 movet.
539 1514 580 1544 Et
602 1514 664 1544 hoc
688 1514 791 1545 voluit
812 1516 969 1545 Averroes
984 1515 1042 1545 XII
1058 1514 1256 1555 Metaphys„
1282 1523 1368 1544 com-

301 1565 399 1589 ment.
415 1568 516 1588 xxxvr.
541 1558 583 1588 Et
606 1558 678 1594 hoc,
703 1559 782 1589 bene
807 1565 1017 1599 penetratum,
1033 1559 1128 1589 solvit
1151 1568 1264 1589 omnes
1288 1557 1369 1588 diffi-

301 1602 431 1633 cultates
455 1602 541 1643 apud
565 1602 762 1634 intellectum
785 1603 1018 1634 abstrahentem
1042 1613 1109 1634 rem
1133 1604 1172 1634 ab
1196 1612 1262 1633 esse
1287 1609 1371 1633 extra

301 1647 457 1683 animam,
477 1647 522 1676 -ab
546 1656 613 1677 esse
636 1647 668 1677 in
692 1647 893 1684 executione,
919 1654 949 1679 et
973 1649 1011 1679 ab
1036 1658 1102 1679 esse
1126 1648 1158 1678 in
1183 1647 1369 1683 intentione,

300 1691 400 1722 modo
424 1690 596 1732 praedicto.

357 1736 409 1767 111.
435 1736 470 1766 In
494 1745 626 1776 corpore
650 1736 731 1767 duo:
762 1737 867 1777 primo
898 1737 1108 1778 respondetur
1136 1736 1297 1778 quaesito;
1323 1746 1370 1767 se-

301 1781 407 1811 cundo
433 1780 608 1811 excluditur
626 1781 719 1812 tacita
743 1781 891 1813 obiectio.
916 1782 1034 1819 Quoad
1047 1782 1204 1822 primum,
1226 1788 1272 1812 est
1295 1791 1370 1812 con-

301 1825 401 1855 clusio
426 1825 610 1864 responsiva
633 1826 777 1866 quaesito
801 1825 998 1856 affirmative:
1018 1826 1148 1857 Bonum
1162 1826 1257 1856 habet
1275 1825 1370 1856 ratio-

300 1879 375 1900 nem
398 1879 510 1900 causae
533 1868 645 1900 finalis.
662 1888 682 1892 —
706 1870 869 1901 Probatur.
895 1870 1074 1911 Appetibile
1098 1871 1192 1901 habet
1215 1870 1370 1901 rationem

299 1913 390 1989 ginis:
420 1915 544 1944 bonum
568 1921 614 1945 est
637 1914 825 1955 appetibile:
851 1925 925 1956 ergo
950 1916 1074 1946 bonum
1098 1915 1192 1946 habet
1215 1914 1370 1945 rationem

322 1969 380 1989 ms.

356 2003 409 2034 1v.
426 2003 542 2040 Quoad
558 2004 744 2041 secundum,
761 2004 854 2035 tacita
869 2003 1005 2034 obiectio
1020 2011 1066 2035 est
1081 2003 1169 2034 haec.
1190 2002 1343 2044 Superius
1354 2002 1372 2021 *

299 2047 363 2078 iam
388 2047 633 2078 determinatum
657 2055 703 2078 est
726 2049 815 2089 quod
839 2049 962 2078 bonum
991 2058 1058 2079 non
1090 2048 1185 2079 habet
1214 2047 1371 2078 rationem

299 2091 403 2132 primi,
421 2092 475 2122 sed
500 2091 604 2122 ultimi
628 2092 745 2133 potius.
771 2093 871 2124 Modo
896 2099 1004 2123 autem
1027 2092 1142 2124 dicitur
1165 2092 1255 2133 quod
1277 2092 1371 2122 habet

300 2136 456 2168 rationem
487 2146 598 2167 causae
632 2136 752 2167 finalis:
789 2147 888 2178 quarn
920 2144 1043 2168 constat
1070 2137 1184 2168 habere
1214 2137 1370 2167 rationem

299 2181 403 2222 primi,
429 2191 503 2211 cum
527 2181 598 2211 finis
618 2181 657 2212 sit
673 2191 767 2212 causa
791 2191 968 2213 causarum.
994 2182 1173 2219 Quomodo
1189 2191 1265 2221 ergo
1288 2187 1371 2211 stant

299 2226 376 2256 haec
400 2225 505 2261 simul,
531 2226 620 2266 quod
639 2226 763 2256 bonum
783 2226 895 2257 habeat
912 2226 1068 2257 rationem
1086 2225 1188 2257 ultimi
1209 2232 1239 2256 et
1258 2222 1372 2275 primi?

356 2270 448 2300 Hanc
472 2270 685 2301 obiectionem
709 2270 920 2306 excludendo,
946 2270 1050 2311 primo
1075 2269 1167 2310 ponit
1190 2269 1370 2310 responsio-

300 2323 391 2345 nem:
417 2313 530 2345 deinde
550 2315 686 2355 probat*
679 2325 791 2355 ipsam.
815 2315 990 2356 Responsio
1005 2321 1060 2350 est,
1076 2314 1166 2355 quod
1185 2315 1309 2345 bonum
1325 2320 1371 2344 est

300 2358 474 2390 ultimum
467 2369 499 2388 1n
514 2359 658 2395 essendo,
674 2359 815 2400 primum
837 2366 945 2390 autem
968 2359 1001 2389 in
1023 2358 1198 2390 causando:
1225 2358 1371 2400 quamvis

299 2404 331 2434 in
355 2403 456 2434 littera
479 2404 581 2443 prima
605 2413 676 2444 pars
703 2404 919 2444 responsionis
943 2403 1038 2434 huius
1062 2410 1187 2434 tantum
1210 2412 1370 2443 propona—

299 2455 360 2478 tur.
379 2463 397 2471 -
414 2447 564 2478 Probatio
588 2455 650 2478 est:
676 2448 818 2488 primurn
841 2448 873 2478 in
898 2448 1068 2484 causando,
1094 2455 1140 2478 est
1163 2447 1315 2478 ultimum
1338 2447 1370 2477 in

300 2492 450 2528 essendo;
476 2491 547 2523 finis
571 2499 618 2523 est
642 2493 783 2534 primum
799 2493 831 2523 in
848 2493 1025 2528 causando;
1049 2502 1125 2532 ergo
1142 2491 1213 2522 finis
1237 2499 1283 2522 est
1299 2491 1370 2522 ulti-

300 2547 392 2567 mum
415 2536 448 2566 in
472 2538 617 2568 essendo.
642 2537 703 2568 Sed
727 2538 851 2568 bonum
875 2537 970 2568 habet
993 2537 1149 2568 rationem
1172 2535 1258 2567 finis:
1284 2546 1369 2577 ergo.

300 2581 401 2612 Maior
425 2582 577 2621 probatur
600 2591 636 2612 ex
660 2581 845 2612 testimonio
877 2581 1087 2617 sensibilium,
1112 2581 1145 2611 in
1169 2580 1285 2622 quibus
1310 2581 1370 2621 pri-

300 2635 392 2656 mum
422 2625 455 2655 in
486 2626 665 2662 causando,
691 2632 737 2657 est
761 2626 912 2657 ultimum
942 2626 975 2656 in
1000 2632 1144 2661 causam,
1171 2632 1206 2656 ut
1229 2631 1314 2665 patet
1337 2625 1369 2655 in

299 2670 371 2710 igne
386 2676 416 2700 et
433 2669 545 2701 calore.
570 2671 665 2710 Ergo,
684 2671 837 2706 absolute,
858 2671 999 2711 primum
1018 2670 1051 2700 in
1069 2670 1238 2705 causando,
1261 2676 1307 2700 est
1323 2669 1370 2700 ul-

299 2715 415 2745 timum
440 2714 472 2743 in
496 2715 640 2745 essendo.

356 2759 394 2790 V.
416 2757 507 2789 Circa
532 2759 695 2794 maiorem,
718 2759 843 2790 adverte
867 2759 1036 2790 terminos:
1061 2759 1151 2799 quod
1174 2759 1207 2799 ly
1225 2759 1368 2799 primum

299 2810 330 2834 et
354 2803 500 2833 ultimum
530 2803 682 2834 denotant
711 2803 742 2833 in
770 2803 936 2844 proposito
970 2803 1115 2834 ordinem
1142 2802 1369 2844 generationis,

300 2854 330 2877 et
353 2854 542 2887 supponunt
565 2857 623 2888 pro
649 2847 769 2883 formis,
790 2858 845 2878 seu
869 2847 1042 2879 rationibus
1071 2846 1267 2883 formalibus,
1288 2856 1370 2888 quae

300 2898 374 2922 sunt
398 2891 551 2932 principia
583 2892 731 2922 causandi
759 2899 790 2922 et
813 2892 946 2923 essendi.
978 2893 1025 2933 Ly
1049 2901 1124 2922 vero
1148 2892 1180 2922 in
1205 2891 1369 2923 causando

300 2935 436 2966 sumitur
460 2942 495 2966 ut
519 2936 722 2976 distinguitur
749 2943 858 2967 contra
883 2938 915 2966 in
941 2937 1082 2967 essendo.
1107 2936 1307 2977 Supponitur
1330 2936 1370 2966 si-

300 2980 431 3021 quidem
455 2980 506 3011 hic
529 2980 691 3020 duplicem
715 2980 779 3010 dari
804 2980 948 3011 ordinem
972 2980 1182 3021 generationis
1206 2980 1287 3012 inter
1304 2989 1365 3011 res:

300 3025 433 3055 alterum
457 3024 489 3054 in
514 3024 684 3060 causando,
710 3024 845 3055 alterum
868 3025 900 3055 in
926 3025 1069 3056 essendo.
1099 3025 1141 3056 Et
1163 3024 1215 3055 ille
1237 3024 1369 3066 quidem

300 3068 470 3099 attenditur
486 3079 582 3110 penes
597 3068 684 3110 prius
701 3075 732 3099 et
750 3075 824 3109 post
843 3079 980 3105 causare,
1000 3069 1058 3100 iste
1077 3078 1152 3100 vero
1169 3078 1266 3109 penes
1281 3069 1369 3109 prius

301 3119 330 3143 et
354 3120 426 3153 post
450 3122 532 3144 esse:
557 3113 599 3144 ita
613 3113 703 3154 quod
722 3112 775 3143 illa
789 3123 837 3143 res
854 3121 900 3144 est
922 3114 1010 3154 prior
1033 3114 1065 3144 in
1090 3113 1261 3150 causando,
1278 3113 1369 3144 cuius

301 3157 463 3188 causalitas
479 3167 545 3188 non
558 3157 675 3198 pendet
691 3167 708 3187 a
726 3157 906 3188 causalitate
922 3158 1065 3194 alterius,
1091 3157 1147 3188 sed
1165 3167 1182 3188 e
1199 3166 1367 3193 converso;

301 3208 331 3231 et
354 3201 496 3233 similiter
519 3202 572 3233 illa
595 3211 643 3232 res
672 3208 718 3232 est
748 3201 834 3242 prior
857 3202 889 3232 in
920 3202 1070 3238 essendo,
1096 3201 1187 3233 cuius
1211 3211 1279 3232 esse
1302 3211 1368 3232 non

301 3246 528 3286 praesupponit
549 3256 615 3277 esse
631 3245 771 3281 alterius,
797 3246 851 3276 sed
867 3256 883 3276 e
901 3256 1063 3277 converso.
1087 3246 1144 3277 Est
1168 3255 1242 3286 ergo
1258 3255 1368 3276 sensus

301 3289 437 3326 maioris,
463 3291 552 3330 quod
576 3300 624 3321 res
648 3290 735 3330 prior
758 3289 869 3320 ordine
895 3290 1105 3330 generationis
1129 3289 1237 3331 quoad
1261 3299 1368 3321 causa-

300 3333 429 3369 litatem,
455 3341 501 3365 est
524 3334 680 3374 posterior
703 3333 814 3364 ordine
837 3334 1048 3374 generationis
1068 3335 1176 3375 quoad
1200 3343 1276 3365 esse.

358 3377 411 3407 Vl.
437 3377 528 3409 Circa
552 3378 774 3419 probationem
797 3378 936 3414 maioris,
961 3379 1086 3409 adverte
1103 3378 1194 3419 quod
1217 3378 1297 3409 ordo
1321 3386 1368 3408 re·

300 3430 373 3451 rum
391 3421 424 3451 in
443 3422 575 3453 essendo
599 3429 705 3462 potest
727 3422 916 3453 considerari
932 3423 1076 3454 absolute
1081 3433 1095 3461 ;
1119 3424 1150 3454 et
1173 3422 1217 3453 sic
1226 3421 1369 3454 'sumitur

299 3465 333 3495 in
357 3465 492 3496 maiore:
518 3473 547 3496 et
570 3473 675 3506 potest
689 3466 879 3498 considerari
895 3467 926 3497 in
947 3467 1006 3497 tali
1019 3476 1151 3508 genere,
1164 3473 1242 3507 puta
1261 3476 1368 3497 causa-

301 3516 423 3545 torum;
449 3517 478 3540 et
501 3510 545 3541 sic
569 3510 705 3541 sumitur
722 3510 755 3541 in
778 3510 966 3551 probatione
985 3511 1124 3542 maioris.
1149 3511 1195 3542 lta
1217 3510 1307 3552 quod
1330 3511 1368 3541 ab

300 3553 412 3583 ordine
434 3553 467 3584 in
492 3555 624 3584 essendo
649 3554 777 3586 invento
794 3555 875 3587 inter
894 3554 1100 3587 fundamenta
1120 3555 1232 3596 prioris
1256 3561 1286 3586 et
1309 3564 1368 3595 po·

1021 281 1289 329 QUAESTIO
1318 281 1365 329 V,
1396 281 1692 318 ARTICULUS
1724 281 1774 317 IV

1425 360 1563 391 sterioris
1588 370 1716 396 causae,
1741 367 1819 400 puta
1843 359 1954 390 caloris
1979 365 2009 390 et
2032 358 2153 389 formae
2186 358 2267 399 ignis
2290 358 2323 389 in
2347 366 2494 395 causato,

1425 405 1640 435 manuducere
1663 414 1723 435 nos
1742 404 1845 435 voluit
1861 404 1900 434 ad
1916 403 2062 434 ordinem
2085 403 2118 433 in
2142 403 2276 434 essendo
2300 403 2495 444 simpliciter.

1423 449 1499 479 Non
1524 449 1610 480 enim
1638 449 1821 480 intendebat
1843 449 1999 478 maiorem
2027 458 2063 478 ex
2086 448 2116 477 vi
2141 447 2337 488 probationis
2363 447 2493 478 inferre:

1424 494 1480 524 sed
1496 493 1662 524 ostendere
1680 494 1770 534 quod
1787 503 1853 523 non
1870 499 1998 534 oportet
2013 492 2151 523 eundem
2168 492 2315 522 ordinem
2330 502 2398 523 esse
2416 491 2497 522 inter

1425 536 1473 569 res
1496 538 1529 568 in
1554 539 1697 574 essendo,
1719 538 1774 579 qui
1795 537 1889 568 estin
1906 537 2076 573 causando,
2101 547 2160 568 nec
2179 546 2196 567 e
2213 545 2381 567 converso:
2406 537 2495 577 quod

1425 582 1616 614 sufficienter
1640 592 1676 613 ex
1700 582 1753 612 illa
1776 582 1965 622 probatione
1988 581 2032 612 fit.
2058 582 2099 612 Et
2119 591 2227 612 rursus
2251 580 2433 611 intendebat
2455 581 2496 610 ad

1424 627 1632 668 intelligibilia
1655 627 1741 663 haec,
1758 637 1795 657 ex
1818 626 2015 657 sensibilium
2035 626 2220 657 testimonio
2246 625 2380 656 elevare:
2406 625 2496 666 quod

1425 671 1499 703 satis
1522 671 1573 702 hic
1596 671 1641 702 fit.

1483 716 1551 747 VII.
1577 715 1668 747 Circa
1684 715 1780 746 huius
1799 715 1938 752 maioris,
1956 722 1986 746 et
2005 715 2103 746 totius
2117 714 2247 746 rationis
2262 714 2339 750 vim,
2360 714 2495 744 dubium

1425 760 1571 791 occurrit.
1597 760 1681 797 Quia
1704 766 1759 790 aut
1782 759 1833 790 hic
1848 767 1894 790 est
1908 769 2014 790 sermo
2038 760 2077 790 de
2101 759 2211 790 ordine
2234 759 2267 789 in
2287 758 2448 789 causando
2465 764 2496 788 et

1424 805 1558 835 essendo
1577 804 1735 840 absolute;
1756 811 1811 835 aut
1825 811 1969 845 respectu
1985 804 2091 839 huius,
2109 811 2139 835 et
2155 804 2188 834 in
2201 803 2272 834 hoc.
2293 803 2325 834 Si
2340 803 2494 838 absolute,

1425 849 1528 879 maior
1551 855 1598 879 est
1628 848 1715 879 falsa.
1745 849 1833 879 Tum
1861 848 1936 889 quia
1966 848 2099 879 ultimus
2126 847 2198 878 finis
2227 847 2392 883 omniurn,
2417 854 2495 887 puta

1425 893 1521 929 Deus,
1541 899 1587 923 est
1605 892 1747 933 primum
1766 893 1799 923 in
1817 893 1991 929 causando;
2013 899 2043 923 et
2058 900 2165 923 tamen
2182 902 2248 922 non
2264 899 2310 923 est
2329 891 2492 927 ultimum,

1425 938 1479 968 sed
1502 937 1644 978 primum
1668 946 1799 978 quoque
1827 937 1860 967 in
1884 938 2028 968 essendo.
2060 938 2148 968 Tum
2173 936 2268 967 etiam
2291 936 2324 966 in
2349 935 2496 976 exemplo

1423 982 1559 1012 litterae:
1591 981 1696 1011 forma
1718 981 1799 1021 ignis
1823 991 1890 1012 non
1921 982 2028 1012 solum
2051 989 2098 1012 est
2121 981 2263 1021 primum
2294 980 2326 1010 in
2351 980 2494 1015 essendo,

1425 1027 1479 1056 sed
1503 1025 1598 1056 etiam
1622 1025 1654 1055 in
1679 1026 1858 1061 causando;
1883 1035 1958 1056 nam
1981 1025 2069 1066 prius
2088 1025 2192 1056 forma
2210 1025 2292 1066 ignis
2309 1031 2417 1056 causat
2432 1024 2495 1054 for-

1425 1070 1549 1101 maliter
1571 1070 1688 1110 ignem,
1706 1069 1771 1100 sive
1795 1076 1978 1101 causantem
2001 1069 2066 1100 sive
2090 1077 2265 1106 causatum,
2289 1079 2388 1111 quam
2412 1069 2498 1100 calor

1425 1114 1564 1146 effective
1587 1114 1756 1145 calefaciat.
1772 1114 1814 1145 Et
1836 1114 1939 1144 simile
1962 1121 2009 1145 est
2031 1114 2065 1145 in
2079 1114 2247 1145 omnibus:
2265 1123 2391 1154 semper
2409 1113 2495 1144 enim

1425 1159 1527 1190 forma
1540 1159 1702 1199 praevenit
1713 1166 1743 1190 et
1758 1158 1791 1189 in
1807 1168 1874 1189 esse
1889 1166 1919 1190 et
1933 1158 1967 1189 in
1978 1158 2158 1190 causalitate
2172 1158 2336 1190 formali.-
2346 1158 2380 1189 Si
2388 1165 2496 1189 autem

1424 1211 1568 1245 respectu
1591 1204 1704 1240 huius,
1736 1210 1791 1234 aut
1814 1203 1847 1233 in
1875 1203 1953 1234 hoc:
1979 1213 2054 1243 ergo
2079 1212 2144 1233 non
2169 1203 2302 1234 habetur
2324 1202 2494 1234 intentum.

1425 1249 1562 1280 Intendit
1585 1248 1670 1279 enim
1695 1247 1840 1279 absolute
1864 1247 2010 1278 ordinem
2033 1247 2110 1278 boni
2134 1247 2174 1278 ad
2190 1247 2250 1278 alia
2269 1246 2426 1287 assignare
2433 1256 2440 1283 ;
2466 1254 2497 1277 et

1424 1304 1491 1324 non
1514 1293 1547 1323 in
1571 1293 1633 1323 hoc
1655 1293 1706 1323 vel
1729 1292 1796 1323 illo.

1482 1337 1565 1369 VIII.
1588 1337 1639 1368 Ad
1663 1337 1725 1368 hoc
1749 1336 1862 1367 dicitur
1875 1337 1965 1378 quod
1981 1336 2032 1367 hic
2048 1346 2153 1367 sermo
2174 1343 2221 1366 est
2234 1336 2273 1366 de
2290 1335 2400 1366 ordine
2417 1342 2447 1366 et
2463 1334 2496 1366 in

1424 1382 1585 1413 causando
1601 1388 1632 1412 et
1655 1381 1687 1412 in
1707 1382 1841 1412 essendo
1857 1381 2012 1412 absolute.
2036 1380 2099 1412 Sed
2114 1380 2251 1411 obiectio
2270 1387 2388 1420 peccat.
2407 1380 2497 1410 Tum

1424 1427 1499 1468 quia
1531 1427 1613 1457 male
1641 1426 1862 1466 interpretatur
1891 1425 2057 1456 maiorem.
2082 1425 2156 1456 Non
2188 1424 2274 1455 enim
2300 1424 2497 1456 intendimus

1424 1472 1514 1522 quod
1537 1471 1679 1511 primum
1701 1470 1734 1500 in
1751 1470 1922 1506 causand0,
1939 1470 2019 1501 illud
2034 1470 2121 1500 idem
2135 1479 2271 1500 numero
2287 1469 2326 1499 sit
2345 1469 2497 1500 ultimum

1424 1516 1458 1547 in
1481 1516 1630 1551 essendo,
1654 1521 1798 1555 respectu
1823 1524 1936 1545 eorum
1966 1524 2108 1556 quorum
2132 1521 2178 1544 est
2201 1513 2344 1554 primum
2366 1513 2399 1544 in
2424 1523 2496 1544 cau·

1425 1560 1524 1591 sando
1557 1558 1658 1602 (haec
1682 1559 1768 1590 enim
1796 1558 1981 1590 universalis
2012 1566 2059 1589 est
2087 1557 2313 1599 impossibilis,
2343 1567 2401 1589 nec
2424 1567 2496 1588 eam

1425 1602 1686 1646 somniavimus):
1712 1603 1767 1634 sed
1783 1603 1977 1634 intendimus
1993 1603 2072 1634 illud
2095 1603 2182 1633 idem
2201 1602 2379 1633 secundum
2401 1601 2497 1633 ratio—

1425 1659 1500 1680 nem
1524 1649 1709 1684 formalem,
1735 1648 1799 1679 sive
1823 1648 1958 1679 eandem
1984 1647 2102 1688 specie,
2127 1647 2192 1678 sive
2215 1647 2350 1678 eandem
2372 1656 2496 1687 genere,

1425 1693 1489 1724 sive
1513 1693 1647 1724 eandem
1664 1693 1842 1724 secundum
1859 1692 2047 1733 analogiam,
2066 1691 2105 1722 sit
2122 1691 2274 1722 ultimum
2296 1690 2330 1721 in
2352 1691 2497 1726 essendo,

1424 1739 1458 1769 in
1475 1738 1586 1769 ordine
1605 1747 1719 1768 eorum
1745 1747 1886 1778 quorum
1912 1743 1958 1768 est
1977 1736 2117 1777 primum
2132 1736 2165 1766 in
2185 1736 2355 1767 causando.
2380 1735 2421 1767 Et
2435 1735 2498 1766 hoc

1425 1783 1535 1819 modo,
1557 1782 1637 1813 ratio
1662 1781 1811 1813 bonitatis
1835 1781 1960 1812 divinae
1983 1788 2030 1812 est
2052 1781 2156 1821 prima
2178 1780 2212 1811 in
2236 1780 2397 1811 causando
2420 1778 2497 1811 fina-

1425 1827 1504 1863 liter,
1526 1834 1557 1858 et
1577 1827 1713 1867 ipsamet
1727 1826 1905 1857 secundum
1925 1825 2104 1866 analogiam
2119 1832 2165 1856 est
2184 1824 2298 1856 ultima
2312 1824 2346 1855 in
2364 1824 2498 1855 essendo

1425 1872 1457 1902 in
1482 1881 1514 1902 re
1537 1871 1693 1912 qualibet;
1718 1877 1755 1901 ut
1768 1877 1854 1911 patet
1873 1880 1909 1901 ex
1926 1869 2058 1901 articulo
2081 1880 2106 1906 1,
2123 1869 2155 1900 in
2175 1869 2383 1910 responsione
2403 1869 2444 1899 ad
2470 1879 2496 1900 1.

1425 1935 1445 1939 -
1455 1917 1544 1946 Tum
1559 1916 1635 1956 quia
1650 1914 1871 1946 testimonium
1888 1924 1925 1945 ex
1941 1913 2141 1945 sensibilibus
2156 1914 2189 1944 in
2204 1913 2307 1945 littera
2322 1913 2498 1944 adductum

1425 1959 1583 2002 pervertit.
1608 1960 1651 1991 Ut
1674 1959 1760 1990 enim
1783 1959 1848 1989 iam
1871 1958 1994 1990 dictum
2017 1965 2064 1989 est
2086 1958 2119 1994 *,
2143 1957 2303 1989 sensibilia
2325 1957 2376 1988 hic
2399 1957 2498 1989 addu-

1425 2012 1474 2036 cta
1498 2011 1582 2040 sunt,
1607 2011 1642 2035 ut
1665 2014 1702 2034 ex
1726 2003 1837 2034 ordine
1860 2003 1892 2033 in
1917 2003 2077 2034 causando
2101 2002 2178 2039 hoc,
2202 2009 2234 2033 et
2255 2002 2289 2033 in
2313 2002 2447 2033 essendo
2465 2002 2499 2034 in

1424 2050 1486 2080 hoc
1511 2055 1650 2085 causato,
1673 2048 1906 2089 perciperemus
1932 2047 2077 2078 ordinem
2105 2047 2139 2078 in
2165 2047 2325 2078 causando
2349 2046 2501 2087 simplici-

1425 2101 1471 2125 ter
1499 2100 1530 2124 et
1552 2093 1586 2123 in
1616 2093 1749 2124 essendo
1781 2092 1978 2132 simpliciter,
2011 2101 2077 2122 non
2110 2101 2177 2122 esse
2206 2091 2355 2123 eundem.
2386 2091 2497 2128 Unde,

1424 2138 1497 2169 licet
1521 2137 1624 2168 forma
1654 2136 1866 2168 substantialis
1897 2137 1978 2177 ignis
2007 2136 2047 2167 sit
2079 2135 2166 2176 prior
2188 2135 2221 2166 in
2250 2135 2384 2166 essendo
2409 2141 2440 2167 et
2462 2135 2495 2166 in

1426 2182 1587 2213 causando
1611 2181 1795 2222 simpliciter
1817 2190 1916 2222 quam
1940 2181 2039 2216 calor;
2064 2190 2131 2211 non
2154 2187 2261 2211 tamen
2285 2187 2332 2211 est
2354 2179 2442 2220 prior
2464 2180 2497 2211 in

1425 2227 1586 2258 causando
1609 2226 1681 2262 hoc,
1705 2225 1785 2256 idest
1808 2225 1894 2256 hunc
1913 2225 2021 2265 ignem
2035 2225 2263 2265 generandum.
2287 2224 2378 2256 Prius
2401 2224 2498 2261 enim,

1425 2270 1536 2302 ordine
1559 2269 1780 2311 generationis,
1806 2276 1852 2300 est
1875 2269 2037 2300 calefactio
2066 2279 2165 2310 quam
2188 2268 2350 2310 generatio
2374 2268 2497 2300 formae

1425 2315 1520 2356 ignis:
1545 2315 1687 2346 alteratio
1711 2314 1797 2345 enim
1813 2313 1939 2354 praevia
1957 2320 2004 2344 est
2018 2313 2224 2354 generationi.
2249 2313 2291 2344 Et
2312 2320 2420 2344 tamen
2435 2313 2499 2354 pri-

1426 2370 1518 2391 mum
1541 2359 1631 2401 quod
1654 2359 1783 2389 sortitur
1810 2357 1861 2389 hic
1891 2358 1972 2398 ignis
1995 2358 2130 2398 genitus,
2150 2364 2196 2388 est
2220 2357 2323 2388 forma
2347 2356 2442 2398 ignis:
2468 2364 2499 2389 et

1426 2404 1511 2435 calor
1534 2403 1741 2444 consequitur
1769 2402 1923 2439 formam,
1949 2402 2030 2434 sicut
2052 2401 2269 2434 universaliter
2295 2402 2424 2443 propria
2447 2411 2499 2433 ac·

1426 2448 1560 2480 cidentia
1583 2454 1824 2489 consequuntur
1846 2446 1994 2478 formam.

1482 2493 1535 2524 lx.
1552 2495 1595 2523 At
1610 2492 1683 2523 siin
1703 2491 1902 2523 sensibilibus
1922 2492 2068 2522 ordinem
2091 2491 2276 2531 simpliciter
2291 2490 2381 2531 cupis
2403 2490 2500 2531 inspi-

1426 2547 1504 2573 cere,
1521 2537 1647 2568 adverte
1666 2537 1756 2578 quod
1775 2536 1940 2567 causalitas
1964 2535 2106 2567 formalis
2122 2536 2239 2576 pendet
2262 2535 2438 2566 necessario
2461 2545 2499 2567 ex

1425 2581 1574 2617 effectiva,
1593 2588 1623 2612 et
1637 2581 1771 2622 liquebit
1786 2581 1977 2622 quaesitum.
2003 2580 2091 2611 Licet
2113 2579 2199 2611 enim
2220 2579 2252 2610 in
2275 2580 2337 2611 hoc
2358 2579 2498 2611 sensibili

1424 2626 1567 2668 primum
1590 2626 1630 2656 sit
1651 2626 1736 2667 quod
1754 2626 1832 2666 quid
1854 2631 1925 2656 erat
1949 2634 2030 2663 esse,
2052 2625 2140 2666 quod
2165 2630 2284 2664 spectat
2306 2624 2347 2654 ad
2370 2633 2498 2655 causam

1424 2670 1615 2706 formalem;
1641 2669 1728 2700 nulla
1757 2677 1863 2701 tamen
1897 2669 2000 2700 forma
2034 2676 2088 2700 aut
2111 2668 2270 2710 quidditas
2300 2678 2373 2699 vere
2404 2668 2499 2701 habet

1424 2714 1641 2746 causalitatem
1658 2714 1826 2745 formalem
1845 2714 2022 2745 secundum
2040 2723 2124 2749 rem,
2149 2713 2210 2744 nisi
2225 2713 2264 2743 ab
2281 2712 2387 2754 aliqua
2403 2722 2498 2746 caum

1424 2759 1463 2790 sit
1479 2758 1637 2795 effectiva,
1663 2769 1761 2800 quam
1777 2766 1904 2799 oportet
1923 2765 2053 2799 propter
2068 2757 2166 2789 finem
2181 2767 2282 2798 agere.
2307 2757 2395 2788 Cum
2411 2757 2498 2791 enim

1425 2803 1527 2835 forma
1543 2813 1609 2834 non
1634 2803 1673 2834 sit
1697 2813 1791 2834 causa
1816 2802 1958 2834 formalis
1983 2803 2031 2833 sui
2054 2802 2164 2843 ipsius,
2183 2802 2238 2832 sed
2263 2801 2402 2838 alterius,
2419 2808 2495 2844 puta

1425 2847 1610 2889 compositi,
1635 2854 1666 2878 et
1698 2857 1794 2878 omne
1819 2847 2037 2887 compositum
2060 2845 2120 2889 (ut
2143 2846 2176 2877 in
2199 2856 2254 2887 qu.
2280 2856 2314 2876 111
2337 2845 2354 2864 *
2373 2845 2495 2878 dictum

1425 2899 1480 2929 est,
1496 2899 1527 2923 et
1542 2895 1698 2923 Averroes
1721 2891 1753 2922 in
1778 2891 1834 2922 ΧΠ
1854 2892 2052 2933 Metaphys„
2070 2897 2243 2922 comment.
2262 2900 2330 2925 xxv,
2351 2890 2496 2932 testatur)

1424 2938 1463 2968 ab
1487 2936 1549 2968 alio
1573 2936 1628 2973 sit;
1660 2943 1788 2977 oportet
1819 2943 1890 2967 ante
1920 2946 2052 2967 omnem
2083 2934 2299 2966 causalitatem
2326 2933 2495 2966 formalem

1424 2991 1490 3012 esse
1515 2980 1704 3017 effectivam,
1729 2987 1760 3011 et
1783 2987 1855 3011 ante
1879 2980 1969 3017 hanc,
1995 2979 2132 3012 finalem.
2157 2979 2194 3010 In
2219 2979 2352 3010 essendo
2377 2985 2494 3015 tamen,

1424 3025 1528 3066 primo
1548 3025 1707 3056 invenitur
1731 3031 1761 3056 et
1784 3025 1815 3055 in
1841 3035 1933 3056 causa
1951 3025 2063 3062 forma,
2078 3031 2112 3063 et
2127 3023 2159 3054 in
2183 3022 2295 3055 effectu
2319 3022 2495 3054 similitudo

1423 3069 1560 3100 formae:
1587 3069 1738 3106 secundo,
1755 3069 1787 3099 in
1808 3079 1901 3100 causa
1917 3069 1963 3099 vis
1987 3069 2097 3105 activa,
2117 3074 2148 3099 et
2163 3067 2196 3098 in
2213 3066 2323 3099 effectu
2341 3067 2409 3098 eius
2424 3077 2494 3109 par-

1423 3113 1581 3154 ticipatio:
1611 3114 1723 3150 tertio,
1747 3113 1780 3143 in
1805 3123 1898 3144 causa
1922 3113 2063 3149 bonitas,
2088 3119 2119 3144 et
2150 3111 2183 3142 in
2215 3110 2325 3143 effectu
2351 3112 2494 3154 comple·

1423 3164 1579 3194 mentum,
1595 3158 1684 3199 quod
1708 3164 1755 3188 est
1773 3157 1971 3198 participatio
1995 3155 2155 3188 bonitatis.
2178 3155 2220 3188 Et
2242 3155 2286 3187 sic
2310 3156 2495 3197 simpliciter

1423 3209 1645 3243 praeposterus
1669 3209 1716 3233 est
1739 3202 1819 3232 ordo
1843 3202 1875 3232 in
1900 3202 2033 3233 essendo
2057 3207 2088 3232 et
2111 3200 2144 3231 iu
2168 3201 2339 3231 causando.

1479 3247 1518 3277 X.
1543 3246 1604 3277 Pro
1634 3246 1745 3277 notitia
1775 3253 1882 3277 tamen
1905 3247 2025 3278 litterae
2057 3245 2090 3275 in
2121 3244 2218 3280 calce,
2244 3245 2332 3280 scito,
2358 3244 2492 3280 novitie,

1423 3290 1512 3331 quod
1537 3290 1671 3331 duplicis
1690 3290 1891 3331 perfectionis
1914 3289 2072 3326 meminit,
2098 3288 2215 3320 scilicet
2239 3290 2270 3319 in
2296 3299 2364 3320 esse
2387 3296 2416 3320 et
2439 3289 2493 3319 ab·

1423 3334 1535 3365 solute.
1556 3335 1596 3366 Et
1612 3335 1746 3366 intendit
1767 3335 1943 3376 perfectum
1962 3334 1994 3364 in
2010 3343 2087 3369 esse,
2106 3332 2282 3373 perfectum
2307 3333 2494 3364 substantia-

1423 3378 1510 3409 liter:
1536 3379 1764 3418 perfectionem
1787 3389 1864 3410 vero
1887 3378 2042 3414 absolute,
2067 3387 2165 3418 quam
2190 3377 2265 3408 dicit
2280 3377 2312 3408 in
2329 3384 2400 3409 ente
2419 3377 2493 3408 fun-

1424 3423 1489 3453 dari
1513 3432 1570 3463 per
1594 3423 1671 3454 boni
1694 3423 1867 3458 rationem,
1888 3422 2117 3463 perfectionem
2141 3421 2184 3452 rei
2215 3421 2412 3462 simpliciter,
2436 3430 2492 3452 seu

1423 3467 1565 3498 totalem.
1591 3467 1677 3498 Haec
1705 3467 1791 3498 enim
1814 3467 1992 3498 secundum
2022 3466 2098 3496 boni
2126 3465 2310 3506 simpliciter
2337 3465 2492 3497 rationem

1423 3510 1603 3547 attenditur,
1617 3517 1653 3542 ut
1668 3521 1704 3542 ex
1720 3510 1906 3551 supradictis
1917 3510 1934 3530 *
1950 3518 2050 3551 patet:
2068 3517 2144 3542 tunc
2161 3511 2245 3542 enim
2262 3509 2341 3541 nihil
2357 3509 2492 3540 omnino

1425 3555 1520 3586 deest.

2525 1963 2534 1971 ·
2549 1961 2620 1984 Num.
2630 1967 2664 1983 vt.

2523 2850 2533 2860 ⁸
2548 2849 2601 2871 Art.
2611 2855 2653 2871 vu-

2520 3516 2531 3527 ³
2545 3516 2596 3539 Art.
2607 3522 2622 3543 ι,
2637 3515 2668 3538 ad
2682 3521 2700 3537 ι.
