2768 4178
996 233 1264 279 QUAESTIO
1295 234 1362 281 111,
1392 233 1689 270 ARTICULUS
1718 234 1753 269 V

274 314 414 355 antiquis
442 313 682 355 metaphysicis:
708 324 726 343 a
748 312 947 351 modernulis
974 318 1083 343 autern
1111 312 1203 342 valde
1233 312 1349 347 aliena,

275 359 351 400 quia
366 365 476 389 tenent
498 368 566 389 non
589 357 697 391 solum
721 357 754 387 in
777 357 858 393 Deo,
883 357 939 387 sed
954 357 987 386 in
1002 356 1094 393 omni
1117 366 1160 392 re,
1182 356 1350 387 essentiam

274 402 461 434 identificari
484 402 666 434 existentiae
688 401 784 432 illius.
809 400 855 432 Sit
872 411 946 441 ergo
964 407 1071 431 nostra
1090 400 1168 431 haec
1187 400 1348 441 quaestio:

275 447 315 477 ad
334 447 414 478 alios
437 454 546 478 autem
567 447 625 478 erit
645 445 789 487 quaestio
815 445 968 486 specialis,
994 445 1032 475 de
1057 445 1258 476 distinctione
1284 455 1350 475 esse

33 495 43 503 ·
59 493 96 515 Cf·
111 492 247 514 Comment.
274 492 313 522 ab
338 492 472 522 essentia
495 490 710 522 universaliter
724 489 751 521 *.

34 519 108 542 Caiet.
123 519 146 540 in
166 519 246 541 S.Th.

34 547 63 568 de
72 546 133 568 Ente
147 548 171 567 et
182 545 246 573 Eas„

34 579 85 600 cap.
96 579 118 600 v,
135 579 175 600 qu.
188 578 220 594 xi.

33 670 45 681 ¹⁶
60 669 108 697 Qu.
120 676 145 696 11,
160 673 203 691 art.
213 676 233 698 3.

0 2908 2 2940 J
44 2906 57 2918 ⁶
71 2905 165 2928 comm.
180 2911 221 2927 vn.

0 3251 6 3288 ,ε

0 3312 6 3376 ἱ

0 3395 6 3443 5'

0 3446 5 3499 i

0 3508 5 3553 ξ

0 3585 6 3645 ἰ

48 3331 57 3340 ““
72 3329 101 3352 D.
117 3330 171 3358 673.

332 536 369 567 11.
389 537 424 566 ln
441 545 574 577 corpore
589 544 654 567 una
670 534 850 565 conclusio:
870 534 958 564 Deus
975 540 1021 564 est
1037 543 1134 564 suum
1153 543 1230 563 esse.
1242 534 1349 563 —Pro-

275 582 368 612 batur
391 580 563 621 tripliciter.
588 580 709 613 Ρνὶηιο.
741 579 829 609 Deus
853 585 900 609 est
923 578 1066 618 primurn
1089 577 1248 608 efficiens:
1275 587 1350 618 ergo

275 625 371 656 habet
388 634 455 655 esse
470 622 538 654 non
555 629 721 655 causatum
738 623 776 653 ab
794 623 983 654 extrinseco:
1005 631 1080 662 ergo
1097 629 1143 653 est
1158 632 1255 652 suum
1272 632 1347 653 esse.

332 668 531 700 Antecedens
547 677 584 698 ex
601 667 691 698 dictis
705 667 723 686 *
738 674 833 708 patet.
855 685 874 689 -
891 666 1131 707 Consequentia
1147 666 1249 707 prima
1265 673 1351 707 patet

277 723 314 744 ex
337 712 489 744 terminis.
508 729 526 736 -
543 712 688 743 Secunda
712 718 821 742 autem
843 712 1006 752 probatur.
1031 711 1138 742 Omne
1159 711 1350 741 conveniens

277 757 371 788 alicui
387 756 572 788 distinctum
595 757 634 786 ab
658 756 791 787 essentia
816 756 893 792 eius,
918 765 973 786 aut
997 762 1143 786 causatur
1162 756 1200 785 ab
1217 756 1350 786 essentia

276 808 412 838 tantum,
434 808 489 832 aut
513 801 551 831 ab
576 800 768 832 extrinseco:
794 811 869 840 ergo
893 801 919 830 si
943 811 1010 831 esse
1035 800 1252 840 distinguitur,
1279 811 1350 831 cau·

276 853 363 877 satur
386 846 436 877 vel
459 846 498 876 ab
522 845 604 877 intra
626 845 677 875 vel
700 852 795 876 extra.
820 845 882 876 Sed
906 845 945 875 ab
968 845 1049 876 intra
1070 852 1205 880 tantum,
1223 852 1269 876 est
1291 845 1351 875 im-

276 890 447 932 possibile:
479 890 555 931 quia
585 889 665 920 nihil
696 896 743 920 est
765 889 824 920 sibi
850 889 911 930 ipsi
942 889 1100 920 sufficiens
1125 899 1218 920 causa
1243 896 1277 920 ut
1301 890 1350 920 sit.

277 936 374 975 Ergo,
395 935 421 965 si
445 935 484 965 ab
508 934 683 966 extrinseco
706 944 774 964 non
798 940 845 964 est
869 941 1043 970 causatum,
1063 941 1109 964 est
1132 934 1227 964 idem.
1254 935 1351 971 Quod

278 980 325 1011 est
349 978 578 1020 consequentia
601 978 776 1019 probanda.

334 1024 387 1055 111.
412 1023 570 1054 Secundo.
595 1023 683 1053 Deus
707 1029 754 1054 est
777 1029 866 1054 actus
890 1031 1005 1063 purus:
1031 1033 1107 1063 ergo
1130 1023 1264 1053 essentia
1285 1022 1352 1053 eius

278 1078 346 1104 non
361 1078 395 1099 se
409 1068 504 1099 habet
526 1067 566 1098 ad
583 1077 650 1098 esse
674 1074 710 1098 ut
734 1067 878 1108 potentia
895 1068 935 1097 ad
952 1074 1075 1098 actum:
1101 1077 1176 1107 ergo
1194 1074 1240 1098 est
1256 1077 1353 1097 suum

278 1123 355 1144 esse.
369 1131 389 1135 -
404 1112 602 1144 Antecedens
618 1118 714 1152 patet.
739 1112 780 1143 Et
795 1112 899 1153 prima
921 1112 1147 1152 consequentia
1162 1118 1209 1142 est
1223 1118 1299 1142 nota
1316 1121 1353 1141 ex

278 1157 431 1188 terminis.
457 1157 604 1189 Secunda
626 1157 788 1197 probatur.
814 1157 891 1187 Esse
915 1163 962 1187 est
985 1156 1146 1187 actualitas
1167 1156 1272 1186 omnis
1290 1155 1353 1186 for-

278 1212 351 1233 mae
383 1212 439 1232 seu
464 1209 612 1233 naturae:
645 1211 720 1242 ergo
746 1201 851 1231 omnis
883 1207 995 1231 natura
1024 1200 1170 1231 distincta
1202 1201 1241 1230 ab
1266 1210 1351 1236 esse,

256 1244 547 1287 ‚comparatur'ad
570 1246 678 1287 ipsum
702 1252 738 1276 ut
760 1246 904 1286 potentia
927 1245 967 1275 ad
986 1251 1112 1275 actum:
1138 1254 1223 1284 ergo,
1245 1245 1270 1275 si
1286 1255 1353 1275 non

280 1297 485 1332 comparatur
507 1298 543 1322 ut
566 1290 718 1331 potentia,
744 1296 790 1320 est
813 1290 921 1330 ipsum
945 1299 1022 1319 esse.
1047 1292 1262 1330 Assumptum
1278 1299 1353 1329 pro-

279 1336 391 1367 batur:
422 1335 498 1378 quia
521 1335 609 1366 nulla
630 1344 680 1365 res
703 1333 897 1374 significatur
923 1333 958 1364 in
981 1340 1063 1369 actu,
1082 1334 1141 1364 nisi
1162 1333 1354 1374 significetur

279 1387 317 1412 ut
339 1385 396 1412 est.

335 1424 473 1457 Adverte
496 1423 547 1454 hic
570 1423 661 1464 quod
684 1423 743 1454 ista
766 1423 846 1454 ratio
867 1422 1019 1453 fundatur
1043 1433 1138 1463 super
1161 1423 1239 1459 hoc,
1264 1423 1354 1464 quod

279 1478 504 1511 quaecumque
527 1468 687 1509 quidditas
707 1468 757 1498 vel
780 1474 902 1504 natura,
920 1475 1219 1509 quantumcumque
1243 1478 1354 1498 secun-

279 1514 361 1545 duni
382 1513 541 1544 rationem
563 1512 807 1554 quidditativam
831 1512 870 1543 sit
893 1511 1040 1548 actualis,
1065 1512 1161 1543 relata
1184 1519 1291 1543 tamen
1316 1513 1355 1542 ad

280 1568 358 1595 esse,
382 1558 478 1589 habet
504 1557 662 1588 rationem
681 1557 860 1597 potentiae:
887 1556 1040 1597 sapientia
1067 1567 1216 1598 namque,
1243 1564 1274 1588 et
1295 1558 1353 1587 bo-

280 1602 371 1640 nitas,
392 1609 461 1638 etc.,
479 1609 623 1633 actuatur
637 1611 694 1642 per
707 1602 770 1632 hoc
786 1602 876 1643 quod
900 1601 971 1632 dico
991 1607 1037 1632 est
1042 1611 1056 1640 ‚·
1081 1608 1111 1632 et
1135 1601 1278 1632 similiter
1297 1601 1355 1632 hu-

279 1647 425 1683 manitas,
446 1653 477 1678 et
495 1647 662 1688 equinitas,
681 1653 738 1677 etc.
763 1646 804 1677 Et
820 1653 987 1687 propterea
1003 1646 1117 1677 dicitur
1134 1654 1164 1677 et
1183 1647 1272 1687 quod
1289 1656 1355 1676 esse

280 1700 328 1723 est
357 1692 520 1723 actualitas
544 1691 651 1722 omnis
675 1690 818 1727 formae,
843 1698 873 1722 et
897 1691 986 1732 quod
1010 1691 1097 1721 nulla
1121 1698 1233 1722 natura
1262 1691 1355 1731 signi-

279 1735 392 1769 ficatur
407 1737 441 1767 in
457 1743 529 1768 actu
546 1736 704 1771 ultimate,
730 1735 790 1766 nisi
814 1742 910 1776 prout
934 1735 1127 1775 significatur
1151 1745 1217 1766 esse
1236 1735 1269 1766 in
1284 1743 1355 1767 actu

281 1781 430 1814 exercito.

338 1826 390 1857 lv.
421 1826 538 1856 Tertio.
571 1825 658 1856 Deus
687 1831 734 1856 est
757 1825 899 1865 primum
923 1834 999 1855 ens:
1033 1835 1107 1865 ergo
1139 1832 1185 1855 est
1215 1835 1270 1855 ens
1301 1835 1357 1865 per

282 1870 471 1901 essentiam:
497 1880 572 1910 ergo
604 1877 651 1900 est
673 1879 771 1900 suum
795 1879 903 1900 esse.—
920 1870 1130 1905 Antecedens,
1156 1879 1230 1899 cum
1254 1869 1358 1909 prima

282 1915 519 1956 consequentia,
541 1920 636 1955 patet.
660 1914 808 1945 Secunda
830 1924 906 1944 vero
930 1914 1084 1954 probatur
1107 1924 1125 1943 a
1145 1913 1357 1944 destructione

282 1959 518 2000 consequentiS,
543 1959 720 1999 dupliciter.
744 1959 866 1996 Primo,
892 1968 928 1988 ex
944 1958 1021 1999 quid
1045 1959 1183 1988 nominis
1207 1958 1285 1989 entis
1301 1968 1357 1998 per

2419 237 2469 281 43

1407 314 1583 363 essentiam,
1600 314 1653 344 sic.
1678 315 1752 344 Non
1770 322 1816 345 est
1839 325 1934 345 suum
1954 326 2034 346 esse:
2060 327 2134 357 ergo
2150 317 2244 347 habet
2260 327 2336 352 esse,
2361 324 2390 347 et
2407 327 2473 346 non

1407 365 1453 388 est
1476 368 1584 398 ipsum
1600 367 1683 388 esse:
1705 368 1779 398 ergo
1800 367 1846 389 est
1862 370 1917 390 ens
1933 370 1988 400 per
2003 361 2290 401 participationem:
2316 371 2390 401 ergo
2407 370 2472 390 non

1407 409 1453 433 est
1477 412 1531 432 ens
1555 412 1612 442 per
1635 403 1818 438 essentiam;
1844 403 1924 434 sicut
1955 405 1980 434 si
2008 405 2102 436 habet
2129 406 2252 445 ignem,
2285 412 2315 435 et
2338 415 2403 435 non
2428 411 2474 435 est

1406 447 1496 487 ignis,
1524 454 1581 477 etc.
1607 447 1771 484 Secundo,
1798 448 1884 477 Deus
1908 458 1973 478 non
1998 457 2043 479 est
2067 460 2162 480 suum
2186 460 2269 485 esse,
2295 457 2325 479 et
2348 456 2394 479 est
2417 459 2473 479 sua

1407 491 1555 522 essentia:
1587 501 1661 531 ergo
1686 501 1752 521 non
1780 498 1826 522 est
1853 501 1907 522 ens
1932 503 1987 532 per
2011 494 2194 529 essentiam,
2227 494 2281 524 sed
2305 504 2360 534 per
2389 493 2474 523 aliud

1406 536 1561 566 additum.
1588 553 1606 558 —
1630 535 1749 566 Omnia
1773 536 1854 566 clara
1878 543 1960 566 sunt.

1462 581 1499 610 V.
1526 581 1561 610 In
1585 580 1793 620 responsione
1809 581 1849 610 ad
1865 581 2052 617 secundum,
2071 582 2205 612 dubium
2225 582 2374 613 occurrit:
2400 582 2474 622 quia

1406 624 1530 655 videtur
1548 625 1709 665 implicare
1725 624 1889 664 responsio
1907 625 1972 655 duo
1989 626 2238 656 contradictoria.
2264 627 2296 657 Si
2316 627 2401 656 enim
2417 626 2474 656 sci-

1406 679 1478 699 mus
1495 669 1584 710 quod
1603 669 1680 699 haec
1698 669 1877 709 propositio
1898 677 1943 700 est
1962 679 2043 705 vera,
2063 670 2152 700 Deus
2169 677 2233 708 est,
2259 681 2332 711 ergo
2357 680 2473 710 cogno-

1407 713 1524 744 scimus
1548 713 1590 744 ita
1614 723 1681 744 esse
1704 713 1737 743 in
1762 723 1803 750 re,
1828 714 1917 754 quod
1941 714 2027 744 Deus
2052 721 2112 744 est:
2138 715 2199 744 hoc
2223 722 2330 746 autem
2354 722 2399 745 est
2423 725 2474 745 co-

1406 768 1557 798 gnoscere
1581 768 1647 788 esse
1671 758 1760 798 quod
1783 758 1816 787 in
1839 758 1910 798 ipso
1934 758 2004 788 Deo
2028 765 2091 788 est:
2117 769 2202 798 ergo.

1462 803 1513 833 Ad
1532 802 1595 833 hoc
1615 802 1750 832 dubium
1774 800 1878 843 (quod
1901 802 1934 832 in
1959 802 1984 832 ΙΙ
2001 803 2135 840 Foster„
2159 813 2225 843 cap.
2242 814 2261 839 1,
2287 803 2397 834 diffuse
2416 811 2474 834 tra-

1407 847 1581 883 ctavimus‚
1614 853 1644 877 et
1667 846 1791 882 Scotus,
1813 846 1873 876 inI
1894 847 1997 882 Sent.,
2019 847 2088 877 dist.
2108 858 2156 883 111,
2182 858 2236 888 qu.
2259 859 2282 883 1,
2308 848 2340 877 in
2365 848 2474 887 princ„

1407 891 1503 927 affert,
1529 890 1789 931 reprehendendo
1812 891 1894 921 hanc
1917 890 2171 933 responsionem)
2197 891 2330 922 breviter
2354 892 2475 927 dicitur,

1407 936 1496 976 quod
1521 936 1598 966 haec
1623 935 1789 975 responsio
1815 942 1861 966 est
1885 935 2016 976 optima,
2035 942 2065 966 et
2084 936 2249 975 singularis
2274 936 2311 966 de
2336 937 2415 966 Deo.
2441 936 2476 966 In

1407 981 1469 1010 hoc
1486 980 1572 1010 enim
1589 979 1690 1010 differt
1715 989 1781 1010 esse
1806 980 1865 1010 Dei
1889 990 1906 1010 a
1923 979 2121 1020 reliquorum
2145 980 2267 1020 entium
2284 990 2364 1015 esse,
2390 980 2478 1020 quod

1408 1035 1474 1055 esse
1491 1024 1551 1055 Dei
1569 1031 1615 1055 est
1630 1024 1716 1065 quod
1731 1024 1808 1065 quid
1831 1030 1878 1055 est
1901 1024 2001 1065 ipsius
2018 1024 2086 1060 Dei,
2112 1031 2147 1055 ut
2167 1024 2217 1055 hic
2235 1024 2475 1054 determinatur:

1408 1069 1450 1100 ita
1474 1069 1563 1109 quod
1587 1069 1663 1099 haec
1688 1068 1886 1109 propositi0‚
1916 1069 2007 1099 Deus
2031 1074 2097 1107 est,
2129 1075 2175 1099 est
2198 1069 2231 1099 in
2248 1070 2356 1108 primo
2386 1069 2478 1099 modo

1407 1113 1534 1144 dicendi
1550 1123 1615 1153 per
1636 1123 1680 1143 se.
1714 1113 1791 1143 Esse
1816 1120 1923 1144 autem
1948 1121 2126 1144 ceterorum
2150 1123 2215 1143 non
2240 1113 2284 1144 sic
2307 1123 2339 1143 se
2364 1113 2476 1148 habet,

1409 1158 1463 1188 sed
1487 1157 1691 1197 distinguitur
1708 1168 1726 1187 a
1741 1157 1970 1198 quidditatibus
1995 1168 2118 1188 eorum.
2142 1158 2183 1188 Et
2203 1168 2239 1188 ex
2257 1157 2318 1188 hoc
2343 1157 2479 1188 nascitur

1409 1202 1498 1242 quod
1523 1211 1588 1231 esse
1612 1202 1681 1237 Dei,
1699 1202 1877 1232 secundum
1897 1213 1930 1232 se
1954 1209 1984 1233 et
2008 1202 2161 1238 absolute,
2188 1208 2233 1232 est
2256 1202 2403 1242 proprius
2422 1208 2479 1232 ter·

1410 1246 1516 1276 minus
1532 1246 1727 1286 quaestionis
1751 1246 1828 1287 quid
1846 1252 1909 1277 est:
1933 1254 1964 1277 et
1987 1253 2033 1277 est
2055 1246 2208 1277 terminus
2228 1246 2420 1286 quaestionis
2436 1256 2478 1276 an

1409 1296 1466 1329 est,
1485 1291 1663 1321 secundum
1678 1291 1765 1331 quid,
1783 1291 1863 1321 idest
1882 1297 1917 1321 ut
1934 1291 2046 1322 fundat
2063 1291 2227 1322 veritatem
2243 1290 2478 1330 propositionis.

1409 1336 1486 1366 Esse
1509 1345 1585 1365 vero
1610 1335 1747 1365 aliorum
1770 1345 1837 1365 non
1862 1342 1981 1375 spectat
2005 1336 2044 1366 ad
2068 1335 2289 1376 quaestionem
2312 1335 2388 1375 quid
2411 1340 2479 1372 est,

1410 1379 1486 1420 quia
1509 1389 1576 1410 non
1600 1386 1647 1410 est
1670 1379 1887 1420 praedicatum
1910 1380 2004 1420 primi
2028 1380 2127 1415 modi,
2153 1387 2188 1410 ut
2207 1386 2291 1420 patet
2310 1379 2478 1414 inducfive,

1409 1425 1502 1455 homo
1519 1429 1577 1461 est,
1602 1425 1726 1455 caelum
1745 1430 1802 1461 est,
1821 1431 1894 1455 etc.:
1920 1425 1975 1455 sed
1999 1425 2177 1455 secundum
2196 1434 2228 1454 se
2245 1431 2275 1454 et
2299 1423 2480 1463 simpliciter

1410 1475 1530 1509 spectat
1554 1469 1593 1498 ad
1612 1468 1834 1509 quaestionem
1858 1478 1900 1499 an
1925 1474 1980 1500 est.
2006 1469 2046 1499 Et
2070 1475 2246 1509 propterea,
2268 1478 2342 1499 curn
2359 1468 2396 1498 de
2412 1467 2479 1497 aliis

1410 1513 1528 1544 scimus
1552 1513 1775 1554 quaestionem
1805 1523 1847 1544 an
1873 1519 1939 1550 est,
1969 1521 1999 1544 et
2024 1513 2159 1544 dicimur
2188 1513 2264 1544 scire
2296 1522 2362 1543 esse
2391 1512 2479 1552 quod

1410 1557 1565 1598 significat
1588 1557 1752 1588 veritatem
1776 1558 2022 1602 propositionis,
2053 1565 2083 1588 et
2107 1568 2173 1588 esse
2197 1557 2296 1598 ipsius
2320 1557 2380 1587 rei:
2405 1556 2479 1597 quia

1411 1603 1507 1633 scitur
1530 1603 1708 1633 secundum
1732 1602 1901 1643 proprium
1925 1603 2061 1633 modum
2085 1613 2151 1643 quo
2176 1602 2282 1633 scibile
2307 1609 2361 1632 est.
2394 1601 2479 1632 Cum

1411 1654 1519 1678 autem
1550 1647 1588 1677 de
1620 1647 1690 1677 Deo
1722 1647 1840 1677 scimus
1868 1657 1911 1677 an
1936 1653 2001 1684 est,
2035 1647 2170 1677 dicimur
2193 1646 2270 1677 scire
2294 1656 2360 1676 esse
2391 1646 2479 1686 quod

1411 1690 1566 1731 significat
1588 1691 1752 1722 veritatem
1776 1691 2014 1732 propositionis,
2033 1699 2063 1722 et
2082 1691 2200 1722 nescire
2224 1701 2289 1721 esse
2314 1690 2388 1720 Dei:
2414 1700 2479 1720 non

1411 1736 1500 1777 quod
1524 1735 1678 1767 terminus
1702 1736 1832 1767 ultimus
1857 1736 2046 1776 cognitionis
2070 1743 2195 1766 nostrae
2219 1735 2258 1766 sit
2277 1745 2343 1765 esse
2363 1744 2480 1775 propo-

1411 1780 1548 1817 sitionis,
1574 1787 1610 1811 ut
1633 1780 1770 1811 obiectio
1794 1780 1944 1811 intellexit
1968 1779 2145 1822 (quoniam
2168 1779 2321 1811 terminus
2346 1785 2391 1809 est
2415 1789 2479 1808 esse

1412 1825 1480 1861 Dei,
1497 1835 1564 1856 non
1580 1825 1734 1861 absolute,
1760 1826 1815 1855 sed
1832 1832 1867 1856 ut
1882 1826 2054 1865 respondet
2075 1825 2195 1856 veritati
2219 1821 2478 1865 propositionis);

1412 1870 1466 1900 sed
1491 1870 1566 1911 quia
1589 1879 1645 1910 per
1667 1869 1748 1900 hanc
1773 1869 1991 1910 cognitionem
2014 1880 2080 1900 non
2107 1869 2308 1910 cognoscitur
2332 1878 2398 1899 esse
2421 1867 2479 1897 Dei

1412 1914 1540 1954 propria
1556 1914 1742 1955 quaestione
1766 1924 1830 1955 qua
1850 1921 1898 1945 est
1912 1915 2089 1945 secundum
2106 1924 2138 1944 se
2158 1913 2384 1954 cognoscibile,
2405 1911 2480 1952 quia

1411 1968 1478 1988 non
1503 1959 1599 1989 scitur
1622 1969 1679 1999 per
1701 1959 1787 1999 quid.

1080 2113 1398 2155 ARTICULUS
1430 2113 1687 2164 QUINTUS

893 2213 1070 2244 UTRUM
1103 2213 1229 2244 DEus
1261 2213 1336 2244 Sir
1371 2213 1417 2243 IN
1451 2213 1653 2244 GENERE
1686 2213 1875 2250 ALIQuo

552 2302 561 2326 l
581 2302 663 2331 Sent„
684 2301 743 2326 dist.
762 2309 816 2333 vm,
836 2309 881 2334 qu.
900 2309 934 2332 iv,
955 2306 1001 2326 art.
1022 2309 1035 2326 2
1042 2309 1048 2331 ;
1069 2301 1128 2326 dist.
1147 2309 1197 2332 xix,
1217 2309 1262 2334 qu.
1281 2309 1315 2331 ιν,
1335 2306 1383 2325 art.
1406 2308 1435 2331 2;
1456 2301 1464 2325 l
1487 2301 1563 2326 Cont.
1585 2302 1672 2330 Gent„
1694 2309 1749 2333 cap.
1768 2309 1816 2326 xxv
1823 2309 1830 2332 ;
1850 2301 1892 2326 De
1910 2301 1978 2331 Por„
1998 2309 2042 2334 qu.
2057 2309 2100 2331 vn,
2120 2307 2166 2327 an.
2187 2302 2216 2333 3;

983 2337 1127 2370 Compend.
1146 2337 1243 2366 ficol„
1263 2345 1318 2369 cap.
1336 2344 1383 2367 xn;
1404 2337 1446 2362 De
1466 2337 1528 2361 Ent.
1547 2340 1573 2361 et
1595 2337 1660 2365 Ess„
1681 2345 1737 2369 cap.
1755 2345 1790 2361 vi.

313 2441 376 2483 :ff-,5⁵
397 2440 458 2484 θέτε.

314 2475 399 2523 §garg
414 2478 472 2535 ψ
498 2475 604 2510 Deus
634 2472 679 2509 sit
713 2472 751 2509 in
780 2484 918 2520 genere
957 2472 1097 2521 aliquo.
1138 2471 1359 2509 Substantia

320 2525 421 2577 sik,
436 2521 483 2573 ’ἦ
499 2526 603 2564 enim
625 2533 680 2563 est
700 2538 766 2563 ens
785 2537 854 2575 per
874 2538 914 2563 se
935 2525 1155 2563 subsistens.
1186 2526 1273 2562 Hoc
1293 2538 1358 2563 au-

304 2583 306 2586 ’
340 2558 438 2615 ἐξῆ)
453 2573 576 2618 &tem
597 2579 764 2617 maxime
793 2579 971 2617 convenit
989 2581 1087 2617 Deo.
1118 2580 1222 2628 Ergo
1251 2581 1358 2617 Deus

286 2643 342 2673 est
369 2635 408 2671 in
435 2646 575 2682 genere
604 2633 847 2670 substantiae.

341 2700 376 2725 2.
407 2689 651 2734 PRAETEREA,
680 2686 989 2735 unumquodque
1019 2694 1263 2724 mensuratur
1289 2699 1360 2735 per

286 2741 429 2791 aliquid
459 2740 516 2778 sui
545 2740 709 2788 generis3
739 2740 835 2777 sicut
863 2740 1116 2788 longitudines
1144 2753 1214 2789 per
1241 2740 1360 2788 longi-

285 2795 479 2841 tudinem,
520 2801 556 2830 et
593 2793 743 2830 numeri
779 2806 849 2843 per
880 2806 1100 2831 numerum.
1141 2794 1219 2831 Sed
1253 2795 1359 2831 Deus

248 2872 252 2877 .
288 2856 345 2886 est
371 2860 553 2886 mensura
573 2847 750 2884 omnium
770 2847 1080 2895 substantiarum,
1100 2855 1142 2884 ut
1168 2855 1272 2896 patet
1290 2860 1360 2897 per

288 2903 666 2948 Commentatorem,
698 2901 733 2937 X
750 2901 968 2950 Metaphys.
989 2901 1009 2922 '¹‘
1037 2902 1140 2949 Ergo
1171 2902 1276 2938 Deus
1306 2909 1361 2938 est

286 2956 326 2993 in
354 2967 494 3004 genere
523 2954 768 2992 substantiae.

342 3009 417 3046 SED
447 3020 610 3056 CONTRA,
640 3020 761 3056 genus
791 3014 846 3044 est
872 3008 989 3057 prius,
1012 3008 1226 3045 secundum
1255 3007 1360 3045 intel—

287 3063 440 3109 lectum,
471 3074 516 3099 eo
547 3063 652 3111 quod
681 3061 719 3098 in
738 3073 878 3109 genere
907 3061 1132 3098 continetur.
1163 3062 1241 3099 Sed
1268 3061 1360 3098 nihil

289 3122 346 3152 est
371 3114 477 3164 prius
509 3116 614 3163 Deo,
645 3127 717 3151 nec
752 3114 966 3152 secundum
995 3127 1098 3162 rem,
1127 3127 1200 3152 nec
1227 3127 1360 3152 secun-

290 3169 383 3206 dum
411 3168 656 3205 intellectum.
696 3169 799 3216 Ergo
829 3169 934 3205 Deus
968 3181 1049 3205 non
1085 3175 1139 3205 est
1166 3168 1205 3205 in
1233 3168 1360 3217 aliquo

290 3233 441 3270 genere.

345 3275 571 3311 RESPONDEO
600 3287 786 3312 manDUM
821 3274 927 3322 quod
961 3274 1102 3323 aliquid
1136 3282 1191 3311 est
1227 3275 1266 3312 in
1299 3287 1361 3323 ge-

292 3340 383 3365 nere
413 3326 610 3376 dupliciter
628 3327 659 3364 *.
689 3329 777 3366 Uno
802 3328 936 3376 modo,
962 3327 1184 3376 simpliciter
1213 3335 1249 3365 et
1275 3341 1363 3377 pro-

290 3381 393 3431 prie;
423 3380 519 3417 sicut
546 3381 704 3429 species,
734 3394 833 3430 quae
863 3382 934 3418 sub
963 3393 1102 3429 genere
1121 3387 1138 3402 ‘²‘
1169 3381 1362 3419 continen-

291 3442 363 3472 tur.
393 3433 479 3470 Alio
507 3433 639 3481 modo,
663 3446 733 3483 per
760 3435 1037 3482 reductionem,
1059 3435 1154 3472 sicut
1179 3435 1363 3484 principia

294 3495 330 3524 et
347 3487 597 3537 privationes:
627 3487 912 3536 sicuf‘punctus
931 3487 949 3517 β
978 3496 1014 3525 et
1032 3488 1155 3525 unitas
1176 3488 1362 3525 reducun—

464 2419 519 2457 *n
540 2430 703 2462 Qu1NTuM
728 2430 781 2456 Slc
802 2430 1042 2455 PRocnmrun.
1069 2418 1230 2456 Videtur
1253 2419 1357 2466 quod
1384 2416 1387 2469 Ι
1412 2425 1472 2454 tur
1500 2418 1549 2454 ad
1577 2430 1696 2466 genus
1717 2418 1944 2466 quantitatis,
1975 2418 2071 2455 sicut
2089 2419 2291 2468 principia;
2322 2420 2482 2457 caecitas

1413 2479 1555 2518 autern,
1578 2479 1614 2508 et
1640 2471 1765 2508 omnis
1793 2471 1968 2520 privati0‚
1990 2472 2182 2509 reducitur
2210 2475 2257 2510 ad
2286 2485 2405 2521 genus
2425 2473 2482 2510 sui

1413 2524 1575 2561 habitus.
1616 2526 1764 2561 Neutro
1802 2533 1929 2562 autem
1966 2525 2085 2562 modo
2123 2527 2230 2562 Deus
2264 2534 2319 2563 est
2350 2527 2387 2563 in
2421 2539 2482 2575 ge-

1414 2590 1504 2615 nere
1524 2578 1554 2614 ²¹³.

1469 2632 1587 2678 Quod
1620 2632 1722 2668 enim
1758 2643 1838 2668 non
1871 2632 1991 2680 possit
2027 2645 2109 2669 esse
2143 2633 2288 2682 species
2326 2633 2483 2670 alicuius

1414 2685 1573 2733 generis,
1598 2684 1790 2733 tripliciter
1819 2686 1968 2722 ostendi
1986 2693 2123 2734 potest.
2153 2686 2283 2723 Primo
2313 2687 2482 2735 quidem,

1415 2739 1504 2788 quia
1533 2738 1678 2788 species
1708 2738 1945 2775 constituitur
1965 2751 2010 2775 ex
2029 2751 2167 2787 genere
2197 2748 2232 2776 et
2260 2740 2482 2777 differentia.

1416 2793 1577 2842 Semper
1605 2799 1734 2828 autem
1762 2792 1802 2829 id
1831 2805 1853 2829 a
1878 2805 1955 2841 quo
1985 2793 2146 2830 sumitur
2165 2793 2375 2831 differentia
2395 2806 2483 2830 con-

1415 2846 1571 2883 stituens
1590 2845 1770 2894 speciem,
1801 2858 1842 2882 se
1861 2846 1976 2883 habet
1996 2846 2044 2883 ad
2073 2847 2164 2884 illud
2191 2848 2294 2884 unde
2323 2847 2484 2884 sumitur

1415 2912 1555 2948 genus,
1586 2899 1682 2935 sicut
1713 2906 1818 2935 actus
1856 2899 1904 2936 ad
1938 2900 2160 2948 potentiam.
2198 2901 2355 2937 Animal
2382 2901 2482 2937 enirn

1416 2953 1578 2990 sumitur
1605 2964 1627 2988 a
1655 2959 1791 2989 natura
1829 2953 2009 2990 sensitiva
2041 2966 2111 3002 per
2137 2954 2299 2990 modum
2329 2966 2482 2990 concre-

1415 3006 1547 3052 tionis;
1582 3006 1657 3042 hoc
1685 3005 1787 3042 enim
1823 3006 1957 3043 dicitur
1990 3007 2145 3054 animal,
2176 3007 2280 3056 quod
2308 3014 2482 3043 naturam

1417 3059 1636 3097 sensitivam
1669 3059 1800 3096 habet:
1839 3060 2023 3097 rationale
2050 3073 2143 3097 vero
2179 3060 2340 3097 sumitur
2367 3073 2388 3096 a
2417 3073 2482 3097 na—

1416 3122 1500 3151 tura
1523 3112 1761 3159 intellectiva,
1782 3113 1872 3162 quia
1892 3113 2071 3151 rationale
2093 3122 2148 3150 est
2176 3113 2280 3162 quod
2308 3120 2482 3150 naturam

1416 3166 1682 3204 intellectivam
1710 3166 1845 3203 habet:
1876 3167 2145 3204 intellectivum
2175 3174 2303 3203 autem
2328 3179 2484 3215 compa-

1418 3228 1520 3258 ratur
1548 3219 1597 3256 ad
1622 3219 1857 3267 sensitivum,
1879 3220 1973 3257 sicut
1992 3227 2096 3257 actus
2116 3220 2164 3257 ad
2183 3220 2405 3268 potentiam.
2436 3221 2484 3257 Et

1417 3273 1585 3312 similiter
1617 3273 1861 3310 manifestum
1897 3282 1951 3310 est
1978 3274 2017 3310 in
2046 3273 2136 3310 aliis.
2167 3273 2297 3321 Unde,
2328 3286 2416 3310 cum
2446 3274 2484 3310 in

1417 3330 1502 3366 Deo
1531 3339 1610 3363 non
1643 3326 1868 3374 adiungatur
1902 3327 2071 3375 potentia
2104 3327 2222 3374 actui,
2251 3327 2484 3375 impossibile

1418 3389 1474 3418 est
1502 3381 1605 3429 quod
1634 3379 1680 3416 sit
1707 3379 1745 3416 in
1773 3392 1912 3428 genere
1940 3388 2123 3429 tanquam
2152 3380 2309 3429 species.

1473 3433 1664 3480 Secundo,
1695 3433 1797 3482 quia,
1828 3446 1917 3470 cum
1938 3446 2020 3470 esse
2041 3433 2113 3469 Dei
2133 3433 2179 3470 sit
2202 3433 2281 3470 eius
2311 3433 2482 3479 essentia,

1418 3495 1459 3524 ut
1477 3494 1674 3524 ostensum
1695 3494 1750 3523 est
1769 3486 1806 3533 ²⁸,
1832 3487 1862 3523 si
1881 3487 1987 3523 Deus
2008 3493 2106 3523 esset
2124 3486 2162 3523 in
2182 3487 2309 3536 aliquo
2333 3498 2482 3535 genere,

348 3617 376 3650 α)
396 3625 463 3650 quae
481 3617 529 3642 sub
547 3624 653 3651 genere.
671 3631 691 3637 —
708 3620 735 3642 et
752 3625 820 3650 quae
838 3619 886 3643 sub
905 3619 943 3643 eis
963 3619 1064 3644 codices
1085 3624 1110 3643 et
1128 3626 1145 3643 α
1156 3620 1179 3644 b.

1473 3617 1498 3650 β)
1513 3621 1639 3649 punctus.
1657 3631 1676 3636 -
1690 3621 1819 3649 punctum
1839 3618 1950 3642 codices.

2510 2583 2519 2593 ⁸
2536 2583 2563 2604 D.
2578 2582 2633 2609 464.

2512 3494 2519 3500 '
2535 3492 2586 3513 Art.
2602 3497 2683 3519 praec.
