2768 4178
69 344 81 355 ⁴
96 344 187 372 Cap.11‚
205 349 227 365 n.
239 349 265 365 n.

70 789 147 837 ἒὲεορ.
157 795 172 816 ι,
182 794 204 810 n.
212 794 232 816 5,
241 788 263 810 6.
271 799 282 805 -

102 831 108 837 .
130 822 168 843 ap.
178 821 202 843 11,
213 821 236 836 n.
245 815 268 837 6.

68 1357 79 1367 ³
94 1356 130 1378 Cf.
146 1362 211 1378 num.
222 1362 236 1377 1.

71 3219 80 3229 ·
95 3218 145 3241 Art.
159 3225 174 3240 1.

319 272 388 298 122

312 348 343 372 et
358 341 474 381 partim
490 340 668 376 coniuncta,
686 347 722 371 ut
738 340 853 372 dicitur
866 341 899 371 in
915 341 941 371 II
957 341 1099 382 Physic.‚
1115 348 1189 373 text.
1208 342 1247 372 26
1261 341 1292 371 *ε
1309 341 1382 372 ideo

312 385 438 416 ordines
454 384 716 425 cognoscentium
739 385 942 425 multiplicari
958 392 1094 426 possunt
1110 383 1295 416 >secundum
1311 396 1382 416 mo-

313 430 371 460 dos
386 429 518 466 essendi,
534 428 634 469 magis
654 439 753 470 quarn
772 429 898 460 ordines
919 429 1132 470 cognitorum.
1156 429 1198 460 Et
1215 436 1383 470 propterea

311 473 344 504 in
360 473 471 510 littera,
495 473 528 503 in
544 472 685 510 homine,
709 472 743 504 in
767 483 833 514 quo
857 481 992 515 utraque
1015 473 1156 514 iungitur
1180 480 1302 513 natura,
1323 484 1382 514 po-

311 517 397 549 nitur
419 517 596 548 intellectus
628 517 662 548 in
692 517 796 548 altiori
827 517 938 548 ordine
969 527 1068 559 quam
1098 527 1219 548 sensus.
1250 517 1297 548 Ex
1319 518 1383 549 hoc

311 568 417 593 tamen
434 561 512 592 nihil
527 561 647 602 deperit
669 561 800 592 rationis
819 561 985 593 efficaciae.
1002 562 1091 592 Tum
1110 561 1196 602 quia,
1212 561 1294 592 sicut
1311 562 1382 593 uni-

311 606 428 637 versale
453 613 483 636 et
511 606 669 646 singulare
699 606 740 637 ad
770 616 874 637 unum
897 606 1021 637 essendi
1051 606 1189 636 modum
1219 612 1380 646 spectant,

311 650 428 681 scilicet
450 650 491 680 ad
514 660 581 681 esse
604 650 637 680 in
661 650 801 687 materia,
825 650 869 682 ita
891 650 998 681 anima
1021 649 1168 681 sensitiva
1192 656 1223 681 et
1241 649 1382 681 humana

311 695 351 725 ad
374 705 478 725 unum
501 694 638 725 modurn
661 694 784 726 essendi
809 694 985 736 pertinent,
1017 694 1133 725 scilicet
1163 694 1203 724 ad
1227 704 1294 725 esse
1318 694 1382 725 for-

310 749 407 775 mam,
432 738 517 780 quod
538 739 616 779 quid
637 744 710 770 erat
732 748 811 776 esse,
833 745 863 769 et
884 738 1113 780 perfectionem
1136 737 1278 778 corporis
1302 738 1382 779 phy-

311 783 375 820 sici,
394 790 430 814 ut
444 783 477 814 in
495 783 521 813 11
537 783 578 814 de
591 783 710 814 Anima
725 782 744 803 *
758 783 920 823 probatur.
946 783 1035 813 Tum
1050 781 1126 823 quia
1142 791 1179 812 ex
1194 782 1243 812 his
1260 782 1382 822 optime

310 828 444 858 habetur
472 828 562 868 quod
586 827 703 858 modus
727 827 851 857 essendi
881 834 1011 858 naturae
1040 826 1184 866 cognitae
1213 835 1382 867 nunquam

311 871 430 903 excedit
443 872 582 902 modum
597 878 726 903 naturae
743 870 976 912 cognoscentis:
998 870 1088 912 quod
1103 877 1154 906 est
1165 870 1335 901 intentum.

366 916 513 947 Secundo
536 916 676 952 adverte,
701 915 791 956 quod
815 925 852 946 ex
874 915 936 946 hoc
959 925 1110 955 processu
1133 914 1263 951 litterae,
1287 914 1381 945 indu-

311 960 412 992 cendo
437 970 474 991 ex
497 959 708 1000 singularibus
733 966 763 990 et
787 969 891 995 sensu,
912 959 1142 990 universalibus
1167 965 1197 990 et
1219 958 1380 990 intellectu

310 1004 472 1041 humano,
505 1004 686 1035 substantiis
709 1002 971 1034 immaterialibus
999 1010 1030 1034 et
1057 1002 1266 1034 intellectibus
1291 1013 1381 1044 sepa-

310 1049 393 1085 ratis,
412 1048 533 1089 optime
549 1048 681 1079 infertur
704 1047 794 1088 quod
812 1047 929 1078 modus
950 1047 1073 1077 essendi
1089 1054 1219 1078 naturae
1234 1047 1380 1087 cognitae

311 1103 377 1123 non
401 1092 520 1123 excedit
542 1092 680 1122 modum
706 1098 836 1123 naturae
860 1091 1090 1131 cognoscentis.
1123 1091 1165 1122 Et
1188 1098 1235 1122 est
1253 1091 1381 1132 signum

310 1138 399 1178 quod
422 1137 474 1167 ille
498 1146 642 1167 excessus
666 1143 713 1167 est
735 1146 830 1167 causa
857 1145 924 1166 non
948 1135 1159 1176 cognitionis,
1191 1142 1227 1167 ut
1249 1135 1283 1166 in
1306 1146 1380 1176 pro-

309 1181 437 1212 batione
457 1180 701 1222 consequentiae
723 1190 742 1210 a
757 1179 855 1220 priori
872 1186 918 1210 est
941 1186 1154 1220 assumptum.
1174 1180 1216 1211 Et
1237 1180 1281 1211 sic
1296 1180 1380 1221 opti-

310 1235 361 1256 me
385 1225 532 1256 infertur:
558 1234 633 1265 ergo
657 1224 798 1266 cognitio
822 1224 923 1265 ipsius
953 1234 1020 1255 esse
1043 1233 1099 1264 per
1122 1233 1155 1255 se
1184 1224 1381 1256 subsistentis

310 1270 370 1300 soli
393 1269 564 1300 intellectui
589 1269 696 1300 divino
725 1275 772 1300 est
795 1269 1027 1304 connaturalis,
1059 1278 1095 1299 ac
1118 1278 1175 1309 per
1198 1269 1260 1300 hoc
1284 1279 1380 1310 supra

311 1321 430 1345 ceteros
454 1321 509 1345 est.

366 1359 418 1389 111.
436 1358 527 1389 Circa
541 1357 666 1389 tertiam
683 1357 944 1398 consequentiam
955 1356 973 1376 *
989 1356 1125 1388 dubium
1141 1357 1285 1388 occurrit.
1306 1357 1381 1388 Sco-

310 1410 362 1434 tus
386 1403 554 1443 siquidem,
578 1402 611 1432 in
635 1402 776 1439 Quarto,
801 1401 872 1432 dist.
889 1411 978 1438 χιιι,
1003 1411 1058 1442 qu.
1077 1412 1125 1438 xx,
1151 1408 1182 1433 et
1204 1402 1237 1432 in
1261 1402 1378 1438 Primo,

311 1447 381 1478 dist.
399 1457 447 1483 111,
472 1457 527 1488 qu.
544 1457 588 1482 111,
605 1453 636 1477 et
656 1446 690 1476 in
713 1445 920 1483 Quodlibetis,
946 1455 1001 1486 qu.
1017 1456 1078 1482 xrv,
1100 1452 1156 1477 art.
1175 1455 1204 1482 2,
1230 1456 1301 1477 eam
1319 1446 1380 1476 im-

310 1498 440 1532 pugnat.
472 1491 523 1522 Ad
552 1490 674 1521 diversa
705 1496 812 1521 tamen
836 1489 1018 1531 proposita:
1049 1500 1124 1520 nam
1154 1490 1188 1520 in
1217 1490 1326 1521 Primo
1351 1497 1381 1521 et

314 1535 521 1573 Quodlibetis,
537 1535 639 1575 arguit
652 1544 723 1565 eam
738 1534 847 1575 quoad
861 1534 1057 1565 intellectum
1073 1541 1220 1565 nostrum
1236 1533 1379 1575 respectu

310 1580 358 1610 sui
384 1579 534 1611 naturalis
557 1579 689 1614 obiecti;
710 1578 747 1610 in
771 1579 895 1616 Quarto
919 1585 1036 1615 autem,
1061 1586 1204 1619 respectu
1229 1579 1380 1610 essentiae

311 1624 435 1655 divinae
456 1631 489 1660 et
512 1624 690 1654 intellectus
713 1623 818 1654 creati.

362 1668 476 1708 Arguit
491 1678 566 1708 ergo
583 1668 627 1698 sic
638 1669 758 1708 primo.
784 1666 1018 1699 Conditionalis
1034 1667 1087 1698 illa
1101 1677 1167 1698 non
1184 1667 1328 1709 sequitur
1343 1678 1381 1699 ex

310 1713 503 1753 praemissis:
528 1722 614 1752 ergo.
630 1729 651 1736 -
668 1712 865 1742 Antecedens
881 1712 1046 1752 probatur:
1071 1711 1148 1753 quia
1161 1721 1198 1742 ex
1213 1712 1276 1743 hoc
1291 1712 1381 1754 quod

311 1757 476 1797 cognitum
499 1763 546 1787 est
573 1756 605 1786 in
630 1762 840 1796 cognoscente
873 1756 1051 1786 secundum
1083 1756 1220 1787 modum
1250 1763 1380 1787 naturae

311 1801 549 1841 cognoscentis,
579 1800 658 1831 nihil
682 1800 768 1831 aliud
791 1800 942 1836 habetur,
972 1799 1032 1830 nisi
1056 1800 1144 1841 quod
1169 1800 1309 1841 cognitio
1334 1808 1380 1832 est

310 1845 461 1886 perfectio
485 1845 726 1885 proportionata
750 1843 973 1885 cognoscenti,
998 1851 1029 1875 et
1052 1844 1194 1875 similiter
1217 1845 1379 1876 obiectum

311 1889 511 1930 cognitionis.
537 1890 583 1920 Ex
600 1889 662 1920 hoc
677 1895 786 1919 autem
809 1898 875 1919 non
899 1889 1042 1929 sequitur
1055 1889 1228 1930 aequalitas
1243 1884 1378 1926 infenta,

310 1934 427 1965 scilicet
450 1934 539 1975 quod
563 1933 783 1974 cognoscentis
799 1939 911 1963 natura
926 1932 1019 1964 debet
1034 1933 1163 1974 aequari
1186 1933 1312 1965 obiecto
1328 1933 1379 1964 vel

310 1979 467 2009 excedere.
485 1996 504 2000 —
520 1978 561 2008 Et
577 1977 792 2008 confirmatur.
818 1977 864 2007 Ex
881 1976 1090 2018 proportione
1112 1977 1194 2008 inter
1217 1977 1379 2009 obiectum

310 2030 341 2053 et
363 2022 549 2063 potentiam,
568 2021 710 2063 sequitur
734 2021 834 2062 magis
858 2020 1083 2052 dissimilitudo
1108 2027 1139 2052 et
1161 2021 1377 2063 inaequalitas,

310 2067 391 2098 sicut
413 2066 493 2097 inter
523 2066 683 2097 motivum
707 2072 737 2096 et
761 2065 898 2101 mobile,
923 2072 954 2096 et
978 2065 1143 2096 materiam
1167 2073 1198 2097 et
1220 2065 1378 2097 formam:

309 2111 378 2142 talis
403 2111 561 2152 siquidem
585 2118 631 2141 est
654 2110 820 2151 proportio
845 2109 925 2140 inter
948 2109 1125 2150 potentiam
1149 2117 1179 2142 et
1202 2110 1378 2142 obiectum.

310 2156 402 2186 Unde
419 2155 532 2186 oculus
548 2155 634 2186 videt
652 2162 683 2185 et
699 2155 823 2185 caelum
840 2161 870 2185 et
884 2161 1008 2190 terram,
1027 2161 1058 2185 et
1072 2161 1179 2185 tamen
1196 2164 1262 2186 non
1287 2155 1381 2186 habet

288 2200 446 2230 *modurn
470 2199 593 2230 essendi
613 2199 750 2229 similem
773 2199 861 2229 caelo
885 2205 916 2229 et
939 2205 1047 2234 terrae,
1073 2208 1148 2229 cum
1170 2199 1249 2230 illud
1273 2199 1312 2230 sit
1335 2199 1380 2230 in-

310 2243 522 2284 corruptibile.
547 2243 587 2274 Et
610 2243 710 2283 magis
738 2243 778 2272 ad
801 2242 1014 2283 propositum,
1031 2242 1101 2273 idea
1121 2242 1234 2283 lapidis
1250 2253 1317 2274 non
1333 2250 1381 2274 est

310 2287 422 2318 similis
445 2287 542 2328 lapidi
566 2287 598 2317 in
623 2287 722 2318 modo
748 2286 880 2317 essendi.

365 2332 513 2363 Secundo
536 2331 621 2372 quia,
642 2331 668 2361 si
683 2331 737 2361 illa
760 2330 983 2362 conditionalis
999 2337 1079 2361 esset
1097 2340 1179 2366 vera,
1197 2337 1380 2372 sequeretur

310 2377 400 2418 quod
423 2376 553 2416 angelus
581 2375 710 2406 inferior
738 2385 804 2405 non
834 2382 1037 2415 cognosceret
1065 2374 1279 2415 superiorem:
1304 2375 1379 2416 quia

311 2421 427 2452 modus
452 2420 574 2451 essendi
598 2419 769 2460 superioris
793 2419 913 2450 excedit
936 2419 1072 2450 modum
1095 2418 1261 2450 inferioris.

371 2466 494 2502 Tertio,
519 2465 595 2506 quia
619 2474 655 2494 ex
678 2463 732 2494 illa
762 2463 906 2504 sequitur
933 2463 1023 2504 quod
1045 2463 1222 2494 intellectus
1247 2470 1377 2500 creatus,

311 2509 406 2541 etiam
425 2509 598 2540 illustratus
614 2508 736 2539 lumine
752 2508 879 2548 gloriae,
900 2517 966 2538 non
986 2514 1094 2548 posset
1109 2507 1214 2538 videre
1227 2507 1344 2539 Deum.
1359 2526 1379 2530 —

310 2554 466 2585 Probatur
486 2553 629 2595 sequela:
655 2552 730 2594 quia
746 2552 865 2583 modus
884 2552 1007 2583 essendi
1022 2551 1082 2582 Dei
1106 2552 1228 2583 excedit
1243 2552 1379 2582 modum

311 2598 433 2629 essendi
457 2597 554 2629 totius
578 2597 692 2633 huius,
725 2596 842 2628 scilicet
864 2596 1041 2628 intellectus
1064 2596 1210 2628 illustrati
1238 2603 1268 2628 et
1291 2596 1379 2627 habi-

311 2643 400 2679 tuati,
425 2648 483 2673 etc.

370 2687 506 2724 Quarto,
531 2686 705 2726 specialiter
727 2685 829 2726 arguit
853 2692 961 2716 contra
985 2695 1064 2721 eam,
1090 2692 1126 2716 ut
1149 2684 1324 2725 applicatur
1340 2685 1379 2715 ad

311 2731 506 2762 intellectum
522 2738 668 2761 nostrum
681 2737 711 2761 et
723 2730 883 2761 obiectum
900 2729 933 2760 in
949 2730 1050 2761 littera
1061 2729 1266 2770 assignatum.
1283 2729 1378 2768 Quia,

312 2775 337 2806 si
360 2775 419 2806 ista
443 2775 664 2806 conditionalis
682 2782 728 2806 est
749 2784 822 2804 vera
845 2784 881 2804 ex
906 2781 1017 2805 natura
1033 2774 1194 2815 potentiae
1218 2774 1379 2814 cognosci-

311 2820 402 2856 tivae‚
420 2819 562 2860 sequitur
577 2819 666 2860 quod
680 2818 763 2850 beati
782 2828 950 2859 nunquam
968 2819 1122 2850 videbunt
1136 2818 1253 2849 Deum.
1270 2836 1291 2841 -
1305 2819 1380 2850 Pro-

311 2864 404 2895 batur
433 2863 579 2905 sequela:
614 2863 690 2904 quia
717 2862 805 2893 nulla
837 2863 979 2903 potentia
1008 2869 1113 2903 potest
1143 2862 1256 2893 elevari
1284 2873 1380 2903 supra

311 2918 407 2939 suum
431 2907 592 2939 obiectum
620 2907 843 2948 adaequatum.
868 2907 962 2938 Visus
986 2907 1072 2938 enim
1100 2917 1166 2938 non
1189 2913 1295 2947 potest
1317 2907 1379 2938 ele-

309 2952 375 2983 vari
399 2953 439 2983 ad
461 2952 637 2983 videndum
660 2951 862 2992 phantasma;
887 2961 944 2982 nec
968 2951 1082 2992 aliquis
1106 2951 1232 2982 habitus
1255 2957 1311 2982 aut
1332 2951 1379 2982 vis

310 2996 512 3037 superaddita
530 3003 635 3037 potest
650 2996 770 3027 elevare
790 2995 965 3036 potentiam
984 3005 1079 3036 supra
1093 3005 1190 3026 suum
1206 2995 1377 3032 obiectum,

310 3041 365 3071 sed
387 3041 469 3072 infra
492 3041 608 3072 obiecti
630 3040 847 3072 latitudinem:
878 3040 1033 3080 quoniam
1056 3039 1199 3081 potentia
1221 3039 1308 3080 prius
1332 3049 1378 3070 re-

310 3085 400 3126 spicit
424 3085 586 3116 obiectum
609 3095 646 3116 ex
670 3094 712 3121 se,
737 3094 836 3126 quam
859 3084 984 3115 habitus
1008 3084 1162 3120 adveniat,
1183 3090 1219 3115 ut
1237 3090 1332 3124 patet.

369 3130 487 3161 Ultimo
508 3129 604 3166 addit,
629 3129 719 3170 quod
734 3128 836 3169 arguit
850 3128 950 3160 littera
965 3138 1002 3159 ex
1021 3127 1296 3171 propositionibus
1311 3137 1378 3158 non

311 3173 520 3215 syllogisticis.
580 3206 584 3210 ,

368 3218 420 3249 IV.
445 3219 496 3249 Ad
519 3217 709 3249 evidentiam
732 3217 860 3253 horum,
884 3217 963 3248 scito
987 3217 1086 3258 quod,
1107 3224 1143 3248 ut
1164 3217 1198 3248 in
1221 3227 1275 3258 qu.
1295 3226 1347 3248 xxv
1362 3214 1377 3231 ¹⁶¹

311 3262 403 3293 latius
418 3263 548 3298 dicetur,
564 3261 739 3293 radicaliter
754 3261 882 3292 initium
903 3261 1094 3301 cognitionis
1111 3267 1158 3293 est
1173 3271 1210 3292 ex
1225 3271 1264 3292 eo
1287 3261 1377 3302 quod

312 3314 423 3338 natura
445 3306 551 3348 aliqua
574 3313 620 3337 est
643 3316 709 3337 non
733 3306 840 3336 solum
863 3305 949 3346 ipsa,
975 3306 1030 3336 sed
1053 3306 1129 3337 alia.
1158 3305 1200 3336 Et
1222 3304 1378 3347 quoniam

312 3360 378 3381 esse
401 3350 461 3381 alia
484 3361 550 3381 non
573 3350 728 3390 contingit
752 3359 818 3381 uno
842 3356 966 3381 tantum
986 3350 1096 3387 modo,
1114 3348 1227 3380 diversi
1250 3349 1377 3380 ordines

312 3395 573 3435 cognoscentium
596 3401 730 3435 surgunt
753 3404 790 3425 ex
806 3393 934 3424 diversis
958 3394 1063 3425 modis
1087 3393 1211 3425 essendi
1226 3393 1297 3425 alia.
1322 3393 1376 3424 Di-

311 3438 391 3469 versi
407 3445 514 3469 autem
531 3439 619 3469 modi
635 3438 758 3470 essendi
773 3437 843 3474 alia,
861 3445 994 3478 surgunt
1017 3448 1054 3469 ex
1078 3438 1207 3469 diversis
1228 3437 1376 3479 gradibus

311 3482 452 3523 ipsarum
476 3490 659 3514 naturarum
683 3493 764 3524 quae
788 3489 863 3514 sunt
891 3492 957 3513 non
988 3483 1095 3514 solum
1118 3482 1204 3523 ipsae
1228 3482 1284 3513 sed
1307 3481 1376 3512 alia.

311 3527 352 3557 Et
375 3534 550 3567 propterea,
568 3528 745 3558 secundum
767 3527 929 3558 diversum
953 3527 1098 3557 ordinem
1122 3526 1264 3567 ipsarum
1286 3532 1376 3557 natu-

311 3580 417 3601 rarum
441 3571 711 3611 cognoscentium,
729 3578 856 3612 oportet
879 3581 998 3611 ponere
1017 3571 1158 3602 diversos
1175 3571 1291 3602 modos
1307 3569 1376 3611 qui-

311 3615 371 3646 bus
387 3625 580 3656 cognoscens
602 3622 648 3646 est
665 3616 839 3656 cognitum.
864 3615 904 3646 Et
920 3625 956 3646 ex
976 3615 1037 3646 hoc
1054 3614 1219 3646 manifeste
1235 3613 1377 3656 sequitur

1012 261 1280 308 QUAESTIO
1309 262 1379 298 XII
1389 290 1399 310 ,
1428 262 1726 300 ARTICULUS
1756 263 1808 300 IV

1437 342 1527 382 quod
1542 352 1609 372 esse
1626 342 1790 382 cognitum
1806 341 2008 373 modificatur
2032 343 2209 374 secundum
2225 343 2362 374 modum
2377 350 2507 375 naturae

1438 386 1667 426 cognoscentis,
1693 393 1724 417 et
1741 397 1809 417 non
1828 397 1845 418 e
1862 397 2026 418 converso.
2051 387 2093 417 Et
2107 387 2182 428 quia
2201 387 2341 428 cognitio
2356 388 2508 419 naturalis

1437 430 1579 471 sequitur
1594 431 1732 461 modum
1754 441 1821 472 quo
1845 431 2027 462 naturaliter
2050 441 2245 471 cognoscens
2265 439 2312 462 est
2331 432 2507 472 cognitum,

1436 474 1553 505 idcirco
1574 481 1701 515 oportet
1719 475 1808 516 quod
1827 486 1976 506 mensura
2000 475 2150 506 naturalis
2170 475 2362 515 cognitionis
2385 475 2424 506 sit
2439 475 2508 516 ipsa

1437 518 1657 558 cognoscentis
1680 526 1801 551 natura.
1827 519 1923 550 Verbi
1946 519 2053 560 gratia,
2079 519 2184 550 anima
2207 519 2348 550 humana
2371 527 2418 551 est
2433 520 2507 551 sub-

1437 562 1549 594 stantia
1580 563 1693 594 ultima
1715 563 1796 607 inter
1825 564 2066 600 intellectuales,
2091 573 2127 594 ac
2156 573 2212 604 per
2234 563 2297 594 hoc
2327 563 2509 595 naturaliter

1436 606 1566 638 sortitur
1588 607 1679 648 quod
1694 607 1735 638 sit
1749 607 1862 639 infimo
1885 609 1986 639 modo
2010 608 2198 648 intelligibili
2221 618 2258 638 ea
2281 617 2364 649 quae
2387 617 2508 648 cogno-

1437 651 1551 681 scenda
1574 658 1658 682 sunt.
1690 651 1731 683 Et
1753 651 1827 683 hinc
1850 652 1950 692 surgit
1972 653 2062 693 quod
2084 652 2188 693 ipsam
2213 658 2340 693 oportet
2363 661 2431 683 esse
2454 662 2507 683 co-

1436 695 1523 734 gnita
1552 695 1772 732 dearticulate,
1797 696 1883 727 iuxta
1906 696 2053 737 ipsorum
2075 703 2212 728 naturas.
2247 696 2288 727 Et
2310 695 2385 727 hinc
2409 692 2508 737 surgit

1436 739 1525 779 quod
1548 739 1651 780 ipsam
1679 746 1807 780 oportet
1833 740 1947 771 habere
1972 740 2098 781 cognita
2121 751 2139 771 a
2162 740 2452 781 phantasmatibus:
2477 747 2508 772 et

1436 790 1685 824 consequenter,
1715 784 1804 824 quod
1828 784 1982 826 capacitas
2006 785 2074 816 eius
2097 785 2248 816 naturalis
2271 795 2341 815 non
2362 784 2508 816 extendat

1436 836 1469 856 se
1493 827 1533 857 ad
1556 827 1637 863 hoc,
1661 828 1751 868 quod
1774 828 1814 859 sit
1836 828 1890 859 illa
1913 829 2139 869 cognoscibilia
2161 839 2244 870 quae
2267 836 2343 860 sunt
2365 835 2508 869 separata

1436 880 1454 901 a
1477 870 1618 902 materia.
1641 871 1784 911 Angelus
1809 879 1935 910 autem,
1965 873 2042 914 quia
2065 873 2242 904 elevatior-is
2265 880 2312 905 est
2334 873 2506 910 essentiae,

1436 921 1549 955 utpote
1571 915 1737 946 materiam
1759 916 1850 947 nullo
1873 917 1974 947 modo
1997 917 2184 958 requirentis
2211 918 2252 948 ad
2277 917 2326 948 sui
2345 917 2435 948 modi
2459 927 2507 948 es-

1436 958 1525 989 sendi
1557 958 1786 999 perfectionem
1799 983 1806 996 ,
1840 966 1872 992 et
1900 960 1968 1001 ipse
1992 968 2039 992 est
2068 961 2128 992 alia
2161 961 2373 993 excellentiori
2405 961 2506 992 modo

1436 1013 1535 1044 quam
1558 1002 1664 1033 anima
1688 1010 1804 1034 nostra.
1829 1004 1923 1035 Unde
1947 1011 1993 1036 est
2015 1005 2092 1036 haec
2110 1005 2283 1036 materialia
2305 1012 2336 1037 et
2358 1004 2507 1036 inferiora

1436 1047 1622 1083 eminenter;
1650 1047 1813 1088 superiora
1836 1054 1953 1084 autem,
1978 1048 2204 1089 participative.

1491 1091 1531 1122 V.
1551 1092 1592 1123 Et
1615 1091 1692 1122 haec
1709 1098 1756 1124 est
1778 1091 1864 1123 radix
1880 1092 2010 1123 rationis
2026 1092 2125 1124 factae
2143 1093 2177 1123 in
2192 1093 2310 1130 littera;
2335 1103 2418 1135 quae
2433 1094 2507 1124 fun-

1435 1136 1528 1167 datur
1551 1145 1647 1176 supra
1669 1135 1732 1166 hoc
1745 1159 1752 1172 ,
1782 1137 1871 1177 quod
1901 1136 2067 1177 cognitum
2089 1143 2137 1168 est
2163 1137 2197 1168 in
2224 1145 2436 1178 cognoscente
2459 1148 2506 1169 se-

1435 1180 1580 1211 cundum
1602 1180 1739 1211 modum
1768 1187 1898 1212 naturae
1927 1181 2165 1221 cognoscentis;
2199 1187 2230 1212 et
2252 1181 2342 1223 quod
2364 1182 2506 1223 cognitio

1434 1223 1470 1256 fit
1500 1225 1678 1266 secundum
1701 1225 1838 1256 modum
1866 1235 1933 1266 quo
1957 1225 2124 1266 cognitum
2152 1232 2199 1256 est
2226 1225 2260 1256 in
2283 1233 2505 1266 cognoscente.

1436 1269 1503 1299 Iam
1527 1269 1613 1300 enim
1636 1279 1673 1300 ex
1697 1269 1851 1300 declarata
1874 1268 1977 1300 radice
2010 1276 2096 1310 patet
2118 1269 2208 1311 quod
2231 1279 2268 1300 ex
2291 1269 2340 1301 his
2363 1269 2506 1311 sequitur

1435 1313 1534 1354 quod,
1551 1313 1577 1344 si
1593 1313 1813 1354 cognoscentis
1834 1320 1946 1345 natura
1965 1320 2011 1344 est
2027 1313 2182 1344 inferioris
2206 1313 2326 1344 ordinis
2349 1323 2448 1355 quam
2467 1314 2508 1346 sit

1435 1364 1547 1388 natura
1570 1358 1696 1398 cognita
1710 1381 1717 1394 ,
1751 1358 1841 1399 quod
1863 1367 1931 1388 non
1955 1358 2071 1398 poterit
2100 1368 2137 1388 ex
2160 1358 2298 1399 propriis
2324 1358 2443 1389 viribus
2465 1359 2508 1391 ad

1434 1402 1592 1433 visionem
1617 1402 1703 1433 illius
1726 1412 1760 1433 se
1784 1402 1948 1434 extendere
1962 1426 1970 1438 ,
2000 1412 2039 1433 eo
2063 1402 2153 1443 quod
2183 1412 2250 1433 non
2273 1409 2320 1434 est
2342 1402 2423 1434 illud
2444 1402 2507 1435 nisi

1435 1447 1535 1477 modo
1549 1446 1681 1487 proprio
1697 1445 1774 1482 sibi;
1799 1446 1888 1488 quod
1912 1453 1958 1477 est
1981 1456 2047 1477 non
2072 1456 2139 1477 esse
2161 1446 2242 1477 illud
2265 1446 2326 1478 nisi
2349 1446 2508 1479 diminuta

1434 1491 1574 1532 quadam
1597 1490 1837 1532 participatione
1850 1514 1857 1527 ,
1883 1500 1965 1532 quae
1988 1491 2028 1521 ad
2050 1490 2208 1522 visionem
2238 1501 2305 1522 non
2335 1490 2460 1524 sufficit.

1489 1535 1536 1566 Ex
1559 1535 1617 1566 hac
1641 1535 1752 1566 eadem
1771 1544 1902 1576 quoque
1922 1535 2026 1566 radice
2050 1534 2159 1566 omnia
2183 1534 2306 1566 obiecta
2328 1534 2420 1567 facile
2441 1535 2506 1568 sol-

1434 1580 1562 1616 vuntu'r,
1580 1579 1734 1611 terminos
1748 1579 1869 1610 litterae
1884 1579 1972 1620 prius
1987 1579 2182 1610 notantibus.
2207 1579 2264 1610 Est
2282 1579 2442 1620 siquidem
2454 1579 2507 1611 hic

1435 1634 1551 1661 sermo,
1569 1634 1635 1655 non
1652 1624 1692 1655 de
1707 1623 1890 1663 cognitione
1907 1623 2134 1660 universaliter,
2152 1624 2208 1654 sed
2223 1624 2263 1654 de
2278 1625 2409 1662 visione,
2426 1624 2507 1656 idest

1435 1668 1617 1709 cognitione
1641 1668 1801 1709 complete
1819 1667 2037 1709 quidditativa.
2062 1668 2259 1709 Rursusque,
2275 1678 2381 1699 sermo
2401 1675 2449 1700 est
2467 1669 2507 1701 de

1435 1713 1621 1744 huiusmodi
1641 1711 1832 1753 cognitione,
1850 1722 1917 1743 non
1933 1722 2142 1753 quocumque
2161 1712 2261 1743 modo
2277 1712 2431 1754 possibili,
2448 1713 2505 1744 sed

1435 1767 1477 1788 ex
1493 1758 1631 1798 propria
1656 1762 1776 1788 natura
1793 1757 2014 1798 cognoscentis
2029 1755 2240 1798 sufficienter.
2264 1756 2382 1788 Modus
2398 1763 2505 1789 autem

1435 1801 1558 1832 essendi
1581 1800 1802 1842 cognoscentis
1827 1808 1857 1832 et
1881 1800 2019 1841 cogniti,
2050 1810 2116 1831 non
2145 1801 2323 1832 secundum
2346 1800 2504 1842 speciem,

1435 1846 1490 1876 sed
1512 1855 1636 1887 genus,
1661 1852 1716 1876 aut
1738 1845 1832 1886 quasi
1854 1854 1959 1886 genus
1986 1844 2132 1875 sumitur.
2166 1844 2208 1875 Et
2230 1842 2340 1875 ex‘his
2363 1845 2507 1886 sequitur

1435 1890 1525 1931 quod
1548 1890 1671 1920 obiecta
1694 1898 1776 1930 quae
1800 1889 1998 1928 assignantur
2017 1888 2176 1929 potentiis,
2194 1898 2261 1919 non
2284 1896 2359 1920 sunt
2381 1889 2507 1921 obiecta

1435 1934 1610 1975 adaequata
1633 1934 1806 1970 extensive,
1831 1933 1887 1963 sed
1910 1939 1985 1964 sunt
2007 1932 2131 1964 obiecta
2153 1933 2328 1974 adaequata
2351 1934 2507 1967 intensive

1435 1979 1648 2010 naturaliter:
1672 1977 1748 2019 quia
1771 1987 1867 2017 supra
1885 1977 1939 2007 illa
1958 1987 2025 2008 non
2041 1983 2146 2018 potest
2165 1977 2346 2008 naturaliter
2363 1977 2508 2019 potentia

1434 2022 1641 2064 quidditative
1666 2028 1841 2063 penetrare,
1867 2021 1922 2052 sed
1945 2020 2035 2052 infra.

1479 2067 1533 2098 vl.
1552 2066 1644 2098 Unde
1660 2066 1700 2097 ad
1709 2067 1852 2107 primam
1876 2065 2090 2096 obiectionem
2100 2065 2118 2085 *
2134 2065 2257 2102 dicitur,
2277 2066 2368 2108 quod
2383 2066 2506 2108 optime

1434 2110 1487 2142 illa
1502 2110 1725 2142 conditionalis
1741 2109 1884 2150 sequitur
1898 2119 1935 2140 ex
1950 2109 2140 2150 praemissis,
2156 2109 2312 2141 subtiliter
2326 2109 2502 2148 intellectis,

1435 2163 1471 2188 ut
1494 2155 1675 2196 expositum
1699 2161 1755 2186 est.
1787 2154 1834 2184 Ex
1856 2154 1919 2185 hoc
1949 2154 2036 2184 enim
2063 2154 2153 2195 quod
2183 2154 2325 2193 cognitio
2354 2155 2507 2187 natur-lin

1435 2200 1527 2230 debet
1543 2197 1778 2240 proportionari
1795 2205 1925 2229 naturae
1948 2198 2163 2239 cognoscenti,
2178 2198 2344 2230 manifeste
2363 2199 2507 2241 sequimi·

1434 2244 1524 2284 quod
1544 2250 1655 2274 natura
1678 2252 1874 2282 cognoscens
1898 2251 1964 2272 non
1987 2249 2092 2283 potest
2117 2252 2183 2273 esse
2205 2242 2362 2274 inferioris
2385 2243 2506 2278 ordinis

1434 2297 1534 2329 quam
1557 2287 1596 2318 sit
1625 2285 1807 2318 naturaliter
1839 2285 2003 2327 cognitum
2036 2287 2074 2317 ab
2106 2295 2142 2317 ea
2165 2286 2382 2328 quidditative.
2417 2286 2506 2320 Talis

1435 2341 1574 2373 namque
1599 2330 1738 2371 cognitio
1763 2330 1926 2361 inferiores
1949 2330 2030 2361 vires
2053 2330 2183 2362 excedit.
2199 2331 2300 2362 -Nec
2324 2338 2369 2363 est
2392 2340 2506 2364 verum

1435 2376 1524 2417 quod
1548 2376 1663 2407 Scotus
1682 2374 1825 2414 'imponit
1847 2374 1981 2411 litterae,
2012 2374 2130 2406 scilicet
2153 2376 2242 2416 quod
2265 2374 2340 2406 velit
2362 2375 2504 2417 aequali-

1434 2427 1531 2451 tatem
1548 2430 1604 2451 seu
1624 2419 1864 2450 similitudinem
1888 2419 1968 2449 inter
1992 2418 2156 2459 cognitum
2175 2426 2206 2450 et
2222 2426 2368 2450 naturam
2384 2429 2504 2461 cogno-

1435 2465 1577 2496 scitivam
1601 2464 1777 2495 secundum
1802 2473 1843 2494 se.
1877 2463 1948 2494 Hoc
1972 2463 2058 2494 enim
2081 2473 2139 2495 nec
2168 2463 2410 2496 somniavimus.
2441 2464 2504 2496 Sed

1433 2509 1535 2540 littera
1557 2508 1608 2539 hic
1631 2507 1741 2539 docuit
1764 2508 1854 2549 quod
1876 2507 1957 2538 inter
1979 2507 2145 2548 cognitum
2167 2514 2198 2539 et
2221 2515 2368 2539 naturam
2388 2518 2506 2550 cogno-

1434 2553 1578 2585 scitivam
1601 2552 1778 2583 secundum
1801 2561 1844 2588 se,
1869 2551 2002 2592 exigitur
2026 2562 2089 2583 non
2113 2561 2264 2584 excessus
2282 2562 2324 2584 ex
2339 2558 2438 2594 parte
2453 2563 2503 2585 co-

1433 2598 1537 2639 gniti:
1560 2603 1606 2633 et,
1632 2603 1668 2627 ut
1691 2596 1812 2627 dictum
1835 2602 1881 2627 est
1896 2596 1929 2632 *,
1955 2605 2060 2627 sermo
2085 2602 2131 2627 est
2153 2595 2192 2627 de
2220 2606 2287 2628 non
2320 2606 2447 2630 excessu
2469 2597 2504 2630 in

1434 2642 1534 2672 modo
1559 2640 1682 2672 essendi
1705 2640 1862 2681 generice,
1887 2647 1917 2671 et
1941 2640 2069 2681 cognito
2092 2639 2299 2682 quidditative
2322 2651 2358 2672 ac
2377 2647 2503 2674 natura-

1433 2686 1513 2717 liter.
1541 2685 1634 2717 Unde
1653 2695 1719 2716 non
1739 2691 1865 2725 oportet
1888 2684 1976 2715 aliter
1998 2685 2038 2715 ad
2062 2684 2212 2726 opposita
2227 2685 2428 2726 respondere.
2452 2686 2503 2717 In-

1433 2730 1575 2762 tellectus
1598 2729 1756 2771 siquidem
1772 2729 1897 2760 divinus
1913 2736 1968 2760 aut
1987 2729 2146 2770 angelicus
2166 2729 2286 2761 excedit
2301 2729 2378 2761 haec
2394 2730 2503 2762 omnia

1434 2782 1465 2806 et
1486 2784 1608 2815 genere,
1633 2781 1664 2805 et
1687 2773 1759 2814 plus
1783 2783 1881 2814 quam
1904 2782 2035 2814 genere:
2061 2780 2092 2805 et
2115 2780 2221 2804 tamen
2245 2773 2355 2805 omnia
2377 2774 2503 2816 quiddi-

1434 2818 1528 2850 tative
1551 2818 1650 2850 novit.
1669 2835 1687 2841 -
1703 2818 1802 2856 Quod
1817 2824 1926 2849 autem
1939 2818 1979 2848 de
1998 2817 2094 2850 oculo
2109 2823 2254 2859 respectu
2274 2818 2351 2849 caeli
2365 2817 2502 2857 affertur,

1434 2863 1553 2904 puerile
1578 2869 1634 2894 est.
1659 2861 1823 2900 Quoniam
1847 2862 1980 2898 caelum,
1998 2869 2034 2894 ut
2048 2861 2179 2899 visibile,
2205 2871 2271 2893 non
2293 2861 2389 2894 habet
2403 2862 2503 2895 alium

1434 2907 1557 2939 essendi
1576 2907 1713 2938 modum
1735 2916 1835 2948 quam
1858 2906 2009 2938 mixtum:
2035 2913 2208 2947 utrumque
2231 2905 2318 2937 enim
2333 2912 2381 2938 est
2395 2906 2502 2948 singu-

1433 2952 1496 2983 lare
1515 2951 1671 2987 sensibile,
1689 2957 1747 2982 etc.
1773 2950 1987 2990 Corruptibile
2002 2957 2111 2982 autem
2125 2957 2156 2982 et
2173 2949 2412 2991 incorruptibile
2427 2957 2503 2984 sunt

1434 2995 1624 3027 differentiae
1648 2994 1853 3026 accidentales
1875 2994 2006 3026 visibilis
2028 3002 2065 3026 ut
2086 2994 2148 3026 sic:
2172 2994 2449 3036 quemadmodum
2471 3002 2504 3029 et

1434 3047 1552 3072 ceterae
1575 3039 1794 3071 substantiales
1818 3039 2007 3070 differentiae
2030 3038 2177 3070 accidunt
2195 3038 2319 3075 visibili,
2335 3048 2411 3071 cum
2425 3039 2502 3072 sub-

1433 3084 1546 3116 stantia
1569 3084 1609 3115 sit
1632 3093 1688 3124 per
1710 3083 1854 3114 accidens
1878 3083 2017 3114 visibilis.
2042 3082 2134 3115 Unde
2149 3082 2236 3113 visus
2259 3092 2326 3114 non
2347 3082 2433 3116 videt
2447 3083 2502 3116 nli-

1433 3129 1522 3170 quod
1544 3127 1667 3159 visibile
1693 3127 1843 3158 excedens
1867 3127 1975 3168 ipsum
1997 3127 2030 3158 in
2053 3126 2153 3158 modo
2177 3126 2316 3158 essendi:
2342 3128 2432 3169 quod
2453 3135 2504 3161 est

1433 3172 1592 3204 intentum
1616 3172 1745 3203 litterae.

1485 3216 1537 3247 Ad
1559 3215 1732 3248 secundam
1756 3226 1831 3247 vero
1855 3215 2078 3252 obiectionem,
2098 3221 2230 3255 negatur
2253 3215 2392 3257 sequela.
2417 3215 2503 3254 Quia

1432 3260 1534 3301 angeli
1554 3270 1620 3291 non
1640 3259 1787 3291 differunt
1804 3260 1886 3292 inter
1904 3270 1937 3291 se
1953 3259 1987 3290 in
2005 3259 2105 3290 modo
2125 3259 2247 3290 essendi
2263 3260 2420 3300 generice:
2445 3260 2502 3292 sed

1432 3315 1543 3336 omnes
1568 3304 1771 3340 conveniunt,
1796 3311 1831 3336 ut
1853 3304 1887 3335 in
1909 3303 2011 3335 littera
2034 3302 2156 3339 dicitur,
2181 3303 2213 3334 in
2237 3304 2300 3335 hoc
2318 3304 2408 3346 quod
2426 3310 2502 3337 sunt

1432 3349 1554 3380 formae
1578 3359 1643 3380 non
1667 3349 1700 3379 in
1724 3348 1855 3380 materia
1878 3347 2024 3379 omnino.

1487 3393 1538 3424 Ad
1554 3394 1694 3431 tertiam,
1711 3393 1855 3424 similiter
1869 3398 2001 3432 negatur
2015 3391 2151 3432 sequela.
2173 3391 2337 3430 Quoniam
2355 3401 2500 3424 excessus

1432 3437 1546 3468 obiecti
1563 3447 1658 3478 supra
1677 3437 1813 3468 modum
1837 3435 2057 3476 cognoscentis
2077 3446 2143 3467 non
2159 3435 2335 3477 assignatur
2349 3435 2382 3467 in
2398 3435 2501 3468 littera

1431 3491 1490 3521 pro
1515 3491 1609 3512 causa
1631 3491 1699 3512 non
1721 3480 1852 3511 visionis
1876 3479 1991 3511 obiecti
2021 3481 2348 3522 quomodocumque,
2379 3480 2435 3512 sed
2458 3490 2500 3512 ex

1426 3526 1571 3566 propriis
1585 3525 1705 3556 viribus
1719 3525 1948 3566 cognoscentis.
1969 3526 2206 3564 Argumentum
2221 3530 2330 3556 autem
2345 3524 2500 3565 supponit

1431 3579 1498 3600 esse
1522 3579 1650 3600 causam
1673 3578 1740 3600 non
1763 3568 1894 3599 visionis
1917 3569 2077 3600 absolute:
2107 3576 2138 3600 et
2159 3569 2232 3600 ideo
2257 3575 2365 3610 peccat
2387 3577 2498 3600 secun-

1432 3613 1511 3644 dum
1534 3623 1597 3644 non
1622 3622 1752 3644 causam
1778 3618 1813 3643 ut
1836 3622 1979 3644 causam.

2532 2072 2542 2082 ·
2557 2071 2595 2094 Cf.
2609 2077 2676 2095 ann.
2689 2078 2724 2095 m.

2530 2603 2540 2614 ·
2558 2603 2630 2627 Num.
2645 2609 2723 2633 praee.
