2768 4178
51 1067 62 1080 ‘
76 1067 114 1091 Cf.
127 1073 193 1090 num.
208 1073 243 1090 iu.

52 1113 63 1124 '
77 1112 114 1136 Cf.
127 1118 193 1135 num.
208 1118 240 1135 iv.

9 1166 11 1170 ¹
51 1156 63 1170 ·
77 1156 113 1180 Cf.
127 1162 192 1180 num.
207 1163 232 1180 v.

45 1551 60 1564 ⁸
67 1551 116 1581 Qu.
123 1557 180 1581 xxx,
188 1555 233 1576 art.
240 1558 262 1575 a.

47 1994 161 2018 ’At-ta.

961 278 1228 326 QUAESTIO
1257 279 1438 327 XXXIX,
1467 279 1763 317 ARTICULUS
1793 281 1807 316 1

292 359 399 408 ipsae
437 370 516 395 non
555 358 832 406 distinguuntur
864 358 911 394 ab
946 357 1111 394 invicem
1147 357 1359 395 secundum

292 412 400 462 quod
428 419 516 449 sunt
543 411 691 448 realiter
717 411 822 448 idern
851 421 939 447 cum
968 410 1141 447 essentia.

347 467 405 502 An
421 474 611 502 SECUNDUM
625 473 809 501 DICENDUM
825 462 941 512 quod,
957 461 1183 512 inquantum
1199 460 1361 500 essentia

295 526 332 555 et
358 530 524 567 persona
555 517 594 554 in
628 515 764 554 divinis
798 515 977 554 differunt
1009 516 1222 554 secundum
1255 515 1360 552 intel-

293 570 468 619 ligentiae
499 570 704 618 rationem,
734 569 904 618 sequitur
933 569 1040 618 quod
1073 569 1215 617 aliquid
1242 568 1362 618 possit

295 623 476 661 affirmari
495 623 545 660 de
563 634 656 670 uno,
685 622 792 671 quod
820 629 979 669 negatur
1004 622 1053 659 de
1073 622 1207 659 altero:
1239 629 1275 658 et
1293 633 1361 670 per

294 687 534 725 consequens
556 674 675 724 quod,
696 675 894 724 supposito
914 686 1006 723 uno,
1026 686 1106 712 non
1125 682 1363 724 supponatur

294 730 466 767 alterum.

346 783 405 820 AD
433 792 593 818 Tannum
620 792 806 818 DIOENDUM
841 778 945 829 quod
979 779 1093 818 rebus
1128 778 1264 818 divinis
1292 793 1361 818 no-

2402 282 2478 330 397

1415 357 1520 395 mina
1546 357 1780 407 imponimus
1809 359 2020 396 secundum
2045 360 2207 397 modum
2226 370 2355 397 rerum
2375 372 2478 397 crea—

1415 418 1559 458 tarum,
1590 418 1631 448 ut
1658 423 1772 460 supra
1799 411 1820 434 *
1848 411 1988 449 dictum
2020 420 2085 450 est.
2116 413 2165 450 Et
2199 411 2288 461 quia
2321 420 2477 450 naturae

1416 476 1542 500 rerum
1580 472 1790 501 creatarum
1827 463 2112 503 individuantur
2146 478 2217 515 per
2253 465 2476 514 materiam,

1415 529 1513 565 quae
1546 516 1740 555 subiicitur
1774 524 1930 554 naturae
1964 518 2126 566 speciei,
2161 518 2249 556 inde
2284 526 2341 556 est
2370 519 2477 567 quod

1415 569 1611 606 individua
1643 570 1821 607 dicuntur
1854 570 2038 617 subiecta,
2075 572 2138 608 vel
2171 571 2381 620 supposita,
2412 572 2476 608 vel

1415 624 1642 670 hypostases.
1672 624 1722 660 Et
1748 631 1905 672 propter
1932 624 2006 660 hoc
2035 624 2147 661 etiam
2177 624 2327 662 divinae
2347 635 2476 673 perso-

1416 687 1488 712 nae
1517 675 1711 724 supposita
1744 676 1806 713 vel
1839 677 2064 725 hypostases
2098 676 2362 714 nominantur:
2397 689 2476 714 non

1415 727 1521 777 quod
1539 727 1591 765 ibi
1610 728 1655 765 sit
1674 728 1800 778 aliqua
1826 727 2037 778 suppositio
2057 730 2120 767 vel
2139 729 2322 767 subiectio
2342 742 2477 768 secun-

1417 781 1510 818 dum
1541 793 1632 818 rem.

977 884 1307 918 Commenmria
1329 885 1578 919 Cat-ainans
1600 885 1800 919 Caietam

321 986 342 1007 Ν
365 976 473 1013 titulo,
489 976 522 1017 ly
541 975 623 1006 idem
645 967 802 1015 significat
822 973 1020 1004 identitatem
1043 973 1168 1004 realem.
1188 989 1211 996 -
1232 968 1268 1004 ln
1290 983 1358 1005 cor-

293 988 400 1061 Ipore
423 1027 562 1062 quatuor
583 1019 669 1050 facit:
692 1018 814 1059 primo,
838 1017 939 1048 reddit
961 1017 1116 1048 rationem
1139 1017 1286 1058 quaesiti3
1311 1027 1358 1048 se—

289 1065 408 1102 cundo,
419 1064 514 1095 refert
526 1063 715 1104 opinionem
729 1062 900 1103 quandam,
914 1061 972 1092 ibi:
989 1061 1033 1092 Et
1045 1062 1123 1102 quia
1137 1067 1174 1092 ut
1183 1062 1316 1093 Boetius
1325 1062 1357 1098 *;

290 1109 393 1146 tertio,
413 1109 574 1150 improbat
597 1117 677 1143 eam,
701 1107 761 1138 ibi:
785 1106 850 1137 Sed
871 1107 954 1136 sicut
968 1115 1068 1146 supra
1087 1111 1247 1136 ostensum
1267 1105 1356 1142 est*;

290 1160 416 1195 quarto,
439 1152 610 1194 respondet
632 1151 788 1192 quaesito,
811 1149 871 1180 ibi:
895 1150 947 1181 Ex
969 1158 1032 1190 quo
1053 1151 1200 1190 sequitur
1212 1150 1240 1180 *-

348 1198 385 1228 11.
409 1197 528 1235 Quoad
547 1197 710 1237 primum,
734 1195 859 1225 adverte
882 1193 972 1235 quod
995 1193 1151 1233 potuisset
1173 1193 1268 1224 obiici
1291 1195 1356 1224 Au·

290 1242 371 1274 ctori
386 1240 586 1282 superfluitas
601 1240 697 1271 huius
712 1238 851 1270 articuli:
871 1237 1025 1278 quoniam
1045 1238 1190 1277 supet-Ius
1208 1238 1242 1268 in
1261 1246 1357 1278 quae-

287 1283 554 1322 edenenarde
575 1284 683 1315 divina
706 1282 930 1323 Simplicitate,
952 1281 1135 1322 quaesitum
1158 1288 1189 1312 et
1210 1281 1357 1312 determi—

289 1337 403 1362 natum
429 1329 491 1361 fuit
517 1330 551 1360 in
576 1329 648 1359 Deo
677 1337 744 1358 esse
774 1327 860 1357 idem
887 1325 1022 1356 omnino
1053 1325 1258 1365 suppositum
1283 1334 1357 1356 cum

287 1375 432 1406 essentia.
456 1374 500 1405 Et
519 1379 687 1414 propterea
709 1371 742 1401 in
765 1369 921 1411 principio
944 1369 1041 1399 huius
1064 1369 1186 1400 articuli
1200 1369 1357 1400 rationem

290 1418 481 1450 necessitatis
497 1418 564 1449 eius
580 1415 757 1457 assignavit,
780 1414 947 1454 intendens
970 1413 1069 1454 quod,
1085 1419 1243 1454 quantum
1259 1419 1306 1444 est
1320 1422 1358 1443 ex

289 1470 377 1504 parte
391 1461 608 1503 simplicitatis,
623 1459 768 1501 quaestio
784 1458 842 1489 ista
858 1457 1023 1488 manifesta
1040 1464 1113 1494 erat,
1131 1467 1188 1488 nec
1202 1457 1355 1488 iteranda:

290 1508 346 1539 sed
361 1517 398 1538 ex
413 1513 500 1547 parte
511 1504 674 1536 Trinitatis
690 1502 932 1543 suppositorum
948 1511 1004 1531 seu
1020 1511 1238 1542 personarum,
1252 1508 1356 1532 osten—

289 1561 342 1583 sae
371 1550 582 1592 postmodum
603 1548 622 1568 *
647 1548 681 1578 in
713 1547 833 1580 unitate
864 1545 1014 1577 essentiae
1028 1569 1035 1582 ,
1063 1545 1200 1580 ,difficilis
1231 1546 1358 1577 emersit

289 1595 443 1638 quaesti0‚
469 1601 500 1625 et
521 1599 687 1634 propterea
703 1592 742 1622 de
758 1601 843 1622 novo
861 1589 1072 1621 discutienda:
1097 1596 1173 1620 tunc
1189 1589 1275 1620 enim
1290 1600 1357 1620 non

289 1646 355 1671 erat
377 1639 467 1670 locus
490 1638 564 1668 huic
587 1636 741 1668 tractatui.

328 1702 331 1705 ᾗ
347 1683 399 1715 111.
417 1682 535 1720 Quoad
556 1680 744 1718 secundum,
760 1678 883 1719 opinio,
903 1684 939 1709 ut
956 1677 1090 1714 videtur,
1110 1677 1357 1709 Porretanorum

287 1727 428 1764 refertur,
454 1726 543 1768 quod
566 1734 702 1766 persona
725 1733 790 1754 non
816 1729 862 1754 est
884 1722 969 1753 idem
992 1722 1081 1763 quod
1105 1722 1358 1760 essentiasQuia

287 1771 398 1804 relatio
421 1777 468 1802 est
490 1776 615 1801 tantum
638 1768 794 1804 assistens,
819 1774 850 1798 et
873 1773 1102 1807 consequenter
1117 1776 1183 1797 non
1199 1766 1309 1798 transit
1324 1766 1357 1797 in

288 1816 470 1848 essentiam:
495 1824 569 1855 ergo
593 1823 652 1844 nec
675 1821 820 1853 persona,
845 1821 919 1842 cum
942 1810 982 1841 sit
1003 1810 1073 1851 ipsa
1095 1810 1216 1841 relatio.

345 1859 398 1891 lv.
422 1857 541 1898 Quoad
570 1857 718 1894 tertium,
742 1854 981 1896 reprehenditur
1007 1854 1085 1885 haec
1108 1854 1236 1895 opinio,
1268 1854 1357 1895 quod

288 1904 405 1936 falsum
427 1903 615 1934 antecedens
636 1906 786 1932 assumat.
817 1899 901 1937 Quia
928 1898 1039 1930 relatio
1067 1898 1100 1929 in
1128 1899 1221 1929 rebus
1249 1898 1357 1929 creatis

288 1958 354 1981 non
371 1948 479 1979 solum
495 1946 617 1983 assistit,
638 1945 693 1976 sed
707 1945 796 1975 inest.
817 1944 902 1984 Ergo
918 1943 950 1974 in
967 1943 1037 1974 Deo
1054 1953 1120 1973 non
1137 1943 1244 1974 solum
1259 1943 1355 1979 adest,

288 1993 345 2025 sed
367 1991 571 2024 substantiale
585 2000 653 2021 esse
674 1990 794 2026 babet,
810 1994 847 2020 ut
861 1988 954 2019 latius
977 1987 1011 2018 in
1034 1996 1127 2018 xxvm
1143 1987 1328 2028 quaestione
1339 1987 1357 2006 *

290 2036 410 2070 dictum
434 2042 490 2067 est.

341 2081 381 2112 V.
406 2079 523 2118 Quoad
546 2083 716 2120 quartum,
741 2076 903 2109 conclusio
927 2075 1109 2116 responsiva
1132 2082 1194 2107 est:
1218 2075 1357 2106 Persona

289 2132 336 2157 est
358 2125 445 2156 idern
462 2123 585 2155 realiter
600 2121 689 2164 quod
705 2121 856 2158 essentia;
881 2121 968 2161 ipsae
982 2127 1088 2151 tamen
1104 2118 1260 2150 Personae
1276 2118 1357 2150 inter

288 2179 323 2202 se
344 2169 584 2209 distinguuntur
609 2166 739 2197 realiter.
767 2182 785 2189 ο
809 2165 851 2196 Et
873 2165 1026 2206 probatur
1051 2164 1160 2205 quoad
1188 2171 1356 2205 utramque

289 2221 422 2256 partem.
452 2213 592 2244 Persona
621 2217 668 2242 eet
697 2210 806 2241 relatio
834 2209 1008 2240 subsistens
1035 2208 1068 2238 in
1093 2208 1197 2238 divina
1225 2215 1354 2239 natura:

289 2268 365 2300 ergo
388 2264 436 2289 est
457 2257 543 2288 idem
565 2255 688 2287 realiter
701 2255 791 2296 quod
811 2253 954 2289 essentia,
971 2260 1002 2283 et
1018 2252 1162 2283 distincta
1180 2252 1302 2283 realiter
1317 2252 1355 2282 ab

289 2301 384 2334 altera
403 2311 538 2342 persona
561 2298 688 2331 relative
710 2298 756 2329 illi
780 2297 938 2339 opposita.
955 2315 975 2320 -
990 2297 1030 2327 Et
1045 2297 1197 2337 probatur
1213 2296 1355 2337 sequela:

289 2346 365 2393 quia
387 2345 497 2376 relatio
519 2345 553 2375 in
575 2344 661 2380 Deo,
687 2349 869 2383 comparata
891 2342 931 2372 ad
955 2340 1136 2377 essentiam,
1161 2351 1228 2371 non
1257 2340 1358 2371 differt

288 2400 332 2429 re,
348 2390 405 2422 sed
420 2389 540 2420 ratione
556 2394 698 2424 tantum;
723 2393 905 2427 comparata
920 2393 1027 2417 autem
1051 2385 1091 2415 ad
1110 2385 1292 2425 oppositam
1309 2394 1356 2415 re-

288 2435 452 2471 lationem,
467 2434 562 2464 habet
580 2431 816 2464 distinctionem
830 2431 958 2467 realem,
976 2437 1007 2461 et
1021 2430 1083 2460 hoc
1099 2429 1129 2459 vi
1145 2429 1356 2469 oppositionis

243 2476 246 2480 ’
287 2479 435 2512 relativae
457 2478 558 2508 realis.

348 2523 401 2555 VI.
419 2522 511 2553 Circa
525 2521 613 2551 illam
628 2519 892 2560 propositionem,
910 2519 1035 2555 relatio,
1052 2528 1109 2548 seu
1119 2526 1274 2557 persona,
1291 2526 1354 2546 non

289 2567 401 2609 differt
415 2576 463 2604 re,
479 2566 535 2596 sed
550 2565 676 2595 ratione
691 2569 828 2601 tantum,
844 2563 883 2594 ab
900 2564 1036 2594 essentia
1051 2562 1171 2599 divina,
1186 2567 1357 2592 occurrunt

290 2609 485 2643 obiectiones
503 2609 600 2645 Scoti,
617 2608 649 2638 in
666 2608 694 2644 1,
719 2607 790 2638 dist.
804 2618 836 2644 11,
854 2617 909 2648 qu.
925 2617 966 2637 iv.
990 2605 1068 2638 Vult
1083 2604 1168 2636 enim
1182 2606 1271 2646 quod
1287 2615 1356 2645 per-

288 2664 371 2687 sona
393 2661 424 2685 et
446 2652 580 2684 essentia
608 2652 840 2692 distinguantur
870 2651 936 2682 sine
960 2650 1049 2681 omni
1073 2656 1144 2681 actu
1167 2649 1354 2682 intellectus.

290 2699 502 2740 Arguitergo
525 2696 698 2727 rationibus
721 2703 753 2727 et
775 2695 1022 2726 auctoritatibus.

346 2744 457 2774 Prima
481 2743 564 2773 ratio
580 2748 637 2772 est.
660 2741 760 2776 Pater,
775 2739 900 2770 secluso
919 2746 991 2770 actu
1009 2739 1194 2774 intellectus,
1214 2738 1309 2769 habet
1323 2738 1356 2768 in

291 2798 324 2819 re
348 2787 511 2819 entitatem
540 2784 840 2816 communicabilem
863 2791 893 2815 et
917 2783 1077 2814 entitatem
1105 2782 1355 2813 incommunica-

291 2831 403 2863 bilem:
428 2841 502 2871 ergo
526 2830 620 2860 habet
642 2829 674 2859 in
699 2839 731 2859 se
755 2838 823 2859 rem
847 2828 1040 2859 diversarum
1062 2827 1223 2863 rationum
1243 2827 1357 2857 forma-

257 2872 269 2877 *
291 2876 382 2908 lium.
399 2894 419 2898 -
434 2875 588 2906 Probatur
608 2872 752 2914 sequela:
777 2872 852 2914 quia
867 2873 892 2903 si
909 2879 989 2903 esset
1002 2882 1050 2903 res
1066 2872 1161 2902 unius
1180 2870 1308 2901 rationis
1323 2871 1356 2900 in

291 2931 336 2957 se,
359 2919 410 2951 vel
429 2926 510 2950 esset
523 2925 649 2949 tantum
669 2916 951 2953 communicabilis,
970 2917 1020 2947 vel
1035 2922 1160 2946 tantum
1176 2915 1356 2945 incommu-

292 2964 452 3000 nicabilis;
477 2972 617 3004 quorum
641 2969 813 3002 utrumque
836 2968 883 2992 est
905 2960 1106 2991 haereticum.

348 3008 496 3039 Secunda
519 3008 603 3038 ratio
625 3013 681 3037 est.
706 3006 805 3042 Pater,
815 3001 998 3046 'intelligens
1014 3005 1047 3035 in
1063 3004 1168 3045 primo
1187 3004 1278 3043 signo
1295 3003 1355 3033 ori-

291 3052 372 3093 ginis
396 3062 448 3088 se,
472 3058 527 3082 aut
553 3050 699 3090 intelligit
729 3049 896 3080 essentiam
922 3056 954 3080 et
981 3049 1200 3090 paternitatem
1228 3054 1263 3078 ut
1291 3048 1356 3078 duo

293 3096 416 3127 obiecta
437 3094 612 3126 formaliter
640 3094 797 3130 distincta,
829 3101 883 3125 aut
906 3104 982 3124 non.
1007 3093 1039 3124 Si
1064 3093 1121 3128 sic,
1150 3092 1282 3123 habetur
1309 3092 1356 3122 in-

293 3146 431 3172 tentum:
456 3140 531 3180 quia
546 3139 685 3180 cognitio
709 3137 853 3169 intuitiva
869 3145 915 3169 est
933 3138 976 3168 rei
995 3138 1172 3168 secundum
1186 3146 1252 3167 esse
1268 3146 1355 3177 prae-

293 3194 365 3215 sens
387 3184 421 3214 in
444 3193 486 3214 se.
518 3183 551 3215 Si
574 3193 657 3220 non,
687 3193 761 3223 ergo
790 3181 1026 3222 distinguuntur
1053 3187 1177 3212 tanturn
1200 3179 1232 3210 in
1257 3180 1356 3210 modo

294 3227 509 3268 concipiendi:
535 3236 610 3268 ergo
626 3237 663 3258 ex
679 3224 877 3258 distinctione
901 3226 981 3257 inter
994 3233 1030 3256 ea
1047 3235 1112 3256 non
1129 3231 1175 3255 est
1192 3225 1255 3255 hoc
1270 3235 1357 3255 com-

294 3272 502 3308 municabile,
527 3278 558 3303 et
579 3272 642 3303 hoc
664 3270 974 3302 incommunicabile.
998 3286 1017 3293 -
1041 3270 1082 3301 Et
1103 3275 1189 3300 tenet
1211 3270 1355 3309 sequela:

295 3317 370 3358 quia
393 3316 551 3347 distinctio
574 3316 751 3347 secundum
773 3315 910 3346 modum
933 3313 1150 3355 concipiendi,
1180 3313 1257 3343 nihil
1285 3313 1358 3344 facit

295 3372 328 3391 ln
351 3370 395 3391 re.

350 3404 567 3435 Auctoritates
589 3410 697 3435 autem
717 3410 791 3435 sunt
814 3402 994 3443 Augustini,
1019 3402 1051 3432 in
1069 3401 1127 3433 VII
1151 3400 1191 3432 de
1218 3402 1307 3432 Trin.
1321 3400 1356 3431 ἐ

300 3449 412 3480 Omnis
436 3449 571 3479 essentia
594 3458 677 3488 quae
700 3449 834 3479 relative
857 3448 990 3485 dicitur,
1016 3451 1063 3477 est
1084 3445 1206 3486 aliquid
1229 3450 1358 3486 excepto

295 3494 440 3524 relativo.
466 3493 507 3523 Et
522 3502 630 3522 rursus
646 3492 777 3522 ibidem:
803 3492 838 3522 Si
860 3492 958 3523 Pater
973 3501 1036 3522 non
1053 3495 1099 3521 est
1114 3490 1237 3531 aliquid
1252 3489 1295 3520 ad
1312 3499 1358 3528 se,

296 3547 359 3568 non
384 3542 430 3568 est
453 3537 496 3567 ad
518 3536 618 3567 aliud.
647 3536 691 3566 Et
710 3546 817 3566 rursus
832 3535 863 3573 *‚
888 3536 927 3566 de
950 3534 1047 3566 Filio:
1074 3544 1136 3565 non
1161 3543 1196 3564 eo
1226 3533 1358 3564 Verbum

294 3591 357 3623 quo
380 3582 549 3621 sapientia.
573 3580 621 3610 Ex
644 3579 692 3610 his
716 3579 801 3610 enim
824 3579 974 3610 omnibus
998 3586 1082 3620 patet
1105 3589 1171 3609 non
1189 3577 1274 3609 idem
1294 3588 1358 3609 esse

296 3626 469 3656 formaliter
492 3625 524 3655 in
548 3635 580 3655 se
603 3634 670 3655 rem
694 3624 872 3654 absolutam
897 3631 926 3654 et
949 3624 991 3654 ad
1014 3623 1112 3654 aliud.

1467 974 1536 1005 VII.
1560 975 1612 1005 Ad
1635 974 1824 1006 evidentiam
1847 974 1982 1012 horum,
2007 974 2086 1006 scito
2108 975 2212 1016 quod,
2234 975 2317 1005 sicut
2339 975 2372 1005 in
2395 975 2475 1010 Deo,

1410 1018 1589 1048 secundum
1611 1028 1679 1049 rem
1703 1019 1768 1049 sive
1789 1019 1823 1049 in
1847 1019 1957 1049 ordine
1980 1019 2064 1056 reali,
2089 1026 2135 1050 est
2158 1028 2222 1049 una
2244 1028 2292 1049 res
2308 1028 2375 1049 non
2398 1027 2476 1059 pure

1410 1062 1556 1093 absoluta
1578 1072 1637 1093 nec
1660 1072 1738 1103 pure
1762 1063 1942 1103 respectiva,
1967 1073 2024 1094 nec
2048 1063 2144 1094 mixta
2158 1070 2213 1094 aut
2227 1063 2406 1103 composita
2421 1067 2476 1096 aut

1411 1106 1564 1137 resultans
1588 1117 1625 1137 ex
1648 1114 1797 1147 utraque;
1822 1108 1877 1138 sed
1898 1107 2145 1138 eminentissime
2173 1113 2203 1138 et
2225 1107 2398 1137 formaliter
2420 1107 2475 1137 ha·

1411 1151 1488 1180 bens
1506 1151 1596 1191 quod
1611 1157 1658 1181 est
1672 1151 1835 1191 respectivi
1859 1149 1940 1194 (imo
1964 1151 2138 1182 multarum
2161 1158 2267 1182 rerum
2290 1151 2474 1191 respectiva-

1411 1192 1496 1236 rum)
1517 1201 1548 1225 et
1571 1195 1659 1235 quod
1678 1202 1724 1226 est
1739 1195 1892 1226 absoluti:
1916 1195 1959 1226 ita
1981 1195 2014 1225 in
2038 1192 2148 1226 ordine
2167 1195 2291 1225 formali
2308 1205 2363 1226 seu
2380 1195 2474 1226 ratio—

1410 1247 1491 1268 num
1513 1238 1706 1275 formalium,
1730 1239 1907 1270 secundum
1930 1248 1972 1275 se,
1997 1248 2064 1270 non
2087 1240 2195 1280 quoad
2218 1248 2277 1270 nos
2300 1239 2473 1280 loquendo,

1411 1288 1459 1312 est
1479 1281 1513 1312 in
1535 1282 1605 1312 Deo
1629 1282 1723 1313 unica
1750 1283 1831 1313 ratio
1862 1283 2021 1319 formalis,
2051 1293 2117 1314 non
2143 1292 2223 1324 pure
2251 1284 2395 1314 absoluta
2417 1290 2475 1313 nec

1410 1335 1490 1366 pure
1505 1326 1686 1365 respectiva,
1702 1336 1769 1357 non
1786 1336 1864 1367 pure
1887 1327 2161 1358 communicabilis
2183 1337 2242 1358 nec
2256 1337 2336 1367 pure
2351 1327 2474 1357 iucem*

1410 1370 1626 1407 municabilis;
1649 1371 1705 1400 sed
1727 1371 1976 1401 eminentissime
1998 1380 2033 1402 ac
2057 1371 2231 1402 formaliter
2257 1371 2421 1402 continens
2443 1376 2475 1401 et

1410 1413 1567 1455 quidquid
1595 1415 1758 1445 absolutae
1787 1414 1988 1455 perfectionis
2016 1422 2079 1452 est,
2109 1421 2142 1446 et
2168 1415 2323 1456 quidquid
2355 1412 2474 1446 trinitas

1410 1458 1582 1498 respectiva
1605 1458 1707 1498 exigit.
1733 1458 1869 1499 Oportet
1891 1466 1998 1490 autern
2013 1459 2057 1490 sic
2076 1469 2152 1496 esse,
2177 1460 2251 1500 quia
2270 1466 2396 1499 oportet
2410 1459 2474 1489 cui-

1410 1501 1486 1532 libet
1509 1502 1759 1542 simplicissimae
1782 1502 1826 1533 rei
1846 1504 2021 1534 secundum
2045 1513 2078 1534 se
2101 1503 2236 1534 maxime
2255 1504 2320 1539 uni,
2346 1513 2474 1543 respon-

1411 1547 1484 1577 dere
1507 1557 1607 1577 unam
1629 1547 1837 1587 adaequatam
1859 1547 2014 1578 rationem
2038 1547 2218 1578 formalem:
2243 1547 2384 1588 alioquin
2408 1557 2474 1578 non

1409 1597 1491 1621 esset
1519 1599 1575 1631 per
1597 1600 1630 1621 se
1653 1591 1758 1631 primo
1783 1601 1885 1622 unum
1909 1591 2101 1632 intelligibile
2124 1602 2142 1622 a
2164 1592 2278 1632 quovis
2303 1591 2472 1622 intellectu.

1411 1653 1431 1656 —
1446 1635 1487 1666 Et
1511 1634 1731 1665 confirmatur:
1756 1635 1831 1676 quia
1854 1636 1996 1666 Verbum
2019 1635 2078 1666 Dei
2106 1635 2237 1666 unicum
2264 1642 2389 1666 tantum
2417 1642 2473 1665 est.

1411 1676 1546 1709 Constat
1576 1679 1661 1709 enim
1694 1679 1845 1720 verbum,
1877 1679 1902 1709 si
1935 1679 2111 1720 perfectum
2140 1686 2206 1716 est,
2239 1680 2413 1720 adaequare
2441 1678 2474 1708 id

1412 1733 1502 1754 cuius
1526 1730 1582 1757 est.

1466 1767 1620 1798 Fallimur
1642 1774 1766 1804 autern,
1790 1767 1829 1797 ab
1853 1767 2005 1798 absolutis
2036 1774 2067 1798 et
2093 1767 2272 1807 respectivis
2300 1768 2339 1797 ad
2369 1767 2474 1797 Deum

1410 1812 1622 1852 procedendo,
1647 1822 1686 1842 eo
1710 1811 1799 1853 quod
1822 1811 2057 1842 distinctionem
2079 1811 2159 1842 inter
2182 1812 2366 1842 absolutum
2385 1818 2415 1842 et
2428 1821 2474 1841 re-

1410 1855 1587 1896 spectivum
1609 1855 1699 1896 quasi
1723 1854 1862 1895 priorem
1881 1864 1913 1886 re
1933 1855 2037 1886 divina
2059 1855 2288 1895 imaginamur;
2312 1862 2344 1886 et
2366 1865 2474 1886 conse-

1410 1906 1543 1940 quenter
1564 1899 1653 1930 illam
1676 1900 1734 1930 sub
1758 1899 1856 1930 altero
1880 1900 2024 1930 membro
2044 1906 2190 1940 oportere
2208 1899 2287 1939 poni
2305 1899 2473 1930 credimus.

1410 1944 1451 1974 Et
1473 1950 1580 1975 tamen
1603 1950 1650 1975 est
1671 1950 1778 1974 totum
1797 1944 1994 1984 oppositum.
2021 1943 2185 1981 Quoniam
2200 1953 2248 1974 res
2268 1942 2373 1974 divina
2387 1943 2474 1983 prior

1410 1995 1457 2019 est
1480 1995 1550 2019 ente
1573 1994 1605 2019 et
1626 1988 1777 2019 omnibus
1801 1987 1981 2019 differentiis
2005 1988 2088 2018 eius:
2118 1994 2165 2018 est
2188 1988 2273 2018 enim
2294 1993 2393 2028 super
2416 1997 2474 2018 ens

1411 2039 1441 2064 et
1462 2042 1560 2073 super
1583 2043 1695 2070 unum,
1713 2040 1772 2064 etc.
1795 2032 1836 2063 Et
1851 2039 2028 2072 propterea,
2052 2032 2325 2073 quemadmodum
2343 2032 2473 2062 virtutes

1409 2076 1585 2113 inferiores,
1610 2086 1675 2107 non
1707 2084 1743 2108 ut
1771 2073 1990 2107 dearticulatae
2013 2086 2048 2107 ac
2072 2075 2234 2107 distinctae
2257 2075 2338 2107 inter
2361 2086 2409 2112 se,
2434 2076 2473 2107 ad

1410 2130 1508 2151 unam
1538 2120 1614 2151 solis
1645 2120 1795 2151 virtutem
1826 2120 1920 2151 etiam
1950 2119 2123 2151 formaliter
2157 2120 2335 2156 elevantur;
2370 2119 2473 2150 multo

1409 2165 1509 2205 magis
1525 2165 1708 2196 absolutum
1724 2171 1755 2196 et
1773 2164 1982 2205 respectivum
1999 2164 2038 2195 ad
2052 2174 2151 2195 unam
2174 2173 2241 2194 rem
2264 2171 2295 2195 et
2317 2164 2472 2195 rationem

1409 2209 1577 2240 formalem
1601 2209 1739 2239 divinam
1763 2209 1933 2239 elevantur.

1466 2253 1549 2285 VIII.
1574 2253 1667 2284 Unde
1690 2253 1899 2293 ad-primum
1927 2252 2012 2284 Scoti
2028 2252 2059 2289 *,
2083 2258 2215 2292 negatur
2237 2251 2472 2292 consequentia.

1410 2298 1451 2328 Et
1473 2298 1513 2328 ad
1536 2297 1759 2338 probationem
1783 2297 1868 2333 eius,
1894 2303 2025 2337 negatur
2055 2303 2218 2337 assumpta
2241 2296 2472 2327 conditionalis.

1410 2341 1457 2372 Ex
1480 2340 1542 2372 hoc
1565 2341 1651 2371 enim
1674 2342 1763 2382 quod
1782 2348 1828 2372 est
1843 2341 1938 2371 unius
1961 2340 2090 2371 rationis
2113 2339 2146 2370 in
2166 2351 2207 2377 se,
2232 2350 2298 2371 non
2322 2340 2473 2380 sequitur,

1411 2395 1490 2427 ergo
1509 2391 1634 2416 tantum
1659 2386 1931 2416 communicabilis
1945 2385 1996 2416 vel
2010 2390 2134 2415 tantum
2152 2384 2474 2415 incommunicabilis:

1410 2430 1465 2460 sed
1488 2436 1549 2461 stat
1571 2430 1659 2471 quod
1683 2429 1723 2460 sit
1746 2435 1776 2460 et
1799 2428 2071 2460 communicabilis
2095 2435 2126 2459 et
2147 2427 2455 2459 incommunicabilis
2463 2437 2471 2464 ;

1410 2481 1442 2505 et
1463 2474 1526 2504 hoc
1548 2481 1678 2514 propter
1700 2473 1887 2504 infinitatem
1910 2473 1994 2503 illius
2017 2470 2145 2503 rationis
2168 2472 2318 2502 formalis.
2343 2472 2408 2502 Nec
2427 2478 2474 2502 est

1410 2518 1584 2548 mirabilius
1614 2518 1742 2548 unicam
1774 2517 1928 2548 rationem
1951 2516 2118 2547 formalem
2147 2516 2261 2546 habere
2284 2523 2470 2556 utrumque,

1409 2572 1507 2602 quam
1531 2562 1658 2592 unicam
1681 2570 1761 2591 rem:
1787 2561 1853 2591 imo
1876 2561 1969 2597 illud,
1993 2561 2169 2591 secundum
2192 2567 2309 2591 rectam
2331 2560 2472 2600 philoso-

1409 2606 1527 2646 phiam,
1552 2605 1694 2646 sequitur
1717 2615 1753 2635 ex
1776 2605 1837 2635 hoc
1852 2605 1958 2645 posito
1976 2614 2032 2645 per
2047 2604 2154 2635 fidem.
2171 2622 2190 2626 —-
2206 2604 2327 2635 Poteris
2342 2614 2472 2645 quoque

1408 2650 1535 2680 novitiis
1558 2649 1748 2689 distinguere
1771 2649 1859 2679 illam
1882 2648 2137 2685 conditionalem,
2158 2646 2292 2679 dicendo
2316 2648 2404 2689 quod
2428 2655 2473 2678 est

1408 2704 1482 2724 vera
1505 2694 1543 2724 de
1567 2704 1630 2724 una
1653 2693 1773 2724 ratione
1797 2692 1922 2723 formali
1950 2692 2086 2723 limitata
2093 2698 2106 2730 ,¹
2129 2701 2195 2723 non
2218 2699 2325 2723 autem
2349 2692 2388 2722 de
2411 2691 2472 2722 ilti-

1409 2739 1532 2776 mitata,
1558 2745 1594 2768 ut
1616 2738 1649 2768 in
1673 2737 1839 2778 proposito
1865 2735 2027 2777 contingit.

1467 2783 1518 2813 Ad
1541 2782 1718 2812 secundum
1746 2791 1820 2812 vero
1850 2781 1979 2818 dicitur,
2003 2781 2091 2821 quod
2115 2781 2205 2811 Pater
2234 2790 2300 2810 non
2329 2780 2472 2820 intelligit

1410 2827 1576 2857 essentiam
1601 2833 1630 2857 et
1652 2826 1871 2866 paternitatem
1894 2832 1930 2856 ut
1952 2825 2018 2856 duo
2042 2825 2163 2856 obiecta
2186 2824 2330 2855 formalia
2360 2834 2471 2855 secun—

1410 2872 1489 2901 dum
1512 2879 1560 2901 se:
1585 2869 1641 2900 sed
1664 2877 1699 2901 ut
1722 2880 1824 2900 unum
1845 2868 2025 2907 {formaliter
2049 2875 2079 2899 et
2102 2869 2202 2899 multa
2224 2868 2411 2905 virtualiter,
2436 2875 2472 2899 ut

1409 2921 1496 2955 patet
1518 2925 1555 2945 ex
1578 2913 1668 2945 dictis
1688 2913 1714 2945 *.
1738 2913 1813 2944 Non
1837 2913 1879 2944 ita
1902 2913 1990 2954 quod
2022 2913 2055 2943 in
2078 2912 2131 2943 illa
2159 2922 2284 2943 summa
2314 2923 2347 2942 re
2377 2919 2471 2953 atque

1410 2959 1529 2990 ratione
1554 2958 1678 2988 formali
1701 2957 1868 2998 paternitas
1887 2965 1918 2988 et
1932 2957 2065 2988 essentia
2088 2956 2150 2987 sint
2164 2956 2343 2992 virtualiter,
2359 2957 2413 2986 sed
2428 2955 2472 2987 ita

1409 3004 1499 3044 quod
1522 3003 1584 3033 sint
1606 3001 1779 3033 formaliter
1806 3007 1837 3032 et
1864 3001 2000 3032 realiter:
2025 3001 2080 3031 sed
2107 3001 2265 3031 distinctio
2293 3010 2403 3031 earum
2426 3007 2472 3031 est

1410 3047 1590 3083 virtualiter,
1607 3046 1682 3087 quia
1697 3046 1739 3077 ita
1753 3046 1797 3076 ibi
1812 3052 1887 3076 sunt
1902 3056 1938 3076 ac
1954 3045 1980 3076 si
1995 3052 2098 3076 essent
2112 3045 2291 3081 distinctae—,3
2316 3051 2346 3075 et
2363 3055 2471 3075 rursus

1411 3091 1485 3132 quia
1507 3091 1550 3121 ita
1573 3097 1714 3121 exercent
1737 3090 1864 3131 propria
1888 3090 2061 3131 utriusque,
2085 3100 2121 3120 ac
2137 3089 2161 3119 si
2178 3096 2280 3120 essent
2296 3089 2469 3120 distinctae.

2504 419 2515 430 ⁸
2533 419 2580 446 Qu.
2596 425 2654 446 xm,
2674 422 2718 442 art.

2506 451 2523 472 ι,
2538 445 2567 467 ad
2581 451 2606 472 25
2621 449 2663 468 art.
2673 452 2694 474 3.

2501 2255 2512 2266 *
2528 2255 2563 2277 cf.
2578 2261 2642 2277 num.
2656 2261 2687 2277 vi.

2498 2916 2510 2927 ⁸
2523 2916 2594 2938 Num.
2610 2922 2687 2944 praec.

1412 3135 1503 3167 Unde
1527 3135 1639 3165 Scotus
1663 3133 1783 3171 erravit,
1804 3133 1990 3164 dimittendo
2008 3133 2093 3164 hunc
2112 3133 2247 3163 modum
2264 3132 2425 3174 loquendi,
2442 3139 2472 3164 et
2516 3137 2518 3139 '

1411 3179 1641 3211 introducendo
1665 3185 1702 3209 ut
1724 3177 1979 3219 propriissimum
2003 3177 2101 3208 alium
2124 3177 2164 3207 de
2181 3177 2381 3208 distinctione
2395 3176 2472 3218 for-

1412 3224 1490 3254 mali
1513 3232 1554 3254 ex
1577 3228 1696 3253 natura
1719 3223 1776 3253 rei.
1807 3223 1918 3253 Novus
1946 3221 2103 3262 siquidem
2127 3221 2177 3252 hic
2207 3221 2323 3251 modus
2351 3220 2472 3251 alienus

1410 3268 1501 3298 valde
1525 3274 1571 3297 est
1593 3277 1611 3297 a
1634 3266 1802 3297 divinitatis
1825 3266 1994 3297 eminentia
2017 3265 2157 3296 formali:
2183 3265 2364 3296 dearticulat
2386 3265 2472 3295 enim

1412 3322 1482 3343 earn
1505 3311 1686 3341 formaliter.
1711 3311 1740 3341 Is
1754 3310 1870 3342 'autem
1892 3321 1990 3351 quem
2013 3320 2072 3340 nos
2095 3309 2193 3340 secuti
2216 3319 2343 3346 sumus,
2369 3316 2472 3340 tantae

1411 3357 1455 3387 rei
1479 3363 1654 3396 utcumque
1678 3361 1841 3386 consonat.

1471 3400 1521 3430 Ad
1545 3399 1744 3430 auctoritates
1768 3405 1875 3430 autem
1899 3398 2011 3429 dicitur
2040 3396 2145 3438 quod,
2175 3397 2248 3438 quia
2271 3397 2472 3428 balbutiendo

1414 3450 1448 3476 ut
1465 3453 1647 3485 possumus,
1664 3443 1790 3474 excelsa
1809 3443 1871 3473 Dei
1889 3451 2076 3473 resonamus
2090 3441 2116 3478 *‚
2141 3441 2213 3471 ideo
2228 3441 2426 3482 Augustinus
2443 3448 2473 3472 et

1413 3490 1565 3520 Doctores
1583 3488 1620 3517 de
1638 3487 1770 3518 essentia
1789 3493 1819 3517 et
1837 3486 1987 3517 relatione
2009 3493 2046 3516 ut
2065 3486 2103 3516 de
2119 3485 2270 3516 distinctis
2289 3485 2471 3522 formaliter,

1412 3533 1598 3573 loquuntur.
1623 3531 1695 3562 Hoc
1719 3530 1819 3566 enim,
1845 3541 1882 3561 ex
1904 3536 1990 3570 parte
2019 3529 2081 3566 rei,
2106 3529 2257 3560 fundatur
2283 3540 2378 3570 super
2400 3529 2471 3566 hoc,

1414 3577 1489 3618 quia
1503 3583 1576 3606 sunt
1592 3575 1764 3606 formaliter
1778 3575 1922 3605 distincta
1933 3574 2114 3610 virtualiter,
2126 3574 2271 3615 quamvis
2287 3584 2354 3604 non
2370 3581 2473 3604 actua—

1414 3621 1491 3652 liter.
1516 3621 1562 3650 Ex
1585 3626 1671 3660 parte
1701 3626 1807 3650 autem
1831 3618 1945 3655 nostri,
1970 3618 2045 3659 quia
2067 3618 2187 3649 ratione
2211 3618 2364 3649 obiectiva
2387 3618 2472 3658 apud

2499 3443 2508 3451 ¹
2532 3441 2601 3468 Greg.
2622 3440 2710 3462 Mor-al.

2499 3468 2571 3494 lib.V,
2578 3473 2709 3495 cap-xxxvl,

2500 3495 2528 3515 al.
2544 3500 2607 3515 xxvz.
