2768 4178
83 1562 93 1571 '
107 1561 157 1583 Art.
172 1567 197 1587 2,
213 1563 293 1582 contra

83 1588 157 1609 concl.
172 1594 195 1614 4.

89 2882 100 2893 ⁸
112 2882 159 2909 Qu.
169 2888 222 2909 xxv,
233 2885 275 2903 art.
283 2888 299 2903 1.

90 3044 99 3053 ⁶
113 3043 164 3065 Art.
179 3044 275 3071 praeced
281 3059 286 3065 .

318 291 395 337 428

1013 282 1280 330 QUAESTIO
1309 284 1411 330 XLI,
1441 284 1738 321 ARTICULUS
1768 284 1820 320 lv

996 393 1329 427 Commentafia
1351 393 1603 427 Cardinalis
1626 394 1827 428 Caietam

379 509 486 531 nunus
500 497 622 539 quaerit
637 495 675 525 de
691 493 810 524 actibus
827 491 1045 523 notionalibus
1063 498 1131 528 etc.‚
1154 491 1186 521 in
1206 498 1276 522 actu
1299 501 1382 522 exer-

322 514 456 575 Tcito:
482 553 522 572 an
538 541 654 571 scilicet
674 539 764 569 Pater
782 542 907 578 generet
925 535 1043 566 Filium
1062 535 1101 565 de
1121 545 1178 565 sua
1197 535 1381 574 substantia,

321 600 359 620 an
384 589 422 618 de
446 586 557 617 nihilo.

377 632 414 662 11.
440 632 475 661 In
498 637 630 669 corpore
653 626 747 658 unica
765 631 811 656 est
835 623 997 655 conclusio
1017 623 1201 662 responsiva
1219 623 1380 664 quaesito:

319 677 417 708 Filius
437 682 482 705 est
504 673 637 714 genitus,
662 681 728 701 non
748 670 785 700 de
802 667 913 705 nihilo,
938 667 993 697 sed
1017 667 1055 698 de
1079 667 1252 698 substantia
1271 667 1381 698 Patris.

319 721 501 751 -Probatur
517 717 620 758 primo
637 715 744 756 quoad
763 720 883 754 partem
902 711 1090 750 negativam,
1108 711 1254 741 ducendo
1270 711 1309 741 ad
1323 711 1381 741 im-

319 763 478 806 possibile.
496 762 528 793 Si
544 761 642 791 Filius
657 759 883 800 produceretur
900 755 937 785 de
954 755 1065 794 nihilo,
1083 765 1157 796 ergo
1171 761 1251 785 esset
1265 755 1381 786 factus:

320 818 394 848 ergo
418 817 483 837 non
501 812 580 836 esset
593 814 664 835 vere
681 810 711 834 et
727 801 852 843 proprie
876 799 985 830 Filius.
999 818 1017 823 —
1033 799 1138 830 Prima
1158 799 1383 840 consequentia

319 853 471 893 probatur
487 860 523 881 ex
541 848 747 889 proportione
771 843 919 876 materiae
943 843 982 873 ad
1005 843 1167 881 artificem,
1192 850 1223 874 et
1238 843 1327 873 nihili
1343 843 1383 873 ad

319 898 435 928 Deum.
461 893 605 926 Secunda
631 898 756 929 autem,
781 900 818 920 ex
846 887 1017 919 differentia
1045 888 1125 918 inter
1154 887 1324 918 factionem
1353 893 1383 918 et

320 940 523 971 nativitatem.
540 936 718 968 Destructio
731 941 838 965 autem
855 933 1078 971 consequentis
1093 931 1311 962 manifestatur
1326 942 1381 962 au-

321 985 461 1016 ctoritate
485 981 610 1013 Ioannis
633 978 791 1020 Apostoli.
1119 1019 1126 1026 .
1142 1019 1149 1026 ι
1351 1019 1359 1026 ι

379 1027 500 1059 Deinde
531 1024 700 1065 respondet
728 1021 898 1053 obiectioni
925 1021 1055 1059 tacitae,
1085 1020 1202 1050 scillcet
1229 1020 1318 1060 quod
1350 1029 1383 1049 1n

320 1073 479 1112 Scriptura
491 1070 587 1111 filius
605 1069 668 1099 Dei
689 1065 866 1097 verificatur
884 1065 922 1095 de
943 1065 1051 1106 aliquo
1075 1064 1131 1104 qui
1148 1070 1193 1094 est
1212 1073 1250 1094 ex
1268 1063 1382 1094 nihilo:

320 1117 425 1147 dicens
449 1114 538 1155 quod
562 1113 623 1143 hoc
639 1121 704 1142 non
723 1109 899 1141 verificatur
914 1111 953 1141 de
971 1119 1046 1139 vero
1066 1108 1158 1144 Filio,
1183 1109 1238 1138 sed
1258 1108 1297 1138 de
1315 1107 1383 1138 filio

320 1170 376 1202 per
398 1157 666 1194 assimilationem,
690 1154 788 1186 allatis
808 1154 847 1184 ad
870 1154 947 1186 haec
970 1152 1218 1184 auctoritatibus.

379 1203 512 1234 Infertur
534 1200 745 1241 postmodum
768 1199 906 1232 secunda
928 1208 1000 1239 pars
1025 1196 1238 1228 conclusionis
1262 1206 1318 1236 per
1336 1195 1384 1225 lo—

321 1258 393 1279 cum
417 1258 438 1278 a
461 1247 624 1278 divisione.
649 1245 690 1275 Et
717 1243 918 1283 subiungitur
945 1252 1043 1284 quam
1071 1240 1244 1271 differenter
1270 1239 1384 1271 intelli-

320 1299 410 1333 gatur
433 1291 509 1321 haec
533 1289 670 1320 secunda
686 1298 757 1328 pars
774 1288 812 1317 de
831 1286 1004 1318 substantia
1018 1285 1114 1327 patris
1133 1284 1277 1323 humani,
1297 1291 1327 1315 et
1346 1285 1384 1314 de

321 1335 494 1367 substantia
516 1333 614 1365 Patris
639 1332 752 1363 divini:
778 1331 852 1373 quia
875 1331 918 1362 ibi
943 1332 981 1361 de
1005 1337 1102 1371 parte,
1126 1329 1178 1359 hic
1201 1329 1239 1359 de
1262 1335 1338 1359 tota.

381 1380 432 1410 111.
458 1380 494 1410 In
517 1377 721 1418 responsione
745 1376 784 1406 ad
807 1375 962 1416 primum,
986 1375 1019 1405 in
1042 1383 1107 1415 qua
1129 1379 1261 1413 negatur
1281 1382 1384 1403 essen-

321 1425 399 1456 tiam
422 1423 562 1454 divinam
583 1422 697 1452 habere
720 1420 876 1451 rationem
898 1419 1060 1454 materiae;
1086 1425 1116 1448 et
1139 1418 1178 1447 ad
1197 1417 1383 1453 secundum,

320 1469 353 1499 in
377 1478 439 1509 qua
468 1467 581 1498 dicitur
605 1465 694 1507 quod
716 1465 811 1495 habet
838 1464 993 1495 rationem
1022 1463 1142 1494 formae
1170 1461 1383 1498 subsistentis;

321 1517 506 1553 argumenta
530 1515 699 1541 occurrunt
717 1508 845 1541 Henrici
860 1515 891 1539 et
905 1506 1057 1543 Durandi,
1078 1505 1164 1547 apud
1179 1505 1383 1546 Capreolum,

320 1558 354 1588 in
369 1567 389 1587 v
408 1555 606 1587 distinctione
622 1553 719 1584 Primi
733 1552 760 1589 *,
781 1553 821 1582 ad
837 1552 1039 1593 probandum
1054 1550 1143 1591 quod
1158 1549 1258 1580 Filius
1274 1557 1319 1580 est
1333 1559 1383 1589 ge-

321 1602 406 1632 nitus
430 1601 468 1630 de
492 1598 664 1630 substantia
691 1596 790 1628 Patris
813 1603 849 1628 ut
872 1596 1020 1634 materia,
1050 1594 1158 1635 quoad
1188 1593 1385 1624 conditiones

321 1644 468 1676 materiae
491 1653 557 1674 non
580 1643 786 1683 importantes
809 1640 1092 1681 imperfectionem.

380 1688 563 1719 Afferuntur
584 1693 692 1717 autem
715 1691 852 1726 quatuor
875 1684 1083 1720 conditiones,
1103 1682 1157 1713 sic.
1182 1682 1259 1712 Esse
1274 1682 1384 1713 intrin-

322 1743 431 1764 secum
458 1732 564 1773 genito
588 1741 653 1761 non
677 1730 833 1770 accipiens
857 1739 933 1765 esse,
958 1735 989 1759 et
1012 1726 1216 1766 praeexistere
1235 1736 1271 1757 ac
1290 1726 1385 1756 inexi-

322 1785 411 1813 stere,
437 1783 467 1807 et
489 1785 615 1806 manere
638 1775 724 1805 idem
746 1774 779 1804 in
798 1780 864 1804 tota
887 1771 1101 1813 generatione,
1126 1777 1156 1801 et
1175 1780 1241 1801 esse
1261 1771 1299 1801 de
1319 1780 1384 1811 quo

323 1822 465 1862 genitum
492 1825 671 1860 generatur,
701 1824 737 1848 ut
764 1818 796 1858 ly
824 1818 863 1848 de
890 1827 952 1857 quo
981 1814 1182 1855 distinguitur
1213 1821 1321 1845 contra
1348 1814 1388 1845 de

324 1866 438 1903 nihilo,
464 1863 657 1895 conveniunt
680 1861 830 1892 essentiae
854 1861 976 1891 divinae
1007 1866 1150 1899 respectu
1178 1858 1387 1898 generationis

323 1909 409 1940 Filii:
425 1915 456 1939 et
469 1914 543 1938 sunt
562 1906 687 1947 proprie
708 1905 906 1937 conditiones
925 1904 1088 1934 materiae:
1105 1912 1180 1942 ergo
1197 1903 1235 1933 de
1255 1902 1388 1933 essentia

323 1960 359 1984 ut
382 1952 519 1988 materia,
543 1951 594 1981 vel
616 1951 706 1991 quasi
729 1949 867 1986 materia,
892 1955 1059 1989 generatur
1082 1947 1190 1978 Filius.
1214 1964 1232 1970 -
1253 1949 1387 1978 Assum-

323 2005 425 2038 ptum,
449 1996 558 2037 quoad
581 1995 699 2033 omnia,
723 1993 940 2024 manifestatur
962 1991 1131 2022 inductive.
1155 1991 1197 2022 Et
1216 1991 1323 2032 quoad
1339 1990 1388 2021 ul-

323 2042 450 2079 timum,
474 2041 624 2081 probatur
649 2049 684 2069 ex
708 2038 879 2068 differentia
902 2037 981 2068 inter
1005 2035 1197 2067 creationem
1216 2042 1246 2066 et
1261 2044 1388 2075 genera-

323 2086 454 2124 tionem,
479 2084 567 2125 quod
590 2083 643 2113 illa
667 2083 705 2113 de
721 2082 811 2113 nullo
833 2081 986 2120 subiecto,
1010 2080 1086 2110 haec
1109 2079 1148 2110 de
1171 2078 1388 2120 praeexistenti

324 2130 464 2160 subiecto
489 2135 543 2159 est.

382 2173 594 2204 Adducuntur
617 2177 647 2201 et
670 2169 935 2202 confirmationes.
958 2168 990 2199 Si
1009 2169 1099 2199 Pater
1118 2167 1157 2198 de
1173 2174 1261 2208 parte
1280 2174 1335 2198 aut
1351 2167 1389 2198 de

325 2217 426 2248 aliena
449 2215 621 2247 substantia
644 2221 804 2255 generaret
823 2213 953 2251 Filium,
970 2213 1083 2253 procul
1102 2211 1200 2243 dubio
1217 2211 1390 2242 substantia

1436 492 1488 523 illa
1512 493 1639 524 haberet
1662 494 1818 524 rationem
1841 494 2005 525 materiae:
2031 505 2116 535 ergo,
2137 495 2163 526 si
2183 496 2221 526 de
2237 502 2304 527 tota
2327 503 2358 528 et
2377 498 2506 538 propria

1435 543 1582 576 generat,
1612 538 1745 568 eandem
1774 538 1868 570 habet
1895 539 2061 570 rationem.
2093 540 2216 570 Totum
2246 540 2332 571 enim
2361 547 2392 572 et
2414 552 2504 582 pars,

1436 581 1604 621 proprium
1628 588 1659 612 et
1682 581 1832 620 alienum,
1858 593 1924 613 non
1941 583 2062 614 variant
2085 584 2299 624 propositum.

1490 625 1532 655 Et
1548 624 1752 657 confirmatur
1768 636 1886 658 rursus.
1904 627 1989 664 Quia
2004 628 2138 658 essentia
2155 628 2264 668 recipit
2280 629 2507 669 proprietatem

1437 669 1674 700 consututivam
1697 670 1809 710 geniti,
1834 678 1864 702 et
1880 678 1926 702 est
1945 671 2036 712 quasi
2058 672 2201 712 potentia
2223 673 2347 712 passiva
2362 673 2395 703 in
2411 683 2504 713 gene-

1437 712 1574 743 ratione:
1600 713 1742 754 alioquin
1766 724 1833 745 non
1857 715 1946 745 omni
1974 715 2136 756 potentiae
2159 716 2277 747 activae
2301 717 2435 748 naturali
2457 727 2504 748 re-

1437 757 1607 797 sponderet
1629 757 1762 796 passiva.
1787 759 1873 799 Ergo
1897 759 1991 790 habet
2014 760 2170 791 rationem
2192 761 2351 791 materiae.

1497 800 1549 831 IV.
1574 801 1626 831 Ad
1648 801 1726 832 haec
1748 802 1881 833 breviter
1906 803 2019 834 dicitur
2043 805 2143 844 quod,
2163 804 2308 845 quamvis
2328 805 2506 836 secundum

1437 844 1515 884 quid
1538 844 1664 875 tolerari
1679 845 1782 885 possit
1804 846 1944 877 divinam
1959 848 2127 878 essentiam
2140 848 2256 879 habere
2272 849 2412 890 aliquam
2432 859 2506 880 con-

1438 888 1593 919 ditionem
1611 889 1760 920 materiae
1775 890 1808 920 in
1827 891 2038 930 generatione,
2054 899 2090 922 ut
2103 892 2138 922 in
2154 892 2225 923 dist.
2242 903 2262 923 v
2276 893 2384 931 Primi,
2401 903 2456 934 qu.
2469 904 2503 932 11,

1437 939 1493 963 art.
1511 943 1536 968 1,
1554 932 1703 964 sustinuit
1718 935 1855 970 Auct0r;
1872 934 2055 974 simpliciter
2070 942 2188 975 tamen,
2205 946 2280 967 cum
2293 937 2395 968 littera
2408 937 2505 968 huius

1438 976 1568 1013 articuli,
1594 977 1776 1017 negandum
1796 985 1842 1008 est
1856 977 1975 1009 Filium
1997 979 2141 1019 genitum
2156 980 2195 1010 de
2211 980 2315 1011 Patris.
2333 981 2505 1013 substantia

1438 1027 1475 1051 ut
1497 1020 1637 1059 materia,
1662 1028 1693 1052 et
1715 1021 1938 1052 affirmandum
1953 1029 1989 1053 ut
2004 1022 2117 1054 forma.
2130 1041 2149 1046 -
2163 1024 2230 1054 Nec
2253 1024 2359 1065 aliqua
2377 1025 2505 1065 propria

1439 1064 1579 1095 conditio
1604 1065 1752 1096 materiae
1776 1066 1913 1097 salvatur
1930 1066 1963 1096 in
1978 1066 2084 1097 divina
2098 1067 2241 1098 essentia.
2265 1068 2343 1098 Esse
2366 1068 2452 1099 enim
2465 1069 2506 1100 de

1438 1119 1518 1150 quo,
1543 1115 1579 1140 ut
1602 1109 1805 1150 distinguitur
1829 1117 1939 1141 contra
1960 1111 2001 1141 de
2024 1111 2144 1149 nihilo,
2173 1121 2240 1142 non
2263 1118 2310 1142 est
2336 1113 2505 1152 proprium

1439 1153 1597 1191 materiae,
1623 1154 1677 1184 sed
1694 1156 1944 1194 praeexistentis
1967 1156 2142 1193 intrinseci,
2163 1156 2253 1196 quod
2268 1163 2315 1187 est
2333 1166 2505 1188 commune

1439 1197 1560 1228 formae
1585 1204 1615 1228 et
1637 1198 1800 1235 materiae;
1825 1206 1861 1229 ut
1883 1205 1980 1239 patet,
2004 1199 2030 1229 si
2052 1198 2212 1239 fingamus
2229 1210 2265 1230 ex
2281 1200 2506 1240 praeexistente

1440 1241 1575 1272 Socratis
1595 1242 1701 1272 anima
1721 1250 1751 1274 et
1772 1253 1857 1273 nunc
1873 1253 1957 1273 nova
1977 1243 2107 1274 materia
2122 1242 2189 1274 fieri
2205 1254 2223 1274 a
2238 1244 2308 1274 Deo
2327 1243 2503 1282 Socratem

1439 1293 1516 1317 tunc
1532 1286 1616 1316 enirn
1634 1296 1700 1317 non
1716 1294 1880 1323 crearetur,
1897 1286 1972 1328 quia
1988 1297 2025 1318 ex
2040 1287 2266 1327 praeexistente
2281 1288 2390 1329 aliquo
2406 1287 2504 1327 fieret,

1439 1337 1470 1362 et
1493 1338 1599 1361 tamen
1623 1341 1689 1361 non
1712 1330 1800 1362 fieret
1823 1341 1860 1362 ex
1883 1331 1991 1372 aliquo
2016 1331 2169 1362 subiecto.
2197 1332 2259 1363 Sed
2282 1341 2368 1362 error
2390 1332 2424 1363 in
2446 1332 2505 1363 hac

1439 1382 1470 1406 et
1485 1375 1518 1405 in
1534 1375 1601 1405 aliis
1614 1375 1849 1406 conditionibus
1866 1375 1987 1414 accidit,
2003 1375 2088 1416 quia,
2102 1383 2138 1407 ut
2153 1376 2340 1416 plurimum,
2356 1376 2414 1407 ista
2426 1385 2504 1407 con—

1440 1419 1601 1450 suevimus
1625 1429 1681 1460 per
1700 1419 1888 1458 subiectum,
1906 1429 1961 1450 seu
1980 1419 2154 1456 materiam,
2171 1420 2342 1457 declarare;
2358 1427 2395 1451 ut
2410 1420 2505 1452 etiam

1439 1464 1471 1494 in
1495 1464 1556 1494 hoc
1579 1463 1712 1494 articulo
1736 1463 1785 1500 fit,
1806 1463 1860 1495 ubi
1883 1464 1922 1494 de
1945 1464 2043 1494 nihilo
2067 1474 2122 1504 per
2145 1464 2388 1504 proportionem
2408 1464 2449 1495 ad
2465 1464 2506 1496 de

1438 1507 1576 1538 subiecto
1600 1506 1808 1538 artificialium
1831 1508 2019 1546 declaratur3
2044 1518 2119 1538 cum
2142 1515 2248 1539 tamen
2264 1515 2447 1549 opponatur
2465 1508 2506 1540 ad

1439 1553 1479 1583 de
1501 1552 1625 1592 aliquo,
1651 1552 1714 1582 sive
1738 1559 1774 1582 ut
1796 1552 1937 1583 subiecto
1961 1552 2026 1582 sive
2049 1559 2085 1583 ut
2108 1552 2212 1583 forma
2235 1553 2470 1592 praeexistente.
2486 1569 2506 1576 -

1439 1596 1480 1627 Et
1495 1595 1638 1626 similiter
1659 1596 1798 1637 reliquae
1822 1603 1882 1627 tres
1907 1595 2104 1627 conditiones
2125 1606 2313 1627 communes
2329 1603 2403 1628 sunt
2417 1606 2506 1637 prae-

1440 1639 1582 1670 existenti
1605 1639 1784 1671 intrinseco.

1497 1684 1549 1714 Ad
1572 1683 1846 1715 confirmationem
1868 1690 1975 1715 autem
1990 1684 2029 1715 de
2045 1691 2132 1724 parte
2149 1691 2180 1716 et
2194 1684 2306 1722 alieno,
2323 1685 2507 1725 negandum

1441 1735 1487 1759 est
1509 1734 1720 1768 assumptum.
1744 1728 1785 1759 Et
1803 1728 1912 1768 quoad
1927 1728 2067 1759 alienum
2082 1728 2224 1770 quidem,
2243 1735 2331 1769 patet
2345 1729 2379 1759 in
2393 1735 2507 1760 natura

1440 1771 1592 1812 angelica:
1617 1772 1725 1812 quoad
1748 1778 1870 1812 partem
1892 1782 1978 1808 vero,
1999 1772 2031 1802 in
2048 1771 2175 1803 fictione
2196 1772 2352 1813 propositi
2371 1771 2507 1814 exempli

1441 1817 1479 1846 de
1503 1815 1641 1846 Socrate.

1499 1859 1550 1890 Ad
1569 1869 1605 1890 ea
1621 1866 1729 1890 autem
1748 1869 1828 1900 quae
1845 1859 1878 1890 in
1893 1859 2005 1890 ultima
2030 1858 2271 1891 confirmatione
2294 1859 2506 1900 adducuntur,

1441 1903 1624 1944 negandum
1652 1909 1698 1934 est
1726 1903 1893 1934 essentiam
1915 1905 2058 1944 recipere
2078 1905 2329 1944 proprietatem:
2351 1904 2508 1945 quoniam

1442 1954 1666 1988 comparantur
1690 1954 1726 1978 ut
1747 1947 1844 1986 idem,
1869 1954 1899 1979 et
1922 1958 1988 1978 non
2012 1955 2048 1979 ut
2070 1948 2224 1988 recipiens
2248 1955 2278 1979 et
2301 1955 2506 1989 receptum.—

1441 1991 1586 2022 Potentia
1609 2002 1740 2032 quoque
1762 1991 1886 2032 passiva
1908 1992 2021 2032 procul
2044 1999 2090 2022 est
2108 2002 2126 2022 a
2145 1992 2354 2033 productione
2373 1992 2507 2024 omnino

1442 2035 1646 2076 simplicium,
1671 2036 1710 2066 de
1734 2046 1874 2076 quorum
1898 2046 2033 2066 numero
2055 2043 2178 2067 constat
2196 2046 2262 2067 esse
2279 2036 2418 2067 divinam
2436 2047 2507 2078 per-

1442 2090 1565 2110 sonam.
1589 2080 1655 2110 Nec
1679 2079 1809 2120 aliquod
1833 2080 2057 2111 inconveniens
2082 2087 2128 2111 est
2150 2080 2336 2111 huiusmodi
2359 2080 2508 2121 potentiis

1443 2123 1549 2154 activis
1572 2134 1639 2154 non
1662 2124 1852 2164 respondere
1875 2124 2031 2165 passivas:
2063 2124 2178 2156 sufficit
2205 2125 2291 2155 enirn
2318 2125 2509 2166 respondere

1443 2167 1612 2204 terminos,
1637 2175 1673 2199 ut
1695 2168 1835 2208 potentia
1866 2168 2016 2208 creativa,
2045 2179 2126 2209 quae
2150 2175 2257 2200 tamen
2285 2169 2415 2200 inferior
2442 2175 2507 2206 est,

1443 2219 1582 2243 testatur.

1107 2355 1424 2398 ARTICULUS
1454 2355 1726 2408 QUARTUS

632 2440 634 2442 ’
653 2451 808 2482 UTRUM
832 2450 874 2480 IN
900 2449 1054 2481 DIVINIS
1078 2449 1144 2480 Sir
1168 2448 1390 2480 POTENTIA
1413 2447 1639 2479 RESPECTU
1661 2448 1848 2480 ACTUUM
1871 2447 2178 2480 NOTIONALIUM

1004 2528 1013 2552 1
1033 2528 1115 2557 Sent„
1136 2527 1195 2552 dist.
1213 2535 1258 2559 vn,
1277 2535 1322 2560 qu.
1341 2535 1358 2558 ι,
1378 2531 1424 2552 art.
1442 2534 1469 2558 1;
1490 2527 1532 2552 De
1552 2527 1619 2556 Pot„
1639 2534 1684 2559 qu.
1702 2534 1729 2557 u,
1749 2532 1795 2552 art.
1812 2535 1833 2552 ι.

534 2621 556 2645 D
577 2619 747 2651 QUARTUM
768 2619 820 2644 sxc
842 2619 1079 2644 paocam‘rua.
1101 2606 1261 2644 Videtur
1280 2605 1387 2655 quod

450 2650 514 2721 ἓξ,
535 2662 571 2698 in
614 2660 749 2698 divinis
795 2673 873 2697 non
915 2660 959 2697 sit
999 2660 1168 2709 potentia
1214 2666 1388 2709 respectu

343 2717 345 2722 '
373 2704 688 2758 *arfactuum
721 2713 982 2750 notionalium.
1023 2713 1160 2750 Omnis
1189 2713 1289 2750 enirn
1318 2725 1388 2762 po-

382 2742 479 2801 §²⁹53
493 2758 649 2804 tentia
677 2774 732 2803 est
759 2767 819 2803 vel
849 2766 987 2814 activa,
1015 2767 1078 2803 vel
1106 2765 1270 2815 passiva.
1310 2765 1387 2803 Sed

326 2827 459 2856 neutra
486 2819 546 2856 hic
575 2826 792 2868 competere
819 2826 959 2868 potest:
988 2819 1157 2868 potentia
1181 2818 1283 2856 enim
1302 2830 1386 2867 pas-

327 2872 407 2909 siva
435 2872 473 2909 in
506 2874 591 2910 Deo
626 2884 704 2910 non
734 2880 807 2919 est,
836 2880 878 2908 ut
905 2885 1020 2921 supra
1038 2871 1058 2894 '¹‘
1087 2880 1283 2909 ostensum
1314 2879 1385 2918 est;

325 2924 492 2974 potentia
517 2938 611 2963 vero
639 2924 760 2962 activa
789 2936 866 2962 non
897 2925 1078 2974 competit
1104 2925 1170 2962 uni
1198 2936 1386 2974 personae

328 2986 498 3026 respectu
528 2978 688 3025 alterius,
720 2990 806 3014 cum
830 2990 1018 3026 personae
1047 2977 1199 3015 divinae
1219 2989 1297 3015 non
1318 2978 1388 3014 sint

327 3031 456 3078 factae,
481 3038 522 3067 ut
549 3039 744 3068 ostensum
765 3038 819 3067 est
837 3031 867 3068 ³¹².
899 3032 999 3079 Ergo
1020 3031 1058 3068 in
1078 3031 1214 3069 divinis
1234 3043 1313 3068 non
1333 3037 1388 3068 est

326 3083 495 3132 potentia
522 3085 571 3121 ad
599 3091 703 3120 actus
732 3083 954 3120 notionales.

381 3148 415 3173 2.
436 3137 668 3184 PRAETEREA,
689 3136 857 3186 potentia
877 3136 1008 3173 dicitur
1028 3136 1076 3173 ad
1094 3136 1287 3186 possibile.
1310 3136 1387 3174 Sed

328 3189 477 3226 divinae
514 3201 700 3238 personae
729 3201 808 3226 non
846 3197 931 3226 sunt
960 3190 1007 3226 de
1036 3201 1198 3227 numero
1226 3189 1388 3239 possibi-

327 3242 430 3289 lium,
461 3242 528 3279 sed
548 3243 594 3279 de
615 3254 776 3279 numero
796 3242 1109 3279 necessariorum.
1140 3243 1242 3290 Ergo
1262 3254 1389 3291 respe-

328 3302 388 3331 ctu
408 3293 839 3341 actuum'notionalium,
870 3294 1008 3342 quibus
1029 3295 1179 3332 divinae
1198 3307 1387 3345 personae

326 3348 552 3395 procedunt,
584 3360 662 3384 non
690 3348 803 3384 debet
829 3347 921 3396 poni
949 3348 1116 3396 potentia
1143 3348 1180 3385 in
1210 3347 1354 3385 divinis.

383 3401 415 3436 3.
437 3401 668 3447 Pmarzam,
691 3400 803 3436 Filius
826 3401 996 3448 procedit
1019 3408 1060 3437 ut
1078 3401 1261 3447 Verbum,
1283 3400 1387 3450 quod

329 3460 383 3488 est
411 3453 606 3501 conceptio
636 3453 857 3490 intellectus:
889 3453 1047 3502 Spiritus
1074 3462 1201 3490 autem
1227 3454 1387 3490 Sanctus

326 3505 495 3552 procedit
530 3513 571 3542 ut
598 3508 740 3552 Amor,
770 3505 835 3554 qui
863 3506 1023 3554 pertinet
1056 3506 1105 3543 ad
1135 3507 1385 3544 voluntatem.

329 3557 402 3593 Sed
427 3558 593 3606 potentia
622 3558 658 3594 in
686 3559 770 3594 Deo
802 3558 936 3595 dicitur
963 3572 1031 3608 per
1060 3559 1386 3608 comparationem

328 3610 377 3646 ad
406 3610 577 3657 effectus,
607 3623 683 3647 non
722 3618 848 3648 autern
881 3624 950 3660 per
983 3612 1309 3661 comparationem
1339 3611 1387 3648 ad

363 2627 417 2661 5⁸³
438 2626 495 2658 2:⁴2<

1442 2605 1646 2654 intelligere
1676 2613 1713 2642 et
1738 2606 1850 2653 velle,
1869 2614 1912 2643 ut
1935 2618 2050 2655 supra
2067 2606 2088 2628 '¹‘
2115 2606 2289 2645 habitum
2310 2614 2375 2646 est.
2406 2608 2509 2657 Ergo

1441 2659 1480 2696 in
1509 2658 1645 2696 divinis
1674 2671 1753 2696 non
1782 2659 1895 2696 debet
1924 2658 1996 2696 dici
2023 2659 2195 2708 potentia
2222 2672 2292 2709 per
2311 2673 2510 2711 compara-

1441 2712 1586 2749 tionem
1615 2711 1664 2748 ad
1693 2719 1798 2748 actus
1827 2712 2049 2750 notionales.

1496 2766 1570 2802 SED
1599 2776 1744 2802 CONTRA
1772 2777 1839 2802 EST
1866 2765 1971 2814 quod
1992 2765 2079 2803 dicit
2097 2766 2342 2814 Augustinus,
2368 2767 2509 2804 Contra

1441 2818 1702 2856 Maximinum
1718 2819 1946 2856 haereticum
1956 2818 1992 2855 *ε
2009 2819 2052 2855 Si
2058 2819 2162 2856 Deus
2175 2819 2289 2856 Pater
2303 2831 2378 2857 non
2386 2820 2512 2869 potuit

1440 2882 1629 2921 generare
1655 2871 1794 2908 Filium
1822 2871 1893 2908 sibi
1919 2872 2128 2921 aequalem,
2163 2872 2228 2908 uhi
2253 2878 2307 2909 est
2338 2873 2509 2922 omnipo-

1441 2925 1553 2962 tentia
1577 2924 1653 2961 Dei
1673 2923 1827 2961 Patris?
1854 2925 1922 2961 Est
1942 2936 2031 2972 ergo
2050 2924 2089 2962 in
2109 2924 2243 2962 divinis
2263 2925 2431 2974 potentia
2451 2937 2507 2963 re-

1441 2985 1573 3026 spectu
1601 2983 1756 3015 actuum
1785 2977 2046 3015 notionalium.

1495 3032 1720 3067 Rnspomnao
1741 3042 1925 3067 DICENDUM
1945 3030 2062 3080 quod,
2079 3029 2173 3067 sicut
2191 3038 2386 3079 ponuntur
2400 3037 2505 3068 actus

1441 3083 1654 3120 notionales
1668 3083 1706 3120 in
1722 3083 1868 3130 divinis,
1886 3083 1935 3120 ita
1956 3094 2111 3120 necesse
2132 3090 2188 3120 est
2206 3083 2257 3120 ibi
2275 3095 2420 3134 ponere
2438 3095 2507 3134 po-

1441 3136 1597 3173 tentiam
1614 3143 1787 3186 respectu
1806 3136 2026 3174 huiusmodi
2041 3143 2212 3174 actuum:
2235 3149 2323 3174 curn
2337 3137 2507 3186 potentia

1441 3189 1531 3226 nihil
1545 3189 1645 3227 aliud
1657 3188 1841 3237 significet
1851 3201 1967 3238 quam
1981 3189 2208 3239 principium
2219 3189 2376 3227 alicuius
2387 3197 2504 3227 actus.

1441 3242 1563 3288 Unde,
1585 3254 1673 3279 cum
1693 3243 1846 3279 Patrem
1866 3242 2116 3291 intelligamus
2135 3250 2177 3279 ut
2195 3242 2419 3292 principium
2443 3254 2506 3292 ge-

1441 3295 1660 3342 nerationis,
1683 3302 1719 3332 et
1738 3296 1890 3332 Patrem
1911 3302 1948 3332 et
1966 3294 2102 3333 Filium
2124 3302 2166 3332 ut
2184 3295 2413 3345 principium
2433 3294 2506 3345 spi-

1441 3348 1604 3395 rationis,
1622 3360 1777 3385 necesse
1793 3355 1849 3385 est
1867 3347 1972 3396 quod
1987 3347 2087 3384 Patri
2107 3348 2358 3387 ,attribuamus
2372 3352 2506 3397 poten-

1439 3401 1530 3437 tiam
1546 3401 1763 3448 generandi,
1777 3409 1812 3438 et
1827 3401 1927 3438 Patri
1944 3408 1979 3437 et
1990 3400 2084 3437 Filio
2099 3401 2310 3449 potentiam
2326 3401 2504 3450 spirandi.

1442 3453 1541 3500 Quia
1560 3454 1727 3503 potentia
1747 3453 1952 3502 generandi
1972 3453 2157 3501 significat
2170 3454 2206 3492 id
2221 3466 2300 3503 quo
2319 3465 2505 3503 generans

1441 3513 1614 3553 generat:
1645 3518 1761 3543 omne
1796 3513 1924 3543 autem
1951 3518 2137 3554 generans
2170 3513 2325 3554 generat
2356 3506 2503 3555 aliquo:

1439 3559 1543 3595 unde
1563 3559 1599 3595 in
1621 3559 1724 3595 omni
1744 3566 1948 3606 generante
1969 3567 2118 3608 oportet
2135 3571 2279 3609 ponere
2295 3558 2503 3608 potentiam

1441 3611 1656 3658 generandi,
1679 3619 1715 3647 et
1738 3611 1776 3648 in
1801 3611 1963 3660 spirante
1983 3612 2191 3660 potentiam
2221 3611 2395 3660 spirandi.

2537 2620 2548 2632 ·
2559 2619 2607 2648 Qu.
2617 2625 2672 2648 xxv,
2683 2624 2749 2650 art-1,

2535 2646 2640 2675 “3⁷⁴-

2540 2827 2550 2837 ·
2560 2826 2612 2849 ub.
2622 2827 2644 2850 11
2654 2828 2689 2854 (ιι.
2698 2827 2747 2856 ιω,

2535 2858 2587 2882 cap.
2597 2859 2638 2876 vu.
