2768 4178
76 1714 87 1725 ⁴
98 1714 187 1743 Cap.n.
196 1726 207 1731 -
218 1714 290 1737 S.Th.

76 1741 130 1762 lect.
141 1747 166 1763 ιιι
183 1747 235 1769 sqq.

323 296 400 342 284

978 295 1246 342 QUAESTIO
1277 297 1419 345 XXIII,
1449 298 1748 336 ARTICULUS
1777 299 1863 336 VIII

321 376 436 416 speciei
453 375 596 410 salutem,
614 374 654 404 ad
670 373 854 404 universum
871 381 1023 414 spectant.
1042 375 1083 405 Et
1106 385 1143 406 ex
1161 375 1223 406 hoc
1241 375 1389 407 inseritur
1445 377 1534 408 cibus
1557 378 1744 418 corporibus
1763 385 1800 409 ut
1818 379 1862 410 sic
1878 386 1961 415 sunt,
1979 379 2034 409 sed
2057 389 2094 410 ex
2113 379 2216 410 altiori
2236 380 2375 421 quadam
2393 389 2516 418 natura,

322 420 525 451 corollarium
549 418 708 459 pertinens
732 418 772 448 ad
794 419 1029 458 providentiam
1052 419 1127 450 Dei:
1160 420 1278 451 scilicet
1300 421 1389 461 quod

321 475 473 495 numerus
496 462 736 493 individuorum
768 463 1023 503 corruptibilium
1053 470 1137 494 extra
1169 464 1308 504 speciem
1330 465 1391 495 hu-

321 519 459 545 manam,
477 514 523 538 est
542 507 611 537 Deo
636 513 748 543 certus,
769 516 835 537 non
858 507 1103 548 praedefinstive,
1124 508 1179 538 sed
1195 518 1390 549 praecogno-

321 553 444 589 scitive;
469 561 621 582 numerus
640 557 748 582 autem
772 551 949 592 specierum
973 559 1110 592 utroque
1130 552 1230 583 modo
1255 559 1302 583 est
1319 553 1390 583 Deo

321 605 441 634 certus,
473 603 503 627 et
534 595 677 626 similiter
708 605 861 626 numerus
891 596 1142 633 elementorum,
1175 603 1333 627 astrorum
1360 604 1391 628 et

320 642 536 682 sphaerarum.
554 658 574 662 —
590 640 711 678 Quinta
726 640 858 671 demum
874 641 1044 680 probatur:
1069 640 1145 681 quia
1161 648 1319 672 creaturae
1342 652 1389 672 ra-

320 686 454 717 tionales
477 684 706 716 beatitudinem
734 691 975 725 consequentes,
1001 684 1188 716 ordinantur
1202 686 1243 715 ad
1265 687 1390 717 bonum

320 730 458 761 universi
477 739 551 770 prae
575 729 683 760 ceteris
708 729 865 760 creaturis.
883 729 981 766 Quod
1001 729 1166 769 probatur:
1192 730 1268 770 quia
1291 740 1328 761 ex
1351 740 1390 760 eo

319 775 409 816 quod
425 773 601 810 rationales,
616 781 690 804 sunt
706 773 889 814 simpliciter
904 773 1158 814 incorruptibiles
1171 780 1207 804 ut
1223 774 1283 811 sic;
1299 784 1336 804 ex
1351 784 1389 804 eo

320 826 428 850 autem
447 818 535 860 quod
554 817 782 849 beatitudinem
799 824 1048 858 consequuntur,
1068 817 1283 848 immediatius
1298 817 1391 849 attin-

319 870 399 904 gunt
422 863 529 904 ipsum
553 863 705 893 ultimum
727 861 826 892 finem
849 861 947 892 totius
970 862 1119 898 universi,
1140 862 1258 893 scilicet
1272 863 1388 893 Deum.

379 908 431 939 111.
455 908 548 939 Circa
571 907 775 943 antecedens,
808 906 944 937 dubium
968 906 1105 937 occurrit
1132 913 1263 947 propter
1285 906 1390 937 infini-

320 959 418 983 tatem
442 958 560 983 motus.
586 951 720 982 Constat
744 950 830 981 enim
845 952 946 992 quod,
967 951 1053 992 apud
1076 951 1299 992 philosophos,
1320 961 1390 981 mo-

320 1004 404 1028 tores
428 996 555 1027 orbium
578 996 748 1026 intendunt
771 1005 896 1035 semper
919 1004 1066 1032 movere;
1099 1002 1129 1026 et
1160 1002 1391 1036 consequenter

320 1041 488 1072 intendunt
504 1040 603 1070 facere
623 1039 770 1070 effectum
788 1039 960 1070 infinitum.
985 1039 1026 1070 Et
1044 1047 1150 1070 tamen
1170 1039 1202 1070 in
1221 1039 1322 1070 littera
1341 1050 1389 1071 as—

321 1085 458 1116 sumitur
476 1085 566 1125 quod
585 1093 681 1114 omne
701 1093 795 1124 agens
814 1082 949 1114 intendit
969 1083 1069 1114 facere
1088 1083 1225 1115 finitum.

378 1129 430 1160 Ad
453 1129 515 1159 hoc
544 1128 710 1169 dupliciter
733 1128 954 1168 respondetur.
983 1129 1113 1166 Primo,
1138 1129 1228 1169 quod
1258 1129 1320 1160 hoc
1343 1139 1390 1159 as-

321 1180 487 1214 sumptum
511 1173 696 1213 intelligitur
715 1173 753 1203 de
773 1172 884 1203 effectu
908 1173 942 1203 in
964 1179 1054 1203 actu:
1078 1173 1118 1203 de
1137 1173 1191 1204 tali
1210 1173 1297 1204 enim
1316 1183 1389 1214 pro-

320 1219 430 1250 batum
453 1224 500 1248 est
522 1217 556 1248 in
580 1227 635 1260 qu.
650 1228 703 1253 vn,
728 1217 819 1258 quod
846 1227 912 1247 non
935 1223 1041 1257 potest
1067 1217 1190 1248 intendi
1218 1218 1257 1248 ab
1279 1218 1389 1259 aliquo

320 1270 440 1303 agente.
469 1261 578 1293 Motus
602 1269 710 1293 autern
734 1261 820 1298 caeli,
845 1268 969 1292 constat
987 1262 1077 1302 quod
1093 1272 1160 1293 non
1183 1269 1230 1293 est
1247 1261 1390 1293 infinitus

318 1308 351 1338 in
376 1314 463 1338 actu:
489 1313 519 1337 et
542 1313 709 1347 propterea
732 1316 798 1336 non
822 1307 926 1337 obstat
949 1306 1128 1347 proposito.

375 1351 522 1382 Dicerent
543 1351 683 1382 secundo
706 1349 902 1391 philosophi,
919 1351 1008 1391 quod
1024 1358 1165 1382 motores
1181 1350 1309 1382 orbium
1323 1361 1390 1382 non

318 1396 487 1427 intendunt
510 1405 566 1436 per
589 1404 622 1426 se
644 1395 750 1436 primo
774 1395 993 1426 circulationes
1016 1394 1164 1432 infinitas,
1189 1395 1244 1426 sed
1267 1395 1390 1426 assimi-

318 1441 471 1471 lationem
489 1439 530 1471 ad
553 1439 659 1471 Deum
682 1440 716 1470 in
740 1440 900 1471 causando
924 1439 998 1477 alia;
1023 1449 1106 1481 quae
1130 1440 1205 1481 quia
1228 1441 1390 1471 movendo

319 1491 532 1521 conservatur,
549 1484 621 1516 ideo
645 1484 736 1525 quasi
760 1493 818 1525 per
833 1483 978 1515 accidens
993 1484 1164 1516 intendunt
1179 1494 1306 1525 semper
1321 1494 1391 1516 mo-

318 1538 404 1566 vere;
430 1536 583 1570 tanquam
605 1528 747 1559 infinitae
770 1528 989 1560 circulationes
1013 1539 1080 1560 non
1103 1529 1167 1559 sint
1189 1536 1319 1570 propter
1342 1539 1389 1566 se,

319 1574 375 1604 sed
391 1573 466 1615 quia
482 1580 530 1604 tot
545 1572 749 1614 requiruntur
768 1572 808 1603 ad
823 1579 990 1604 motorum
1013 1573 1241 1614 perfectionem
1266 1583 1391 1604 conser-

318 1619 465 1654 vandam,
490 1627 546 1649 seu
571 1616 819 1654 diffundendam,
840 1617 948 1658 quoad
966 1617 1073 1649 Deum
1092 1617 1280 1658 gloriosum.

375 1662 428 1694 IV.
454 1662 546 1693 Circa
569 1662 815 1694 declarationem
838 1661 978 1703 partium
1000 1662 1153 1699 universi,
1179 1663 1314 1693 dubium
1337 1673 1390 1693 oc-

319 1707 424 1739 currit.
449 1707 613 1745 Quoniam
632 1707 665 1737 in
681 1706 694 1737 1
714 1707 805 1738 Caeli
819 1704 845 1743 *,
866 1707 1050 1738 Aristoteles
1066 1714 1096 1738 et
1119 1718 1144 1738 s.
1161 1707 1306 1738 Thomas
1322 1716 1390 1738 cor-

319 1763 399 1793 pora
421 1759 548 1783 tantum
579 1751 733 1792 simplicia
762 1757 864 1792 partes
887 1752 1067 1783 secundum
1089 1751 1229 1792 speciem
1254 1751 1391 1783 universi

319 1803 463 1837 ponunt:
488 1796 539 1827 hic
563 1803 670 1827 autem
694 1797 911 1836 adiunguntur
934 1796 1054 1837 species
1078 1796 1264 1835 mixtorum,
1289 1803 1320 1827 et
1337 1806 1390 1827 ve—

319 1841 504 1882 getabilium
528 1848 558 1871 et
581 1840 778 1871 animalium.

379 1885 431 1916 Ad
453 1885 516 1916 hoc
540 1885 707 1926 dupliciter
730 1885 791 1916 dici
815 1891 929 1926 potest.
954 1885 1074 1920 Primo,
1100 1885 1190 1926 quod
1213 1884 1246 1915 in
1266 1885 1278 1915 1
1301 1885 1391 1916 Caeli

320 1937 367 1961 est
391 1936 496 1960 sermo
520 1930 559 1960 de
583 1929 776 1970 perfectione
803 1928 1008 1961 substantiali
1031 1928 1184 1960 universi:
1209 1929 1259 1959 hic
1282 1936 1391 1960 autem

320 1976 359 2005 de
383 1974 576 2015 perfectione
599 1975 693 2015 quasi
715 1983 780 2015 per
802 1974 930 2005 modum
950 1975 1124 2014 passionis.
1154 1974 1282 2004 Habent
1305 1973 1391 2004 enim

320 2030 354 2050 se
377 2029 490 2050 omnes
514 2019 693 2059 corporales
717 2018 837 2059 species
861 2018 900 2048 ad
925 2018 1080 2058 simplicia
1102 2027 1246 2059 corpora,
1269 2024 1305 2048 ut
1319 2028 1390 2058 pas-

321 2064 425 2095 siones
449 2063 489 2094 ad
513 2063 702 2097 subiectum.
727 2063 807 2094 dum
830 2073 867 2094 ex
890 2062 934 2094 eis
959 2070 989 2094 et
1012 2062 1111 2094 active
1135 2070 1166 2094 et
1188 2062 1391 2093 materialiter

320 2107 402 2139 fiunt
425 2114 456 2139 et
479 2114 633 2138 constant.

379 2151 525 2183 Secundo
550 2151 672 2188 dicitur,
697 2151 786 2192 quod
810 2151 995 2182 universum
1019 2158 1124 2192 potest
1147 2151 1230 2182 sumi
1255 2150 1390 2192 duplici-

321 2203 377 2227 ter.
412 2196 488 2227 Uno
515 2196 632 2232 modo,
657 2206 716 2236 pro
748 2196 898 2227 universo
932 2205 1086 2236 corporeo
1119 2200 1155 2226 ut
1181 2197 1247 2226 sic:
1275 2202 1306 2226 et
1329 2196 1391 2226 hoc

322 2241 421 2271 modo
445 2247 594 2271 tractatur
616 2240 649 2270 in
673 2240 685 2270 I
713 2240 813 2271 Caeli.
838 2240 879 2270 Et
895 2240 1099 2271 constituitur
1118 2250 1154 2272 ex
1173 2239 1249 2270 solis
1269 2240 1390 2280 simpli-

309 2285 410 2316 ‘cibus
434 2285 636 2325 corporibus:
668 2285 822 2325 quoniam
850 2284 939 2314 nulla
967 2283 1164 2324 corpulentia
1191 2291 1238 2315 est
1265 2284 1298 2314 in
1321 2284 1391 2314 uni-

321 2339 412 2360 verso
437 2329 496 2359 nisi
524 2329 719 2369 simplicium
747 2337 939 2369 corporum;
969 2328 1075 2359 omnis
1103 2328 1189 2358 enim
1217 2327 1391 2359 mixtorum

323 2373 494 2414 corporalis
518 2373 647 2404 materia
671 2383 708 2404 ex
731 2372 893 2404 elementis
917 2379 972 2404 est.
998 2372 1073 2403 Alio
1097 2372 1212 2409 modo,
1236 2382 1295 2412 pro
1321 2373 1391 2403 uni-

323 2428 415 2449 verso
432 2417 663 2458 perfectionis:
686 2424 716 2448 et
739 2417 782 2448 sic
802 2423 951 2448 tractatur
966 2416 1028 2448 hic.
1053 2416 1095 2447 Et
1116 2417 1156 2446 ad
1174 2416 1242 2447 eius
1265 2416 1392 2456 integri-

322 2469 419 2493 tatem
443 2463 610 2502 exiguntur
634 2472 746 2492 omnes
771 2461 904 2502 species,
930 2468 966 2492 ut
988 2461 1021 2492 in
1046 2461 1148 2492 littera
1172 2460 1301 2492 dicitur:
1326 2471 1392 2491 non

323 2507 409 2537 enim
431 2507 640 2548 perfectiones
664 2506 826 2547 specificae
855 2515 1028 2547 corporum
1051 2505 1188 2537 istorum
1211 2515 1248 2536 ex
1271 2505 1392 2545 simpli-

1445 428 1481 452 ut
1499 428 1585 462 patet
1604 422 1643 452 de
1661 422 1855 462 perfectione
1873 423 1971 454 vitali.

1503 466 1542 497 V.
1568 466 1659 497 Circa
1682 467 1922 498 conclusionem
1945 467 2065 508 ipsam,
2084 467 2208 498 adverte
2232 468 2322 509 quod
2344 470 2514 507 Aureolus,

1445 510 1531 550 apud
1559 509 1771 551 capreolum,
1797 511 1829 542 in
1851 522 1890 542 xt.
1914 511 2116 542 distinctione
2145 511 2242 542 Primi
2257 512 2288 549 *,
2314 522 2385 543 eam
2408 513 2517 545 nititur

1444 554 1642 595 impugnare.
1668 555 1730 585 Sed
1753 556 1908 596 quoniam
1932 565 1999 586 non
2022 556 2125 596 arguit
2148 566 2185 586 ex
2207 556 2344 597 propriis
2364 557 2438 588 certi
2456 567 2516 588 nu-

1445 599 1541 635 meri,
1572 599 1627 630 sed
1657 609 1694 630 ex
1717 600 1943 631 communibus
1969 600 2199 640 pertinentibus
2225 601 2264 631 ad
2293 600 2516 632 discretionem

1445 643 1751 683 praedestinatorum
1767 655 1786 675 a
1801 645 1953 685 reprobis,
1971 651 2002 676 et
2024 644 2212 686 aequivocat
2230 645 2269 675 de
2284 643 2348 676 fine
2367 645 2514 683 universi,

1445 694 1476 718 et
1497 687 1575 718 haec
1599 688 1744 728 superius
1759 688 1777 708 *
1799 695 1916 729 patent,
1941 689 2058 720 idcirco
2082 689 2370 729 pertranseundum
2390 690 2514 721 censui:

1445 741 1482 762 ex
1500 731 1549 762 his
1573 732 1659 762 enim
1683 732 1773 763 facile
1796 739 1882 773 patet
1905 733 2053 764 omnium
2077 733 2206 764 solutio.

1502 775 1556 806 VI.
1574 776 1692 813 Quoad
1707 777 1882 808 secundum
1893 777 1920 814 *,
1938 784 1984 808 est
1999 777 2076 808 haec
2093 777 2273 808 conclusio:
2293 778 2455 808 Numerus
2471 788 2517 809 re-

1445 820 1623 859 proborum
1639 830 1706 851 non
1723 827 1770 851 est
1788 821 1923 852 omnino
1940 821 1984 852 sic
2000 829 2113 853 certus.
2127 839 2145 845 -
2162 822 2203 852 Et
2217 823 2379 862 probatur.
2399 822 2515 853 Electis

1445 862 1555 894 omnia
1578 871 1792 904 cooperantur
1814 865 1848 895 in
1871 866 2012 896 bonum:
2044 876 2119 906 ergo
2147 866 2274 907 reprobi
2302 867 2516 907 praeordinati

1445 914 1520 938 sunt
1542 918 1560 938 a
1578 907 1649 938 Deo
1672 908 1707 939 in
1729 909 1853 940 bonum
1876 910 2065 941 electorum:
2090 920 2165 951 ergo
2189 920 2342 942 numerus
2362 912 2516 951 reprobo·

1445 962 1518 982 rum
1537 962 1605 982 non
1624 959 1670 983 est
1688 952 1732 983 sic
1751 953 1886 984 omnino
1907 961 2020 985 cemus.

1502 997 1640 1028 Adverte
1658 996 1710 1027 hic
1733 996 1766 1038 ly
1788 998 1835 1028 sic
1853 998 1993 1029 omnino.
2018 998 2054 1028 In
2070 998 2212 1038 reprobis
2232 998 2318 1030 enim
2337 1006 2412 1030 sunt
2431 999 2511 1030 duo:

1446 1040 1564 1072 scilicet
1577 1040 1647 1081 ipsa
1669 1047 1791 1078 natura,
1809 1047 1840 1071 et
1862 1041 1895 1071 id
1918 1042 2008 1083 quod
2031 1042 2167 1082 pertinet
2189 1043 2230 1073 ad
2249 1053 2316 1074 esse
2329 1044 2513 1085 reprobum.

1446 1085 1563 1123 Quoad
1587 1092 1748 1122 naturam,
1778 1085 1893 1116 eodem
1916 1086 2016 1116 modo
2045 1085 2269 1126 praedefinitus
2293 1094 2340 1118 est
2362 1098 2516 1119 numerus

1445 1130 1619 1161 electorum
1643 1136 1674 1160 et
1696 1130 1924 1170 reproborum:
1954 1130 2110 1171 quoniam
2137 1130 2264 1171 utrique
2293 1131 2437 1162 eiusdem
2459 1142 2516 1163 na-

1444 1181 1533 1205 turae
1558 1181 1632 1205 sunt
1653 1173 1918 1214 incorruptibilis,
1943 1174 2121 1211 rationalis,
2146 1182 2204 1205 etc.
2237 1175 2355 1212 Quoad
2380 1176 2516 1216 gratuita

1444 1229 1530 1255 vero,
1548 1219 1630 1250 sicut
1646 1218 1735 1249 electi
1750 1218 1948 1260 praedefinita·
1966 1226 2042 1250 sunt
2057 1225 2188 1260 propter
2203 1219 2335 1260 seipsos,
2348 1226 2385 1251 ut
2399 1219 2517 1253 scilicet

1445 1263 1582 1304 propriis
1605 1263 1726 1294 actibus
1749 1270 1845 1304 atque
1869 1263 2012 1294 felicibus
2036 1263 2188 1294 ultimum
2211 1262 2310 1294 finem
2333 1263 2517 1305 simpliciter

1446 1307 1615 1349 attingant;
1640 1307 1766 1348 reprobi
1789 1317 1875 1344 vero,
1893 1307 1983 1349 quasi
1997 1307 2193 1338 irrationales
2209 1315 2378 1345 creaturae,
2398 1307 2516 1349 provisi

1445 1359 1529 1389 sunt,
1547 1362 1613 1383 non
1637 1352 1676 1382 ad
1704 1352 1827 1382 bonum
1850 1352 2018 1392 proprium
2041 1349 2212 1394 (quoniam
2234 1351 2381 1384 felicitate
2403 1352 2517 1393 privati

1445 1395 1544 1439 sunt),
1569 1396 1624 1427 sed
1647 1396 1798 1433 alienum,
1814 1396 1931 1427 scilicet
1953 1397 2012 1427 Dei
2036 1403 2067 1427 et
2081 1397 2272 1427 electorum:
2297 1396 2341 1428 ita
2363 1404 2517 1428 numerus

1447 1441 1620 1472 electorum
1645 1447 1692 1472 est
1715 1447 1817 1472 certus
1841 1447 1972 1482 propter
1994 1451 2037 1478 se,
2062 1451 2215 1472 numerus
2239 1441 2347 1474 autem
2365 1441 2517 1482 reprobo-

1445 1495 1518 1516 rum
1542 1492 1672 1526 propter
1694 1485 1798 1522 aliud,
1822 1485 1903 1517 idest
1928 1485 2056 1517 electos.
2085 1485 2188 1522 Unde,
2213 1485 2445 1526 considerando
2469 1495 2517 1516 re-

1446 1530 1565 1570 probos
1588 1529 1710 1560 ratione
1733 1529 1886 1566 subiecti,
1918 1529 2053 1561 dicimus
2082 1530 2172 1571 quod
2202 1536 2249 1560 est
2276 1537 2379 1562 certus
2403 1539 2517 1565 eorum

1445 1584 1599 1605 numerus
1616 1573 1712 1605 etiam
1727 1573 1973 1615 praedefinitive.
1987 1574 2228 1605 Considerando
2246 1581 2353 1605 autem
2370 1584 2424 1605 eos
2439 1583 2517 1617 qua-

1444 1626 1538 1649 tenus
1562 1617 1688 1659 reprobi
1711 1625 1800 1655 sunt,
1830 1618 1966 1654 dicimus
1990 1618 2079 1660 quod
2103 1628 2170 1649 non
2194 1625 2269 1649 sunt
2290 1618 2324 1650 in
2348 1625 2433 1649 certo
2457 1626 2516 1650 nu—

1444 1673 1535 1694 mero
1550 1662 1799 1704 praedefinitive;
1824 1662 1880 1693 sed
1897 1663 1989 1704 quasi
2006 1669 2054 1694 tot
2069 1663 2174 1693 divina
2193 1662 2393 1703 providentia
2409 1670 2517 1703 repro·

1445 1708 1493 1738 bis
1516 1707 1625 1743 utitur,
1653 1714 1734 1748 quot
1764 1707 1804 1738 ad
1827 1707 2003 1738 electorum
2030 1708 2155 1739 bonum
2179 1706 2322 1739 conferre
2351 1706 2516 1748 conspicit.

1445 1753 1487 1783 Et
1502 1752 1583 1783 hanc
1599 1751 1836 1783 distinctionem
1852 1762 1908 1792 per
1925 1752 1980 1782 illa
1997 1752 2102 1788 verba,
2119 1761 2182 1782 non
2198 1752 2246 1782 sic
2260 1757 2368 1785 autem
2385 1752 2516 1783 omnino

1446 1802 1503 1834 est,
1524 1796 1658 1827 intendit
1676 1796 1789 1827 littera.
1813 1795 1930 1827 Dicens
1946 1795 2033 1826 enim
2057 1806 2120 1826 non
2139 1796 2196 1833 sic,
2213 1795 2344 1827 exclusit
2360 1795 2516 1837 reprobos

1446 1851 1461 1871 a
1479 1840 1708 1881 principalibus
1724 1847 1755 1871 et
1769 1850 1826 1880 per
1842 1850 1875 1870 se
1891 1839 1997 1880 primo
2014 1839 2156 1880 partibus
2173 1839 2326 1876 universi;
2351 1849 2517 1880 apponens

1446 1892 1554 1916 autem
1570 1885 1603 1926 ly
1621 1885 1763 1922 omnino,
1781 1884 1896 1915 exemit
1912 1893 1967 1914 eos
1981 1893 2000 1914 a
2017 1883 2158 1924 partibus
2173 1893 2253 1924 pure
2268 1890 2400 1924 propter
2414 1882 2516 1920 aliurn

1444 1936 1476 1960 et
1491 1929 1535 1960 sic
1547 1928 1638 1970 quasi
1653 1929 1778 1959 medios
1791 1928 1916 1965 locavit,
1929 1936 2059 1969 propter
2072 1927 2402 1969 incorruptibilitatem
2415 1927 2518 1959 subie-

1445 1973 1504 2010 cti,
1529 1980 1604 2010 etc.‚
1629 1980 1665 2004 ut
1688 1973 1835 2004 diximus.
2475 1972 2482 1977 ‘

1498 2018 1566 2050 vn.
1577 2018 1695 2055 Quoad
1707 2019 1837 2048 tertium
1845 2016 1871 2054 *,
1883 2023 2032 2048 tractatur
2045 2026 2198 2048 numerus
2210 2015 2518 2057 praedestinatorum

1444 2062 1627 2099 hominum,
1639 2072 1680 2092 an
1693 2062 1786 2092 nobis
1802 2062 1841 2092 sit
1853 2068 1967 2092 certus.
1982 2061 2239 2102 Referunturque
2255 2067 2316 2092 tres
2332 2059 2515 2101 opiniones:

1445 2114 1476 2138 et
1492 2107 1579 2137 nulla
1596 2116 1706 2137 earum
1722 2107 1926 2147 approbatur,
1944 2105 1999 2136 sed
2014 2111 2126 2147 quarta
2141 2105 2314 2147 apponitur
2329 2104 2452 2136 meliori

1503 2151 1641 2182 Adverte
1664 2150 1724 2188 hic,
1741 2150 1831 2192 quod
1854 2149 2023 2192 opiniones
2047 2150 2123 2181 istae
2140 2159 2206 2180 non
2229 2148 2515 2190 reprehenduntur.

1445 2196 1534 2226 Tum
1549 2195 1625 2236 quia
1634 2195 1667 2225 in
1681 2195 1810 2226 materia
1819 2195 1911 2225 valde
1928 2194 2034 2231 dubia,
2047 2201 2079 2226 et
2090 2203 2147 2235 per
2157 2193 2380 2225 certitudinem
2391 2192 2517 2225 oemlta

1444 2239 1555 2275 nobis,
1580 2239 1741 2279 opinative
1763 2239 1863 2270 locuti
1887 2245 1962 2269 sunt
1985 2245 2140 2270 auctores.
2165 2239 2255 2269 Tum
2277 2238 2353 2279 quia
2371 2239 2516 2270 auctme-

1446 2283 1639 2324 opinionum
1662 2283 1776 2313 harum
1792 2283 1938 2319 illustres,
1958 2293 1994 2313 ac
2015 2283 2111 2313 etiam
2126 2282 2225 2313 sancu'
2242 2282 2389 2313 videntur
2405 2281 2515 2313 fuisse:

1446 2327 1619 2358 secundam
1642 2337 1782 2368 namque
1806 2326 1995 2367 opinionem
2018 2324 2190 2367 Gregorii*
2207 2336 2274 2357 esse
2294 2333 2425 2358 constat.
2448 2326 2516 2358 Me-

1445 2371 1507 2402 lior
1521 2378 1630 2402 autem
1646 2371 1797 2402 omnibus
1811 2378 1923 2412 quarta
1936 2370 2060 2407 dicitur,
2074 2369 2150 2412 quia
2165 2369 2342 2402 auctoritati
2356 2369 2516 2401 Ecclesiae

1446 2415 1599 2452 innititur,
1614 2415 1744 2446 dicentis
1761 2415 1793 2446 in
1811 2415 1941 2446 collecta
1960 2421 2091 2446 secreta:
2110 2415 2212 2452 Deus,
2223 2415 2276 2445 cui
2290 2415 2352 2445 soli
2367 2415 2516 2455 cognitus

1447 2465 1494 2491 est
1518 2469 1674 2491 numerus
1697 2460 1868 2491 electorum
1893 2461 1924 2490 in
1947 2469 2088 2500 superna
2104 2458 2267 2500 felicitate
2283 2458 2448 2490 locandus.
2473 2458 2515 2489 Et

1449 2505 1488 2534 ad
1505 2504 1567 2535 hoc
1582 2504 1792 2541 innuendum,
1810 2504 1930 2535 eisdem
1947 2502 2049 2534 verbis
2065 2505 2188 2535 Auctor
2202 2512 2280 2534 usus
2293 2509 2340 2534 est
2354 2502 2387 2533 in
2403 2502 2515 2534 littera.

1107 2659 1426 2702 ARTICULUS
1454 2658 1730 2702 OCTAVUS

703 2755 858 2786 UTRUM
882 2753 1262 2785 PRAEDESTINATlo
1285 2752 1434 2784 possm*
1458 2752 1606 2784 iuvAm
1629 2751 1837 2783 PREClBus
1860 2751 2132 2783 SANCTORUM

536 2834 544 2859 1
565 2834 646 2863 Sent„
663 2834 721 2858 dist.
734 2841 783 2863 xm,
797 2839 844 2858 art.
858 2841 889 2864 43
909 2832 948 2863 111,
965 2833 1024 2857 dist.
1037 2839 1097 2863 xvu,
1113 2837 1160 2857 art.
1176 2830 1199 2862 3,
1214 2832 1262 2865 qu·
1286 2839 1308 2863 r,
1323 2831 1355 2856 ad
1376 2831 1405 2862 3;
1424 2831 1466 2862 1v,
1482 2831 1541 2856 dist.
1555 2838 1612 2862 ην,
1626 2838 1671 2863 qu.
1685 2838 1722 2860 ιιι,
1738 2835 1786 2855 art.
1802 2830 1825 2860 3,
1840 2830 1872 2855 ad
1893 2829 1906 2855 5
1915 2838 1922 2861 ;
1942 2830 1984 2855 De
2008 2829 2098 2860 Verit.,
2113 2837 2159 2863 qu.
2173 2837 2207 2860 vr,
2221 2834 2268 2855 art.
2281 2829 2306 2855 6.

347 2939 421 2982 ¹22}th
437 2943 446 2960 9
458 2955 478 2966 ι’

506 2948 511 2954 ν
535 2936 557 2961 D
578 2934 751 2960 OCTAVUM
770 2934 823 2959 ste
843 2933 1084 2959 enocemwa.
1105 2921 1270 2961 Videtur.
1283 2920 1390 2970 quod

349 2968 504 3026 'cairi-,250
536 2975 829 3026 praedestinatio
863 2988 943 3012 non
970 2975 1090 3024 possit
1121 2974 1244 3012 iuvari
1270 2973 1391 3023 preci-

339 3033 342 3038 '
370 3029 373 3035 ’
403 3028 443 3032 “”
476 3023 608 3067 ”-”[)ιιε
628 3037 858 3067 sanctorum.
890 3029 1048 3066 Nullum
1070 3028 1171 3066 enirn
1191 3035 1390 3065 aeternum

323 3149 562 3186 consequens
591 3149 670 3174 non
697 3143 823 3185 potest
850 3135 1060 3185 temporale
1089 3135 1221 3172 iuvare
1247 3134 1297 3172 ad
1315 3135 1390 3172 hoc

323 3189 428 3239 quod
447 3190 602 3240 aliquod
618 3197 819 3227 aeternum
838 3189 894 3226 sit.
922 3189 1000 3226 Sed
1020 3187 1315 3238 praedestinatio
1336 3194 1392 3224 est

322 3251 486 3280 aeterna.
522 3244 623 3280 Cum
651 3242 761 3291 igitur
784 3254 917 3291 preces
943 3250 1162 3279 sanctorum
1196 3241 1270 3278 sint
1297 3248 1390 3278 tem-

321 3297 483 3345 porales,
513 3308 592 3334 non
619 3303 781 3345 possunt
808 3295 940 3333 iuvare
961 3295 1008 3333 ad
1027 3296 1102 3332 hoc
1122 3295 1228 3344 quod
1256 3293 1391 3342 aliquis

322 3350 633 3399 praedestinetur.
673 3350 765 3386 Non
795 3360 884 3398 ergo
912 3348 1204 3398 praedestinatio
1241 3347 1392 3385 iuvatur

322 3402 499 3452 precibus
527 3410 761 3441 sanctorum.

377 3468 412 3493 2.
442 3455 686 3503 Pmerarusa,
716 3455 813 3493 sicut
840 3455 931 3493 nihil
959 3454 1100 3503 indiget
1134 3453 1291 3492 consilio
1320 3453 1388 3491 nisi

322 3516 477 3558 propter
513 3510 705 3547 defectum
747 3508 997 3557 cognitionis,
1037 3509 1087 3545 ita
1124 3508 1214 3545 nihil
1251 3507 1392 3555 indiget

376 3632 403 3665 α)
418 3633 602 3664 praeceditur.
619 3646 637 3652 -
651 3633 776 3665 procedit
795 3633 836 3658 ed.
855 3641 884 3663 a,
905 3633 1050 3666 impeditur
1069 3633 1097 3658 Ρ.
1114 3646 1134 3652 -
1151 3633 1202 3658 Pro
1226 3639 1277 3658 non
1298 3634 1390 3664 potest

322 3668 475 3700 temporale,
495 3668 596 3693 nullum
615 3669 761 3700 temporale
774 3672 865 3701 potest
884 3669 937 3694 BD.

1445 2919 1583 2958 auxilio
1611 2919 1683 2957 nisi
1710 2926 1867 2968 propter
1896 2919 2088 2956 defectum
2120 2918 2279 2956 virmtis.
2317 2917 2393 2956 Sed
2422 2930 2515 2956 neu-

1444 2982 1545 3011 trum
1574 2973 1715 3010 horum
1749 2973 1932 3021 competit
1959 2973 2045 3010 Deo
2069 2971 2381 3021 praedestinanti:
2409 2970 2515 3009 unde

1446 3027 1582 3064 dicitur
1600 3027 1712 3064 Rom.
1733 3037 1769 3063 xl
1784 3025 1819 3063 *ε
1854 3026 1946 3068 Quis
1964 3026 2110 3063 adiuvit
2131 3025 2311 3074 Spiritum
2330 3024 2516 3063 Domini?
2543 3037 2552 3047 ·

1444 3086 1512 3117 aut
1529 3080 1611 3129 quis
1630 3079 1867 3117 consiliarius
1881 3080 1960 3116 eius
1965 3078 2077 3129 suit?
2095 3078 2198 3126 Ergo
2217 3077 2513 3128 praedestinatio

1444 3146 1524 3171 non
1551 3132 1704 3171 iuvatur
1731 3132 1907 3182 precibus
1936 3139 2168 3170 sanctorum.

1500 3187 1535 3224 3.
1566 3187 1806 3233 PRAETEREA,
1837 3185 2010 3223 eiusdem
2039 3192 2094 3222 est
2128 3184 2300 3222 adiuvari
2328 3192 2367 3222 et
2393 3183 2515 3234 impe-

1445 3239 1527 3277 diri.
1563 3240 1640 3277 Sed
1669 3239 1962 3289 praedestinatio
1989 3250 2070 3276 non
2098 3245 2224 3287 potest
2252 3238 2378 3287 aliquo
2397 3236 2416 3267 Ρ
2443 3238 2512 3275 im-

1444 3292 1577 3342 pediri.
1607 3294 1710 3341 Ergo
1739 3306 1818 3330 non
1845 3300 1971 3342 potest
1998 3291 2126 3341 aliquo
2155 3291 2288 3328 iuvari.

1499 3346 1574 3384 SED
1595 3358 1742 3384 CONTRA
1760 3358 1827 3384 asr
1847 3345 1952 3396 quod
1968 3344 2101 3383 dicitur
2119 3345 2252 3382 Genes.
2268 3355 2341 3381 xxv
2356 3345 2387 3392 ‘‚
2408 3343 2514 3393 quod

1444 3401 1557 3437 Isaac
1585 3400 1739 3451 rogavit
1763 3400 1889 3437 Deum
1911 3410 1986 3448 pro
2012 3399 2186 3436 Rebecca
2215 3409 2338 3435 uxore
2363 3408 2450 3444 sua,
2479 3401 2516 3433 et

1445 3453 1545 3490 dedit
1570 3459 1789 3502 conceptum
1817 3453 2022 3490 Rebeccae.
2052 3452 2111 3488 Ex
2139 3452 2201 3489 illo
2227 3458 2358 3488 autem
2377 3461 2513 3487 conce-

1445 3513 1512 3554 ptu
1532 3514 1642 3544 natus
1671 3514 1728 3544 est
1753 3506 1879 3553 Iacob,
1901 3505 1966 3553 qui
1991 3504 2292 3554 praedestinatus
2310 3502 2389 3540 fuit.
2420 3503 2513 3539 Non

1498 3629 1640 3690 βῐζὲτιὶςιιο.
1658 3644 1678 3650 -
1695 3629 1786 3662 aliquo
1809 3629 1888 3654 modo
1908 3629 1943 3660 D,
1964 3634 1989 3654 et
2007 3629 2042 3656 ita
2061 3637 2130 3654 mox.
2148 3642 2167 3648 -
2185 3629 2236 3654 Pro
2255 3628 2331 3662 Ergo
2347 3634 2416 3657 non,
2437 3626 2512 3660 Ergo

1443 3673 1491 3691 nec
1557 3684 1563 3690 .

2544 518 2553 527 ·
2567 517 2620 539 Art.
2629 523 2656 545 3,
2675 521 2756 540 contra

2543 543 2648 565 conclus.
2663 544 2686 566 8.

2543 690 2553 700 '
2565 689 2619 711 Art.
2628 696 2649 718 3,
2663 696 2687 717 4.
2696 701 2706 707 -
2717 690 2756 712 Cf.

2542 722 2649 764 ganza,
2669 720 2713 739 art.
2727 717 2756 744 6,

2543 783 2552 792 '
2568 781 2605 804 Cf.
2620 788 2685 804 num.
2695 788 2711 804 1.

2545 2021 2554 2030 ·
2569 2019 2607 2043 Cf.
2620 2019 2671 2042 ibid
2676 2036 2683 2042 .

2542 2329 2551 2339 ·
2557 2328 2631 2351 Hom.
2636 2328 2659 2351 in
2667 2328 2757 2357 Ιίνιιις.

2542 2354 2651 2383 xxxw,
2666 2361 2693 2378 ιι.

2567 3035 2636 3060 vm.
2648 3042 2686 3067 3⁴.

2539 3350 2550 3362 ⁸
2565 3349 2632 3373 Vm.
2646 3355 2677 3372 ar.
