2768 4178
333 298 408 334 290

1031 288 1297 335 QUAESTIO
1328 290 1447 336 xxv,
1477 289 1773 328 ARTICULUS
1805 291 1819 326 1

844 505 1255 582 QUAESTIO
1293 507 2006 585 VIGESIMAQUINTA

1085 632 1169 672 DE
1202 632 1415 673 DIVINA
1448 634 1757 675 POTENTIA

1172 753 1206 777 IN
1235 753 1300 778 SEX
1328 753 1531 779 ARTICULOS
1559 755 1676 780 DIVISA

188 871 205 887 α
397 867 466 892 osT
505 855 848 892 considerationem
893 855 1043 892 divinae
1088 854 1266 891 scientiae
1305 860 1322 875 α
1357 862 1392 891 et

330 864 617 955 onluntatis‚
654 916 689 945 et
718 920 852 944 eorum
878 920 976 956 quae
1005 907 1053 945 ad
1082 908 1157 944 hoc
1184 907 1390 955 pertinent,

87 965 300 1014 {rgg301u·¹¹vv¹¹¹·
329 969 442 998 restat
477 961 797 998 considerandum
826 961 873 998 de
903 961 1032 998 divina
1070 960 1239 1009 potentia
1265 959 1296 997 ²¹².

329 1016 378 1052 Et
406 1015 503 1052 circa
530 1016 604 1051 hoc
633 1021 864 1063 quaeruntur
892 1026 968 1051 sex.

382 1068 532 1104 Primo:
562 1075 689 1104 utrum
719 1067 757 1103 in
785 1068 870 1104 Deo
900 1067 946 1104 sit
971 1067 1151 1115 potentia.

383 1120 582 1158 Secundo:
611 1128 739 1157 utrum
769 1120 850 1157 eius
877 1120 1047 1169 potentia
1080 1120 1126 1157 sit
1154 1119 1310 1156 infinita.

1501 855 1653 892 Tertio:
1682 863 1810 893 utrum
1840 858 1884 894 sit
1912 859 2167 907 omnipotens.

1501 908 1669 954 Quarto:
1694 916 1823 946 utrum
1837 911 1957 958 possit
1977 911 2100 948 facere
2121 913 2227 961 quod
2247 925 2291 950 ea
2310 925 2409 961 quae
2429 921 2518 950 sunt

1553 961 1764 1009 praeterita,
1785 975 1864 999 non
1893 964 2039 1000 fuerint.

1502 1014 1666 1061 Quinto:
1695 1023 1824 1052 utrum
1852 1016 1958 1052 Deus
1995 1017 2116 1065 possit
2143 1018 2267 1055 facere
2304 1031 2402 1067 quae
2436 1031 2515 1056 non

1554 1067 1651 1112 facit,
1672 1068 1735 1104 vel
1762 1069 2060 1117 praetermittere
2089 1082 2186 1118 quae
2215 1071 2312 1108 facit.

1502 1121 1638 1157 Sexto:
1667 1128 1795 1158 utrum
1816 1134 1916 1170 quae
1935 1122 2033 1170 facit⁷
2053 1123 2174 1172 possit
2192 1124 2316 1161 facere
2342 1125 2513 1162 meliora.

1143 1229 1460 1271 ARTICULUS
1491 1229 1696 1271 PRIMUS

1010 1323 1194 1354 UTRUM
1228 1323 1277 1353 IN
1310 1322 1414 1353 1)Εο
1447 1323 1527 1353 SlT
1557 1323 1836 1355 POTENTIA

606 1402 614 1427 I
634 1402 716 1431 Sent„
737 1402 796 1427 dist.
814 1409 873 1433 xm,
893 1409 938 1434 qu.
956 1397 975 1432 ι’,
990 1406 1037 1426 art.
1056 1409 1081 1432 1;
1101 1401 1111 1425 I
1133 1401 1209 1426 Cont.
1226 1401 1313 1430 Gent„
1333 1409 1390 1434 cap.
1408 1407 1464 1431 xvx;
1483 1400 1512 1431 11,
1532 1408 1587 1433 cap.
1600 1409 1650 1432 vn3
1670 1402 1712 1427 De
1730 1402 1797 1431 Por„
1818 1410 1862 1435 qu.
1881 1410 1898 1434 1,
1919 1407 1965 1428 art.
1983 1411 2008 1434 1;
2029 1412 2073 1436 qu.
2087 1411 2131 1435 vn,
2146 1409 2191 1429 art.
2210 1413 2231 1429 1.

414 1511 420 1524 ι
447 1521 486 1540 s
540 1504 562 1528 D
581 1503 718 1528 PRlMUM
737 1503 790 1528 εις
806 1502 1043 1527 PROCEDlTUR.
1059 1490 1218 1527 Videtur
1233 1490 1339 1538 quod
1354 1489 1392 1526 in

389 1543 403 1564 ·'
468 1537 513 1592 ²⁷⁹,
540 1547 625 1582 Deo
654 1557 732 1581 non
752 1544 798 1581 sit
815 1543 995 1593 potentia.
1022 1544 1127 1581 Sicut
1146 1544 1247 1580 enim
1268 1544 1391 1592 prima

363 1634 368 1646 ι
391 1614 465 1644 ³⁷4
486 1604 508 1649 (ξ
521 1596 529 1603 “
540 1597 698 1634 materia
717 1610 758 1634 se
776 1598 891 1634 habet
906 1598 954 1635 ad
969 1597 1190 1646 potentiam,
1207 1597 1257 1634 ita
1272 1598 1390 1644 Deus,

384 1627 474 1679 ᾗ*
496 1644 529 1687 N
540 1651 603 1699 qui
615 1658 671 1687 est
685 1663 800 1698 agens
815 1650 995 1699 primum,
1008 1663 1048 1687 se
1063 1651 1178 1687 habet
1192 1650 1241 1687 ad
1252 1658 1389 1687 actum.

186 1698 201 1731 β
330 1704 407 1740 Sed
435 1703 558 1751 prima
585 1704 761 1751 materia,
783 1704 995 1741 secundum
1024 1716 1064 1740 se
1094 1703 1332 1741 considerata
1356 1702 1390 1749 Ρ,

330 1765 386 1793 est
414 1758 558 1805 absque
584 1757 688 1794 omni
708 1765 806 1794 actu.
828 1758 929 1804 Ergo
951 1769 1066 1804 agens
1086 1757 1265 1806 primurn,
1287 1759 1391 1806 quod

329 1817 385 1846 est
412 1811 529 1857 Deus⁷
559 1818 614 1847 est
641 1811 785 1858 absque
814 1810 994 1859 potentia.

383 1875 418 1900 2.
448 1865 680 1910 PRAETEREA,
708 1864 920 1901 secundum
949 1863 1241 1911 Philosophum,
1271 1863 1310 1900 in
1339 1864 1392 1900 IX

326 1917 542 1965 Metaphys.
563 1916 806 1965 *‚.qualibet
841 1917 1011 1965 potentia
1052 1916 1189 1953 melior
1221 1924 1277 1953 est
1311 1916 1391 1953 eius

327 1978 452 2006 actus:
482 1982 573 2006 nam
602 1970 725 2006 forma
759 1977 815 2006 est
843 1970 979 2006 melior
1005 1982 1123 2018 quam
1152 1970 1325 2017 materia,
1357 1977 1393 2006 et

327 2023 424 2059 actio
454 2034 570 2071 quam
599 2022 767 2071 potentia
791 2022 934 2069 activa;
962 2031 1018 2059 est
1046 2023 1150 2060 enim
1183 2023 1269 2059 finis
1299 2023 1390 2060 eius.

328 2076 405 2113 Sed
434 2076 525 2112 nihil
554 2084 608 2112 est
635 2076 770 2113 melius
799 2088 844 2113 eo
874 2076 979 2125 quod
1013 2084 1068 2113 est
1095 2077 1134 2113 in
1163 2077 1268 2113 Deo:
1303 2076 1392 2125 quia

88 2139 97 2147 ·
113 2137 161 2164 Qu·
174 2142 209 2163 ιιι,
224 2139 268 2158 art·
279 2141 300 2164 3·
328 2129 513 2178 quidquid
532 2137 588 2166 est
602 2129 639 2166 in
654 2131 751 2176 Deo,
769 2137 825 2167 est
839 2130 956 2176 Deus,
972 2137 1013 2166 ut
1028 2142 1142 2178 supra
1155 2129 1176 2152 '¹‘
1195 2138 1392 2167 ostensum

330 2190 395 2219 est.
417 2183 518 2230 Ergo
549 2183 651 2219 nulla
677 2183 849 2231 potentia
876 2190 931 2219 est
959 2182 997 2219 in
1026 2184 1123 2220 Deo.

385 2237 419 2273 3.
439 2236 672 2282 memmm,
693 2236 861 2284 potentia
882 2244 937 2272 est
955 2236 1182 2285 principium
1206 2236 1393 2284 operatio-

330 2289 398 2325 nis.
421 2289 498 2325 Sed
526 2289 696 2337 operatio
735 2289 864 2326 divina
892 2296 947 2325 est
983 2289 1063 2325 eius
1093 2289 1274 2325 essentia:
1304 2301 1392 2326 cum

329 2342 367 2378 in
395 2343 479 2378 Deo
501 2343 646 2378 nullum
674 2341 720 2378 sit
745 2342 931 2379 accidens.
957 2342 1153 2379 Essentiae
1182 2349 1310 2378 autern
1339 2342 1393 2379 di-

329 2394 441 2432 vinae
461 2407 539 2431 non
569 2403 623 2431 est
652 2395 806 2443 aliquod
825 2395 1064 2443 principium.
1087 2396 1188 2443 Ergo
1211 2395 1305 2432 ratio
1325 2407 1394 2444 po-

189 2458 205 2483 γ
330 2448 468 2485 tentiae
497 2449 581 2484 Deo
611 2460 689 2484 non
718 2448 896 2485 convenit
923 2453 949 2484 ⁷.

90 2512 98 2520 ·
112 2509 301 2557 Qu-x1v,3rt·8;
382 2513 419 2548 4.
441 2501 674 2547 PRAETEREA,
692 2514 805 2550 supra
819 2501 839 2523 '¹‘
859 2509 1055 2538 ostensum
1077 2509 1131 2538 est
1150 2501 1255 2550 quod
1274 2501 1394 2538 scien-

90 2543 130 2565 φ’
146 2542 284 2597 ¹¹¹’3u'4'
329 2554 381 2591 tia
401 2554 472 2591 Dei
493 2562 528 2591 et
546 2555 722 2591 voluntas
743 2554 822 2591 eius
838 2552 851 2576 δ
871 2562 958 2591 sunt
977 2567 1091 2591 causa
1111 2566 1250 2591 rerum.
1269 2554 1395 2591 Causa

331 2615 459 2644 autem
488 2615 524 2644 et
551 2606 778 2656 principium
797 2607 900 2645 idem
929 2615 1027 2644 sunt.
1058 2608 1160 2655 Ergo
1180 2619 1259 2644 non
1283 2620 1395 2656 opor-

331 2668 382 2698 tet
410 2661 448 2697 in
476 2662 560 2697 Deo
582 2660 771 2708 assignare
799 2661 1021 2710 potentiam,
1043 2661 1110 2698 sed
1131 2661 1256 2697 solum
1277 2661 1395 2698 scien-

331 2714 423 2751 tiam
452 2721 489 2750 et
515 2715 762 2751 voluntatem.

387 2768 460 2803 SED
477 2778 622 2804 CONTRA
637 2778 702 2803 EST
713 2766 819 2815 quod
835 2767 969 2804 dicitur
984 2767 1022 2804 in
1031 2767 1186 2804 Psalmo
1197 2767 1395 2804 Lxxxvm*:

332 2821 467 2856 Potens
491 2832 541 2867 es,
561 2820 737 2866 Domine,
758 2826 792 2856 et
819 2821 955 2857 veritas
983 2826 1046 2857 tua
1076 2820 1113 2857 in
1142 2820 1299 2857 circuitu
1319 2826 1394 2858 tuo.

387 2875 612 2910 RESPONDEO
642 2885 823 2910 DlCENDuM
848 2873 951 2922 quod
973 2874 1111 2922 duplex
1132 2881 1188 2910 est
1206 2874 1394 2921 potentia:

334 2926 474 2963 scilicet
500 2926 664 2975 passiva,
685 2938 784 2974 quae
814 2927 917 2963 nullo
943 2927 1062 2963 modo
1093 2934 1147 2963 est
1171 2926 1209 2964 in
1229 2927 1332 2972 Deo;
1363 2935 1398 2964 et

334 2980 468 3026 activa,
490 2991 607 3027 quam
628 2987 778 3028 oportet
797 2979 834 3015 in
858 2981 942 3016 Deo
965 2992 1115 3016 summe
1136 2992 1291 3028 ponere.
1313 2981 1395 3016 Ma-

335 3033 511 3070 nifestum
532 3041 587 3069 est
607 3032 709 3069 enim
725 3032 831 3081 quod
851 3033 1169 3081 unumquodque,
1186 3033 1396 3070 secundum

197 3101 208 3116 ε
335 3086 440 3135 quod
469 3093 524 3123 est
552 3093 637 3123 actu
665 3091 675 3106 ¹
705 3093 740 3122 et
759 3086 980 3133 perfectum,
1002 3087 1215 3124 secundum
1244 3087 1318 3123 hoc
1343 3093 1399 3123 est

335 3139 560 3189 principium
576 3138 743 3175 activum
763 3138 936 3175 alicuius:
957 3139 1095 3187 patitur
1113 3147 1240 3176 autem
1260 3151 1398 3176 unum-

337 3193 529 3242 quodque,
551 3191 761 3228 secundum
788 3192 893 3240 quod
922 3200 978 3229 est
1003 3192 1184 3230 deficiens
1205 3200 1240 3229 et
1260 3192 1397 3241 imper—

99 3254 309 3302 ‘uQi'v‘ui'nUJ'ss‘
337 3246 487 3283 fectum.
523 3246 731 3282 Ostensum
753 3252 807 3282 est
835 3252 963 3282 autem
989 3258 1102 3294 supra
1120 3245 1140 3267 '¹‘
1160 3245 1264 3293 quod
1293 3246 1398 3282 Deus

98 3286 139 3308 q*
176 3296 212 3337 ’ζ
233 3295 265 3307 ”
295 3294 301 3300 ’
339 3307 393 3335 est
420 3311 537 3347 purus
566 3307 689 3345 actus,
721 3306 757 3335 et
788 3298 1005 3347 simpliciter
1033 3298 1047 3324 ζ
1076 3306 1112 3335 et
1138 3298 1399 3336 universaliter

338 3353 542 3400 perfectus;
563 3364 687 3400 neque
722 3351 759 3388 in
780 3364 826 3388 eo
856 3351 980 3400 aliqua
1008 3351 1240 3400 imperfectio
1270 3352 1398 3388 locum

87 1922 98 1933 ⁸⁸
113 1922 137 1942 S.
148 1921 193 1942 Th.
207 1921 260 1942 lect.
276 1926 299 1941 x.

89 1959 99 1964 -
114 1947 166 1969 Did.
178 1947 218 1968 lib.
229 1947 298 1973 VIII,

87 1980 140 2001 cap.
152 1981 184 2001 ix,
200 1980 247 2000 ιω,
256 1979 277 1995 2.

94 2776 103 2784 ·
119 2774 186 2796 Vers.
197 2780 220 2802 9.

393 3465 420 3496 α)
439 3465 571 3490 scientiae.
589 3478 608 3484 -
621 3465 816 3496 praescientiae
834 3465 897 3489 Pab.

394 3498 419 3532 β)
437 3500 579 3525 secundum
599 3507 626 3524 se
644 3500 822 3525 considerata.
839 3513 859 3518 -
877 3500 938 3525 Om.
958 3500 1030 3525 Foa.

393 3535 420 3575 Υ.)
441 3535 514 3567 Ergo
533 3535 603 3559 ratio
618 3535 755 3567 potentiae
774 3535 832 3560 Deo
845 3542 895 3560 non
911 3535 1041 3560 convenit.
1060 3549 1078 3554 -
1098 3535 1172 3569 Ergo
1191 3535 1264 3560 nulla
1278 3534 1402 3567 potentia

341 3573 381 3595 en
395 3578 425 3636 ὀρ)ι
440 3570 504 3630 mpuesq
521 3570 611 3630 -P-Dei
630 3605 660 3635 D,
679 3613 733 3630 om.
752 3606 828 3630 ceteri
848 3610 873 3630 et
893 3606 932 3630 ed.
946 3613 971 3630 a.

396 3641 418 3672 ε)
437 3643 507 3665 actu.
524 3653 542 3660 -
561 3640 586 3664 in
606 3643 666 3665 actu
686 3640 805 3669 ABCFG.
825 3645 851 3665 et
870 3641 895 3665 in
916 3644 977 3666 actu
997 3641 1050 3665 DE.

1444 1489 1570 1526 habet.
1605 1489 1717 1527 Unde
1747 1490 1816 1527 sibi
1846 1491 2012 1528 maxime
2048 1493 2230 1541 competit
2268 1506 2351 1530 esse
2378 1493 2516 1543 princi-

1444 1542 1552 1591 pium
1581 1542 1760 1590 activum,
1783 1551 1819 1580 et
1837 1545 1940 1581 nullo
1961 1545 2081 1582 modo
2100 1546 2176 1594 pati
2191 1545 2222 1583 *.
2249 1547 2360 1583 Ratio
2385 1555 2515 1585 autem
2539 1559 2551 1570 ·

1446 1595 1557 1633 activi
1577 1595 1750 1645 principii
1780 1597 1960 1634 convenit
1979 1603 1991 1621 '-
2011 1598 2202 1646 potentiae
2222 1599 2379 1637 activae.
2410 1600 2514 1638 Nam

1445 1649 1614 1697 potentia
1642 1650 1764 1687 activa
1799 1658 1854 1687 est
1887 1651 2115 1700 principium
2146 1652 2281 1700 agendi
2317 1652 2356 1689 in
2393 1653 2513 1691 aliud:

1444 1702 1614 1750 potentia
1641 1715 1735 1740 vero
1762 1703 1916 1752 passiva
1941 1711 1996 1741 est
2022 1704 2250 1753 principium
2277 1705 2446 1754 patiendi
2465 1707 2513 1743 ab

1446 1755 1533 1802 alio,
1562 1763 1604 1792 ut
1633 1756 1888 1805 Philosophus
1922 1757 2022 1800 dicit,
2042 1758 2078 1794 V
2101 1759 2307 1807 Metaphys
2325 1758 2356 1796 ²¹².
2386 1759 2513 1797 Relin-

1447 1809 1573 1857 quitur
1606 1821 1695 1857 ergo
1733 1810 1839 1857 quod
1865 1810 1903 1846 in
1941 1811 2026 1847 Deo
2060 1811 2226 1847 maxime
2264 1811 2310 1848 sit
2345 1813 2513 1860 potentia

1448 1869 1582 1899 activa.

1500 1917 1558 1951 Ao
1587 1926 1725 1952 PRlMUM
1744 1926 1843 1952 ERGO
1871 1927 2055 1953 DtCENDUM
2075 1915 2182 1964 quod
2202 1917 2372 1965 potentia
2391 1915 2515 1956 ac'tiva

1447 1980 1525 2004 non
1555 1967 1734 2005 dividitur
1758 1976 1889 2005 contra
1909 1977 2047 2015 actum,
2071 1969 2138 2006 sed
2157 1969 2336 2006 fundatur
2354 1970 2393 2008 in
2413 1983 2460 2008 eo
2474 1971 2512 2009 *ε
2539 1986 2551 1998 ·

1447 2033 1538 2058 nam
1558 2021 1864 2071 unumquodque
1884 2021 1959 2070 agit
1986 2022 2199 2060 secundum
2219 2023 2325 2072 quod
2345 2031 2400 2061 est
2414 2032 2513 2062 actu.

1448 2074 1621 2111 Potentia
1660 2087 1755 2120 vero
1792 2074 1946 2124 passiva
1983 2075 2162 2113 dividitur
2199 2083 2331 2113 contra
2364 2084 2512 2115 aetum:

1448 2140 1538 2165 nam
1558 2126 1570 2148 ⁰
1589 2128 1896 2177 unumquodque
1922 2128 2060 2177 patitur
2079 2129 2290 2166 secundum
2322 2131 2427 2178 quod
2461 2138 2516 2168 est

1447 2181 1486 2218 in
1504 2181 1685 2230 potentia.
1706 2181 1818 2218 Unde
1837 2182 1932 2218 haec
1951 2182 2120 2230 potentia
2145 2182 2355 2220 excluditur
2373 2195 2396 2220 a
2414 2184 2513 2231 Deo,

1448 2247 1527 2270 non
1556 2242 1684 2270 autem
1713 2242 1847 2270 activa.

1502 2289 1560 2323 AD
1590 2298 1780 2323 SECUNDUM
1814 2298 1998 2324 DlCENDUM
2027 2288 2143 2335 quod,
2164 2289 2488 2339 quandocumque
2507 2296 2516 2311 ¹

1449 2347 1554 2376 actus
1575 2347 1630 2376 est
1649 2339 1751 2376 aliud
1779 2351 1801 2375 a
1829 2339 2009 2387 potentia,
2031 2348 2182 2388 oportet
2200 2342 2306 2390 quod
2334 2350 2439 2379 actus
2468 2343 2515 2380 sit

1450 2392 1614 2429 nobilior
1632 2392 1800 2441 potentia
1814 2391 1845 2429 *.
1867 2390 1943 2429 Sed
1963 2392 2060 2429 actio
2077 2393 2149 2430 Dei
2170 2406 2249 2431 non
2269 2402 2325 2431 est
2343 2394 2445 2432 aliud
2465 2396 2514 2432 ab
2542 2405 2552 2414 ‘

1450 2445 1531 2482 eius
1559 2445 1739 2494 potentia,
1761 2445 1829 2482 sed
1857 2453 2061 2494 utrumque
2091 2454 2147 2483 est
2175 2447 2337 2484 essentia
2365 2447 2514 2486 divina:

1450 2499 1540 2547 quia
1577 2511 1648 2536 nec
1686 2511 1768 2535 esse
1807 2498 1886 2535 eius
1916 2506 1970 2535 est
2007 2498 2107 2537 aliud
2141 2500 2189 2536 ab
2228 2500 2307 2537 eius
2342 2501 2514 2539 essentia.

1449 2551 1560 2589 Unde
1581 2564 1660 2589 non
1689 2559 1839 2600 oportet
1857 2552 1963 2601 quod
1983 2551 2124 2600 aliquid
2143 2552 2190 2590 sit
2218 2553 2379 2591 nobilius
2398 2566 2516 2603 quam

1450 2605 1618 2654 potentia
1646 2605 1729 2642 Dei.

1503 2660 1562 2695 An
1591 2669 1751 2695 'rem-ium
1780 2669 1964 2694 mel-:NDUM
1993 2658 2099 2706 quod
2134 2658 2304 2707 potentia
2332 2659 2371 2696 in
2403 2659 2518 2698 rebus

1451 2711 1583 2748 creatis
1612 2723 1691 2748 non
1729 2711 1854 2747 solum
1893 2718 1948 2747 est
1983 2711 2210 2760 principium
2243 2711 2419 2760 actionis,
2450 2713 2518 2750 sed

1452 2764 1566 2802 etiarn
1596 2764 1763 2801 effectus.
1795 2763 1857 2800 Sic
1894 2763 2005 2811 igitur
2031 2764 2070 2801 in
2103 2765 2188 2802 Deo
2227 2766 2394 2802 salvatur
2421 2766 2516 2803 ratio

1450 2817 1642 2867 potentiae
1671 2825 1856 2866 quantum
1885 2817 1934 2854 ad
1962 2818 2048 2865 hoc,
2074 2818 2180 2866 quod
2208 2825 2264 2855 est
2290 2818 2518 2867 principium

1452 2871 1630 2908 effectus:
1660 2882 1740 2907 non
1768 2878 1895 2907 autem
1924 2878 2111 2918 quantum
2139 2870 2188 2908 ad
2216 2871 2303 2918 hoc,
2328 2871 2434 2920 quod
2461 2879 2518 2909 est

1451 2923 1679 2973 principium
1700 2923 1869 2970 actionis,
1891 2935 1990 2971 quae
2010 2931 2066 2960 est
2085 2923 2213 2961 divina
2233 2924 2407 2962 essentia.
2433 2924 2518 2962 Nisi

1452 2978 1547 3014 forte
1576 2977 1786 3014 secundum
1808 2977 1970 3014 modurn
1998 2976 2235 3025 intelligendi,
2255 2985 2369 3025 prout
2388 2977 2517 3015 divina

1453 3030 1636 3077 essentia,
1666 3042 1764 3079 quae
1793 3029 1831 3066 in
1860 3042 1899 3066 se
1929 3029 2145 3079 simpliciter
2171 3030 2380 3078 praehabet
2407 3030 2517 3078 quid-

1453 3083 1545 3131 quid
1565 3082 1806 3132 perfectionis
1827 3091 1882 3119 est
1901 3083 1939 3120 in
1964 3084 2077 3120 rebus
2106 3083 2248 3130 creatis,
2269 3091 2394 3132 potest
2413 3083 2517 3121 intel-

1452 3137 1512 3184 ligi
1542 3145 1578 3173 et
1607 3137 1677 3173 sub
1699 3135 1843 3173 ratione
1873 3136 2042 3183 actionis,
2063 3143 2100 3173 et
2127 3136 2197 3173 sub
2218 3136 2363 3174 ratione
2382 3145 2516 3186 poten—

1453 3190 1543 3235 tiae;
1565 3190 1659 3226 sicut
1673 3188 1787 3226 etiam
1808 3189 2021 3238 intelligitur
2036 3196 2071 3226 et
2086 3189 2156 3226 sub
2173 3189 2317 3227 ratione
2333 3189 2517 3239 suppositi

1453 3243 1626 3280 habentis
1654 3250 1840 3290 naturam,
1871 3250 1908 3280 et
1940 3243 2010 3280 sub
2044 3242 2188 3279 ratione
2222 3250 2377 3280 naturae
2398 3249 2421 3280 ⁸².

1507 3297 1565 3333 Ao
1595 3307 1767 3338 QUARTUM
1794 3307 1978 3333 mmmmm
2007 3295 2112 3345 quod
2146 3296 2315 3344 potentia
2342 3308 2422 3334 non
2449 3308 2517 3346 po·

1454 3349 1553 3386 nitur
1590 3349 1628 3386 in
1666 3350 1750 3385 Deo
1787 3356 1829 3386 ut
1856 3348 1996 3397 aliquid
2033 3348 2211 3386 differens
2239 3362 2262 3387 a
2295 3349 2448 3387 scientia
2481 3356 2517 3386 et

1507 3463 1532 3495 ζ)
1552 3464 1714 3496 simpliciter.
1731 3477 1751 3482 -
1767 3463 1884 3495 simplex
1902 3462 2002 3487 ABEG.

1507 3499 1534 3530 η)
1553 3499 1682 3524 conuenit.
1699 3512 1719 3518 -
1735 3498 1862 3530 competit
1879 3497 1990 3523 codices.

1507 3532 1532 3566 0)
1552 3541 1622 3558 nam.
1640 3547 1659 3553 -—
1677 3533 1740 3566 quia
1759 3534 1867 3558 codices.

1508 3568 1527 3601 ι)
1546 3569 1772 3601 quandocumque.
1790 3582 1810 3587 -
1825 3568 1968 3594 secundum
1988 3569 2059 3602 quod
2077 3568 2109 3593 D.

1509 3604 1534 3636 κ)
1553 3604 1658 3629 ratione
1677 3606 1799 3628 naturae.
1818 3618 1835 3622 -
1854 3603 1873 3628 Ρ
1887 3603 1955 3628 addit
1970 3604 2016 3629 Sic
2029 3604 2113 3637 igitur
2131 3603 2158 3628 ἰη
2179 3603 2236 3628 Deo
2252 3602 2372 3628 salvatur
2387 3602 2457 3627 ναείο
2466 3609 2516 3634 po-

1456 3639 1554 3664 tentiae
1572 3642 1699 3671 quantum
1719 3639 1755 3664 ad
1774 3639 1829 3668 hoc,
1849 3639 1920 3671 quod
1938 3642 1978 3664 est
1990 3639 2154 3671 principium
2173 3638 2289 3672 effectu.

2539 1771 2550 1783 ·
2561 1771 2634 1803 §.m
2644 1772 2696 1794 lect.
2704 1778 2754 1798 xm

2539 1797 2643 1852 &if-‚13⁸2-
2651 1797 2728 1846 τηε·
2737 1813 2755 1847 .:

2541 1850 2582 1898 Ιιξι).
2592 1841 2659 1890 vni,
2674 1857 2752 1899 inoffi.

2540 1883 2700 1931 athrim:
2710 1910 2726 1926 1.
2748 1893 2755 1899 ·

2565 1985 2594 2008 D.
2608 1992 2641 2015 55.
