2768 4178
170 1065 184 1099 β

72 1125 81 1133 ·
88 1123 136 1150 Qu.
143 1129 212 1149 xxxv,
219 1125 282 1144 arta.

166 1159 183 1184 Υ

73 1234 82 1243 ·
109 1232 157 1260 Qu.
180 1237 282 1259 xxxvur,

71 1262 113 1281 art.
128 1265 149 1280 2.

71 1762 82 1773 ¹*
97 1761 154 1790 Cap.
171 1768 193 1783 v.

74 2030 83 2038 ³
99 2028 151 2050 Art.
168 2027 283 2055 praeced„

73 2055 101 2076 ad
111 2060 136 2080 2;
148 2061 188 2083 qu.
197 2060 283 2081 xxxvn,

71 2085 114 2103 art.
127 2087 148 2109 2,
163 2087 212 2108 arg.
226 2087 243 2102 1.

74 2303 84 2314 ⁸
98 2302 158 2323 Vide
176 2301 236 2329 Hug.
257 2302 286 2323 de

75 2329 99 2350 S.
110 2328 180 2352 vict„
196 2328 225 2349 de
239 2328 286 2349 Sa-

74 2361 156 2381 cram„
164 2355 203 2376 lib.
210 2355 228 2381 1,
234 2361 288 2382 par-

73 2385 95 2403 te
103 2381 131 2409 11,
140 2388 190 2409 cap.
199 2387 228 2409 vr,
236 2387 285 2403 vm.

177 2510 187 2526 ε

78 2536 87 2547 “
102 2535 169 2557 Vers.
183 2541 219 2561 24.

76 2616 84 2625 '¹
100 2614 166 2636 Vers.
182 2620 213 2642 ¹9·

81 2777 91 2787 ⁸
101 2776 194 2804 Lib.V1,
205 2783 255 2805 cap.
266 2783 288 2799 x.

79 2885 87 2893 ·
102 2883 191 2905 Contra
210 2882 290 2904 Maxi-

78 2910 143 2936 min„
152 2909 192 2931 lib.
200 2909 229 2936 11,
238 2915 289 2937 cap.

76 2942 139 2963 xxm,
155 2942 218 2958 num.
232 2943 257 2963 4.

175 3039 190 3067 t

301 252 379 299 408

945 252 1212 300 QUAESTIO
1242 252 1422 300 XXXIX,
1452 252 1750 289 ARTICULUS
1778 252 1865 289 VIII

1091 404 1408 447 ARTICULUS
1438 404 1712 447 OCTAVUS

411 497 567 528 UTRUM
593 496 935 528 CONVENIENTER
958 499 987 527 A
1010 495 1158 527 SACRls
1182 496 1461 528 DOCTORIBUS
1485 498 1582 528 SINT
1606 498 1888 528 ESSENTIALIA
1911 497 2116 529 PERSONIS
2140 497 2397 529 ATTRIBUTA

853 578 861 601 I
882 578 965 606 Sent„
986 577 1045 601 dist.
1064 584 1114 608 xm,
1135 577 1245 609 exposit.
1265 577 1312 602 litt.
1320 585 1326 608 ;
1347 578 1406 602 dist.
1425 585 1490 608 xxm,
1511 586 1554 610 qu.
1574 585 1601 607 11,
1622 583 1667 602 art.
1688 586 1695 602 1
1707 585 1714 608 ;
1734 586 1780 611 qu.
1798 586 1835 608 111,
1856 584 1902 604 art.
1923 586 1930 602 1
1942 586 1949 608 ;

492 612 550 637 dist.
568 620 650 643 xxx1v,
670 620 715 645 qu.
734 620 765 643 113
786 613 844 637 dist.
862 620 944 643 xxxw,
963 620 1009 644 qu.
1026 619 1043 641 ι,
1063 617 1109 636 art.
1131 611 1154 642 3,
1174 612 1206 636 ad
1226 611 1255 643 5;
1276 613 1318 637 De
1340 613 1430 642 Verit„
1450 621 1494 646 qu.
1513 621 1531 644 1,
1551 619 1598 638 art.
1613 621 1643 646 7;
1663 621 1708 646 qu.
1723 622 1771 646 vu,
1791 619 1838 639 art.
1860 614 1873 639 3
1880 622 1888 645 ς
1907 614 1945 639 ad
1959 614 2045 644 Rom„
2066 622 2122 647 cap.
2141 622 2175 646 x1‚
2195 615 2254 639 lect.
2271 621 2300 644 v;

1178 647 1199 672 11
1218 647 1255 672 ad
1276 649 1345 677 Cor„
1366 656 1422 681 cap.
1441 656 1494 678 xm,
1514 649 1573 674 lect.
1591 657 1629 674 111.

363 788 371 796 ,
428 784 433 792 ,
460 769 480 797 ν·
521 758 543 782 D
564 757 736 783 OCTAVUM
761 758 813 783 sm
833 757 1073 783 PROCEDITUR.
1092 745 1252 782 Videtur
1270 746 1376 794 quod

495 819 502 833 s
521 799 835 836 inconvenienter
863 812 885 836 a
914 798 1028 836 sacris
1052 798 1284 835 Doctoribus
1305 798 1377 835 sint

310 1011 447 1059 quibus
474 1012 602 1048 verbis
621 1011 729 1060 ponit
747 1011 816 1048 tria
843 1011 999 1048 nomina
1017 1010 1172 1060 propria
1190 1012 1377 1048 Persona-

310 1076 416 1101 rum:
447 1064 586 1101 scilicet
604 1077 748 1102 nomen
767 1065 887 1101 Patris
903 1063 935 1110 ¹³;
967 1071 1002 1101 et
1022 1076 1166 1101 nomen
1186 1063 1375 1112 Imaginis,

310 1116 414 1166 quod
435 1125 491 1154 est
517 1117 719 1167 proprium
738 1117 845 1165 Filio,
867 1125 908 1154 ut
927 1130 1043 1166 supra
1057 1117 1077 1139 '¹‘
1097 1117 1241 1154 dictum
1270 1126 1325 1154 est
1344 1122 1375 1163 γ;

310 1178 347 1207 et
365 1182 509 1208 nornen
534 1171 717 1218 Muneris,
739 1171 820 1208 sive
840 1170 954 1218 Doni,
977 1170 1083 1218 quod
1103 1178 1159 1208 est
1177 1170 1375 1220 proprium

311 1224 469 1273 Spiritus
508 1223 655 1271 Sancti,
685 1232 727 1261 ut
759 1236 874 1273 supra
901 1224 921 1246 ’¹‘
949 1224 1123 1261 habitum
1159 1231 1225 1261 est.
1264 1224 1378 1261 Ponit

311 1278 424 1314 etiam
452 1276 521 1314 tria
542 1277 805 1326 appropriata:
836 1289 926 1314 nam
956 1277 1215 1315 aeternitatem
1240 1290 1376 1327 appro-

308 1330 406 1380 priat
433 1330 546 1378 Patri,
577 1330 745 1379 speciem
775 1330 882 1378 Filio,
903 1343 1018 1367 usum
1038 1330 1192 1379 Spiritui
1222 1331 1375 1368 Sancto.

310 1385 359 1421 Et
385 1383 537 1421 videtur
565 1383 670 1433 quod
698 1383 1011 1421 irrationabiliter.
1042 1384 1146 1421 Nam
1179 1384 1379 1421 aeternitas

309 1437 489 1486 importat
508 1436 749 1474 durationem
779 1437 940 1485 essendi,
960 1437 1099 1486 species
1121 1449 1216 1475 vero
1238 1444 1293 1474 est
1322 1449 1378 1474 es-

309 1490 416 1527 sendi
439 1489 680 1539 principium,
702 1503 789 1527 usus
808 1503 902 1527 vero
929 1491 978 1527 ad
1003 1490 1265 1539 operationem
1293 1503 1378 1539 per-

309 1543 427 1580 tinere
445 1543 608 1581 videtur.
631 1544 709 1580 Sed
738 1543 900 1580 essentia
920 1551 956 1580 et
984 1543 1155 1592 operatio
1176 1543 1268 1580 nulli
1287 1544 1378 1581 Per-

310 1609 427 1633 sonae
447 1596 682 1646 appropriari
701 1596 956 1634 inveniuntur.
978 1597 1080 1645 Ergo
1106 1596 1377 1635 inconvenien-

309 1657 366 1686 ter
393 1650 570 1687 videntur
597 1650 666 1687 ista
695 1650 939 1699 appropriata
966 1650 1157 1688 Personis.

366 1715 399 1739 2.
430 1704 652 1740 PRAETEREA
689 1700 722 1751 ὃ,
753 1703 986 1751 Augustinus
1002 1732 1011 1750 ,
1041 1703 1080 1740 in
1119 1705 1132 1739 1
1167 1704 1213 1740 de
1246 1704 1376 1740 Doctr.

315 1756 448 1793 Christ.
468 1756 499 1804 ²¹⁶,
521 1756 574 1793 sic
603 1756 712 1793 dicit:
741 1758 788 1793 In
821 1758 935 1794 Patre
966 1762 1021 1793 est
1047 1757 1185 1803 unitas,
1215 1756 1251 1793 in
1279 1757 1378 1793 Filio

310 1810 528 1858 aequalitas,
541 1810 579 1846 in
595 1810 734 1858 Spiritu
751 1810 887 1847 Sancto
905 1809 1055 1846 unitatis
1070 1810 1379 1858 aequalitatisque

311 1863 524 1900 concordia.
547 1864 596 1900 Et
621 1862 773 1900 videtur
796 1862 902 1911 quod
930 1862 1254 1899 inconvenienter.
1277 1862 1378 1910 Quia

310 1928 388 1952 una
406 1917 577 1957 Persona
606 1928 684 1953 non
714 1915 984 1953 denominatur
1012 1915 1220 1953 formaliter
1247 1928 1315 1965 per
1340 1916 1377 1953 id

311 1969 415 2018 quod
443 1969 709 2018 appropriatur
745 1969 870 2006 alteri:
900 1981 979 2006 non
1009 1969 1111 2006 enim
1142 1976 1197 2006 est
1225 1969 1376 2019 sapiens

309 2023 422 2059 Pater
450 2022 633 2071 sapientia
652 2022 788 2070 genita,
808 2030 850 2059 ut
869 2021 1012 2059 dictum
1043 2029 1098 2059 est
1115 2021 1146 2059 ³⁶.
1173 2022 1263 2070 Sed,
1284 2022 1380 2059 sicut

310 2075 453 2112 ibidem
473 2075 656 2123 subditur,
677 2076 749 2112 tria
777 2077 872 2113 haec
891 2087 1007 2112 unum
1037 2076 1165 2112 omnia
1184 2081 1271 2112 sunt
1287 2087 1377 2124 pro-

306 2135 391 2178 pter
413 2130 578 2175 Patrem,
599 2129 773 2178 aequalia
794 2129 922 2166 omnia
942 2134 1100 2178 propter
1117 2129 1270 2175 Filium,
1292 2141 1378 2166 con-

312 2194 411 2219 nexa
440 2182 568 2219 omnia
582 2188 740 2231 propter
763 2182 942 2231 Spiritum
963 2183 1155 2219 Sanctum.
1176 2183 1268 2219 Non
1288 2194 1378 2230 ergo

313 2235 586 2272 convenienter
612 2235 905 2284 appropriantur
931 2235 1123 2272 Personis.

368 2289 402 2325 3.
423 2289 531 2335 Item,
548 2289 762 2325 secundum
777 2287 1034 2336 Augustinum
1047 2287 1079 2335 ³¹⁸,
1096 2287 1196 2324 Patri
1213 2288 1379 2325 attribui-

312 2348 373 2378 tur
398 2341 573 2389 potentia,
595 2341 688 2378 Filio
708 2334 910 2389 ⁴sapientia,
933 2340 1086 2390 Spiritui
1106 2341 1246 2378 Sancto
1275 2342 1379 2379 boni-

313 2401 380 2432 tas.
403 2395 451 2431 Et
468 2394 620 2431 videtur
639 2395 713 2431 hoc
734 2406 815 2431 esse
836 2394 1121 2431 inconveniens.
1139 2395 1242 2431 Nam
1262 2395 1380 2432 virtus

313 2447 361 2485 ad
379 2447 591 2496 potentiam
612 2447 783 2496 pertinet.
810 2447 936 2485 Virtus
957 2455 1085 2484 autem
1106 2447 1296 2485 invenitur
1315 2460 1379 2497 ap-

313 2500 499 2550 propriari
527 2506 538 2521 ⁸
566 2500 681 2547 Filio,
712 2501 926 2538 secundum
955 2500 1047 2537 illud
1076 2502 1089 2536 1
1119 2501 1171 2537 ad
1193 2502 1279 2538 Cor.
1302 2513 1311 2538 1
1337 2501 1378 2548 ²¹²,

319 2554 518 2599 Christum,
545 2554 620 2590 Dei
638 2555 833 2598 virtutem;
859 2561 894 2591 et
914 2553 1028 2590 etiarn
1050 2553 1203 2602 Spiritui
1225 2554 1379 2601 Sancto,

314 2607 526 2644 secundum
555 2606 646 2644 illud
675 2608 768 2644 Luc.
793 2619 845 2644 Vl:
875 2607 895 2628 '¹‘
922 2607 1045 2645 Virtus
1073 2607 1118 2643 de
1146 2606 1207 2643 illo
1241 2607 1380 2654 exibat,

314 2666 350 2697 et
365 2661 526 2697 sanabat
543 2672 683 2697 omnes.
705 2661 796 2697 Non
817 2673 907 2709 ergo
931 2659 1101 2710 potentia
1119 2659 1221 2697 Patri
1241 2668 1297 2697 est
1316 2673 1380 2710 ap-

313 2713 556 2763 proprianda.

367 2779 403 2814 4.
426 2768 532 2813 Item,
554 2766 798 2814 Augustinus,
821 2766 858 2803 in
887 2766 983 2803 libro
1012 2766 1058 2803 de
1080 2767 1126 2803 ‘T
1122 2766 1192 2803 rin.
1218 2766 1249 2814 ²⁸,
1271 2766 1379 2804 dicit:

314 2821 405 2858 Non
435 2822 590 2869 confuse
617 2820 874 2868 accipiendum
895 2825 949 2856 est
971 2820 1073 2868 quod
1094 2820 1148 2856 ait
1167 2820 1379 2868 Apostolus,

318 2889 336 2906 «
351 2885 400 2909 ex
419 2874 509 2923 ipso,
530 2879 564 2910 et
577 2884 650 2920 per
678 2873 811 2921 ipsum,
828 2878 862 2909 et
881 2873 917 2910 in
939 2873 1017 2921 ipso
1032 2888 1050 2906 »
1069 2893 1093 2900 -
1111 2873 1131 2894 ’Β
1153 2888 1172 2906 «
1190 2885 1240 2910 ex
1259 2874 1338 2921 ipso
1358 2889 1376 2907 »

315 2927 438 2963 dicens
459 2932 617 2975 propter
634 2927 785 2962 Patrem
793 2939 806 2970 ,·
832 2941 850 2959 «
864 2938 936 2974 per
955 2926 1076 2974 ipsum
1095 2942 1114 2959 »
1135 2932 1293 2975 propter
1318 2927 1380 2963 Fi-

317 2979 426 3025 lium‚·
454 2995 472 3012 «
491 2980 528 3016 in
557 2980 635 3028 ipso
654 2995 673 3012 »
690 2985 847 3027 propter
871 2979 1050 3028 Spiritum
1080 2980 1273 3017 Sanctum.
1302 2980 1380 3017 Sed

314 3032 466 3069 videtur
485 3032 589 3081 quod
609 3032 933 3069 inconvenienter.
952 3032 1052 3079 Quia
1071 3044 1140 3081 per
1154 3032 1168 3059 ζ
1182 3033 1257 3070 hoc
1277 3033 1381 3082 quod

317 3086 404 3123 dicit
423 3086 459 3123 in
489 3087 587 3134 ipso,
616 3085 767 3123 videtur
799 3085 997 3134 importari
1025 3085 1209 3124 habitudo
1245 3099 1382 3123 causae

315 3139 449 3186 finalis,
471 3151 569 3188 quae
599 3146 654 3176 est
672 3138 794 3187 prima
816 3151 1029 3176 causarum.
1052 3140 1154 3187 Ergo
1183 3139 1253 3176 ista
1276 3139 1383 3176 habi-

315 3192 407 3230 tudo
425 3204 561 3229 causae
577 3192 733 3229 deberet
748 3192 983 3240 appropriari
999 3192 1111 3240 Patri,
1129 3192 1193 3240 qui
1214 3199 1270 3229 est
1283 3192 1382 3242 prin-

317 3245 457 3294 cipium
477 3258 555 3282 non
584 3245 631 3282 de
659 3244 856 3294 principio.

371 3358 397 3390 α)
417 3358 555 3382 attributa.
574 3371 591 3376 —-
609 3358 663 3383 sive
681 3358 859 3390 appropriata
879 3359 977 3383 addunt
995 3360 1105 3384 codices.

371 3392 395 3425 β)
415 3393 513 3418 Patris.
531 3407 550 3412 -
568 3393 743 3420 aeternitatis,
763 3394 834 3426 quod
853 3397 891 3418 est
906 3395 1049 3427 proprium
1069 3395 1146 3419 Patri
1165 3395 1195 3419 D.

369 3430 395 3461 γ)
421 3431 450 3452 ut
472 3435 554 3460 supra
577 3429 676 3454 dictum
700 3432 747 3453 est.
766 3443 786 3448 -
809 3429 939 3454 Omittunt
962 3430 1063 3454 codices
1089 3435 1114 3455 et
1139 3430 1216 3455 editio
1239 3437 1267 3455 a.
1290 3443 1309 3450 —
1331 3430 1382 3454 Pro

319 3464 399 3493 Doni,
417 3464 522 3488 Donum
542 3465 569 3488 P.
582 3477 602 3483 -
616 3465 666 3489 Pro
687 3464 805 3496 Spiritus
825 3464 926 3495 Sancti,
948 3465 1063 3498 Spiritui
1078 3466 1177 3491 Sancto
1191 3465 1312 3496 ABCDE,
1327 3471 1349 3490 s.
1361 3472 1382 3490 s.

318 3499 389 3523 FGa.

372 3532 395 3566 δ)
416 3533 567 3559 Praeterea.
585 3548 604 3553 -
624 3535 688 3560 Item
708 3535 818 3560 codices.
836 3549 855 3554 —
874 3535 902 3560 In
921 3541 990 3561 textu
1009 3537 1049 3561 cit.
1069 3544 1116 3569 pro
1136 3536 1246 3562 unitatis
1265 3535 1382 3569 aequali-

319 3569 441 3601 tatisque,
461 3569 630 3601 aequalitatis
650 3570 810 3602 unitatisque
830 3571 892 3596 Pab.

374 3605 395 3636 ε)
415 3605 596 3636 appropriari.
614 3619 632 3623 -
650 3606 826 3637 appropriata
845 3607 874 3631 B.

1489 747 1520 783 5.
1544 748 1651 794 Item,
1673 747 1864 785 invenitur
1881 749 2020 785 veritas
2049 747 2285 797 appropriari
2315 747 2422 796 Filio,
2445 760 2503 785 se—

1433 800 1601 837 cundum
1630 799 1718 837 illud
1747 802 1852 837 Ioan.
1873 813 1933 838 X1v
1952 801 1989 838 *ε
2018 802 2105 852 Ego
2133 814 2217 839 sum
2249 802 2334 848 via,
2363 801 2503 838 veritas

1431 858 1467 889 et
1492 853 1581 889 vita.
1611 853 1661 889 Et
1698 853 1866 890 similiter
1898 854 1993 891 liber
2019 855 2137 901 vitae,
2167 854 2380 892 secundum
2410 854 2502 891 illud

1431 905 1574 942 Psalmi
1592 917 1701 943 xxmx
1720 905 1755 942 *ε
1780 907 1827 942 In
1848 907 1968 954 capite
1985 907 2074 944 libri
2089 908 2268 956 scriptum
2289 914 2343 945 est
2360 908 2406 945 de
2424 920 2502 944 me:

1433 959 1570 996 Glossa
1588 958 1619 1005 ²¹⁸,
1641 959 1734 995 idest
1755 959 1859 1007 apud
1874 960 2039 1006 Patrem,
2060 961 2127 1008 qui
2152 967 2206 998 est
2223 967 2337 1010 caput
2361 973 2500 998 meum.

1432 1012 1481 1048 Et
1509 1011 1680 1048 similiter
1707 1013 1782 1049 hoc
1815 1012 1922 1060 quod
1950 1012 2036 1050 dico
2071 1013 2145 1055 Qui
2171 1019 2241 1051 est.-
2270 1014 2360 1062 quia
2388 1026 2503 1063 super

1431 1064 1523 1102 illud
1539 1066 1608 1102 Isa.
1621 1077 1692 1102 va
1701 1065 1732 1113 ²⁸,
1748 1066 1847 1102 Ecce
1867 1077 1952 1115 ego,
1968 1066 2020 1102 ad
2030 1072 2172 1115 gentes,
2190 1066 2279 1104 dicit
2293 1067 2430 1104 Glossa
2443 1067 2501 1104 *²¹‘:

1430 1118 1550 1155 Filius
1569 1118 1745 1167 loquitur,
1762 1119 1828 1167 qui
1844 1119 1941 1155 dixit
1952 1119 2099 1168 Moysi,
2115 1120 2202 1169 Ego
2222 1131 2306 1157 sum
2322 1120 2389 1168 qui
2404 1132 2500 1158 sum.

1431 1192 1456 1199 -
1477 1171 1554 1208 Sed
1572 1172 1725 1209 videtur
1752 1171 1858 1220 quod
1886 1172 2041 1221 propria
2068 1172 2141 1209 sint
2159 1172 2258 1220 Filii,
2279 1180 2317 1210 et
2334 1185 2414 1210 non
2437 1185 2502 1222 ap-

1430 1224 1635 1273 propriata.
1667 1226 1771 1262 Nam
1795 1226 1955 1271 ueritas,
1984 1226 2198 1263 secundum
2227 1225 2501 1274 Augustinum,

1431 1277 1470 1315 in
1489 1278 1584 1315 libro
1604 1278 1650 1315 de
1671 1279 1769 1316 Vera
1788 1278 1989 1329 Religione
2006 1278 2037 1325 *,
2060 1286 2116 1316 est
2132 1291 2283 1316 summa
2301 1279 2503 1316 similitudo
2530 1285 2541 1295 '

1426 1331 1617 1380 principii,
1638 1332 1779 1380 absque
1798 1332 1904 1368 omni
1921 1332 2239 1370 dissimilitudine.-
2269 1339 2305 1369 et
2324 1332 2378 1370 sic
2396 1332 2504 1370 vide-

1432 1392 1492 1421 tur
1525 1385 1630 1433 quod
1649 1384 1804 1434 proprie
1825 1385 2029 1422 conveniat
2048 1385 2155 1433 Filio,
2176 1386 2239 1435 qui
2267 1385 2383 1423 habet
2400 1385 2502 1435 prin-

1433 1437 1587 1487 cipium.
1608 1459 1632 1465 -
1653 1438 1768 1475 Liber
1788 1438 1902 1475 etiarn
1926 1439 2026 1476 vitae
2043 1438 2195 1476 videtur
2218 1439 2419 1489 proprium
2439 1439 2503 1476 ali-

1433 1491 1526 1539 quid
1547 1503 1640 1539 esse,
1662 1491 1751 1540 quia
1769 1491 1954 1540 significat
1974 1504 2040 1529 ens
2060 1493 2109 1529 ab
2129 1492 2224 1529 alio:
2251 1492 2377 1530 omnis
2399 1492 2502 1530 enim

1432 1544 1527 1581 liber
1554 1545 1602 1581 ab
1623 1544 1751 1594 aliquo
1772 1545 1957 1582 scribitur.
1978 1566 2003 1572 -
2024 1545 2111 1582 Hoc
2136 1545 2249 1582 etiam
2270 1545 2397 1594 ipsum
2431 1545 2506 1588 Qui

1433 1604 1488 1635 est
1511 1598 1661 1636 videtur
1689 1610 1771 1635 esse
1800 1598 1999 1647 proprium
2030 1598 2138 1635 Filio.
2171 1598 2272 1646 Quia
2299 1598 2342 1647 si,
2369 1611 2458 1636 cum
2486 1603 2502 1622 ¹¹

1433 1651 1562 1700 Moysi
1586 1650 1736 1699 dicitur,
1765 1652 1852 1701 Ego
1870 1663 1954 1688 sum
1975 1652 2041 1700 qui
2065 1664 2161 1698 sum,
2182 1652 2349 1701 loquitur
2377 1651 2501 1690 Trini-

1432 1711 1500 1752 tas,
1523 1717 1611 1752 ergo
1632 1705 1791 1753 Moyses
1810 1712 1959 1753 poterat
1979 1704 2123 1742 dicere:
2147 1705 2218 1742 Ille
2236 1706 2303 1754 qui
2319 1711 2374 1742 est
2388 1705 2504 1742 Pater

1432 1763 1468 1794 et
1502 1757 1621 1794 Filius
1649 1763 1686 1794 et
1711 1758 1870 1806 Spiritus
1908 1758 2087 1804 Sanctus,
2117 1758 2218 1795 misit
2243 1771 2303 1795 me
2339 1758 2392 1795 ad
2421 1770 2500 1796 vos.

1433 1811 1535 1859 Ergo
1557 1818 1593 1847 et
1611 1810 1767 1847 ulterius
1788 1810 1913 1847 dicere
1936 1818 2107 1859 poterat:
2135 1810 2205 1847 Ille
2224 1811 2290 1859 qui
2315 1816 2370 1848 est
2390 1811 2504 1848 Pater

1432 1869 1468 1900 et
1492 1863 1611 1900 Filius
1639 1869 1675 1900 et
1701 1864 1860 1912 Spiritus
1888 1864 2059 1910 Sanctus,
2080 1864 2181 1901 misit
2207 1876 2268 1901 me
2295 1864 2347 1901 ad
2370 1875 2438 1901 vos
2466 1861 2502 1911 ⁰,

1434 1916 1735 1954 demonstrando
1757 1924 1900 1954 certam
1929 1918 2154 1955 Personam.
2176 1917 2263 1954 Hoc
2288 1925 2418 1955 autem
2447 1924 2504 1955 est

1432 1970 1591 2007 falsum:
1616 1969 1704 2019 quia
1724 1970 1825 2007 nulla
1845 1982 2009 2019 persona
2039 1978 2095 2008 est
2122 1971 2235 2007 Pater
2264 1978 2301 2007 et
2324 1970 2440 2008 Filius
2467 1977 2504 2008 et

1434 2023 1594 2072 Spiritus
1615 2024 1787 2060 Sanctus.
1810 2024 1902 2060 Non
1931 2035 2021 2071 ergo
2041 2031 2167 2073 potest
2187 2035 2270 2061 esse
2294 2035 2503 2061 commune

1433 2076 1628 2114 Trinitati:
1658 2077 1727 2114 sed
1747 2084 1803 2114 est
1822 2076 2021 2126 proprium
2052 2076 2144 2114 Filii.

1486 2131 1713 2168 Respowmzo
1733 2142 1918 2167 DICENDUM
1933 2130 2038 2179 quod
2053 2129 2261 2167 intellectus
2280 2137 2420 2178 noster,
2441 2129 2506 2181 qui

1434 2195 1479 2220 ex
1513 2183 1692 2221 creaturis
1729 2183 1768 2220 in
1805 2183 1879 2220 Dei
1916 2183 2173 2232 cognitionem
2211 2183 2503 2231 manuducitur,

1434 2244 1584 2285 oportet
1620 2237 1726 2284 quod
1763 2237 1891 2273 Deum
1926 2236 2141 2274 consideret
2177 2236 2391 2274 secundum
2420 2248 2505 2274 rno-

1434 2289 1527 2326 dum
1548 2301 1664 2338 quem
1682 2301 1726 2325 ex
1743 2289 1922 2326 creaturis
1942 2290 2112 2327 assumit.
2134 2290 2177 2327 In
2197 2289 2504 2328 consideratione

1435 2349 1563 2379 autem
1602 2341 1759 2379 alicuius
1794 2349 2009 2391 creaturae,
2039 2350 2204 2391 quatuor
2228 2355 2299 2392 per
2328 2343 2504 2381 ordinem

1435 2395 1546 2432 nobis
1583 2402 1798 2432 occurrunt.
1837 2395 1941 2432 Nam
1967 2396 2118 2444 primo,
2149 2395 2409 2434 consideratur
2445 2407 2505 2433 res

1434 2448 1516 2497 ipsa
1545 2448 1729 2495 absolute,
1760 2448 1987 2498 inquantum
2015 2457 2071 2486 est
2105 2461 2172 2486 ens
2200 2448 2411 2497 quoddam.
2441 2449 2505 2486 Se-

1435 2501 1558 2539 cunda
1587 2508 1716 2538 autern
1746 2501 1998 2539 consideratio
2029 2502 2082 2539 rei
2112 2509 2178 2549 est,
2202 2502 2430 2551 inquantum
2451 2508 2507 2540 est

1435 2567 1523 2592 una.
1557 2555 1682 2592 Tertia
1713 2554 1964 2592 consideratio
1994 2555 2047 2592 rei
2068 2563 2135 2602 est,
2156 2555 2371 2592 secundum
2399 2553 2506 2604 quod

1435 2607 1531 2645 inest
1561 2607 1595 2644 ei
1621 2607 1740 2645 virtus
1769 2607 1819 2645 ad
1847 2608 2088 2657 operandum
2111 2615 2147 2645 et
2175 2609 2225 2646 ad
2253 2607 2504 2646 causandum.

1441 2661 1584 2704 Quarta
1610 2669 1739 2698 autem
1768 2660 2021 2699 consideratio
2043 2661 2096 2699 rei
2117 2669 2183 2709 est,
2205 2661 2419 2699 secundum
2437 2661 2504 2699 ha-

1436 2713 1649 2751 bitudinem
1679 2727 1797 2762 quam
1825 2715 1941 2752 habet
1969 2715 2018 2752 ad
2048 2722 2201 2752 causata
2218 2721 2238 2751 ².
2268 2714 2380 2753 Unde
2409 2715 2505 2751 haec

1437 2767 1552 2805 etiam
1581 2767 1818 2816 quadruplex
1847 2767 2100 2806 consideratio
2127 2767 2226 2805 circa
2245 2768 2374 2806 Deum
2393 2767 2505 2805 nobis

1437 2820 1610 2858 occurrit.

1490 2874 1702 2910 Secundum
1731 2874 1848 2923 igitur
1861 2874 2031 2922 primam
2060 2874 2407 2920 considerationem,
2429 2884 2504 2922 qua

1436 2927 1695 2964 consideratur
1722 2926 1889 2964 absolute
1916 2928 2020 2964 Deus
2046 2927 2250 2964 secundum
2279 2938 2358 2963 esse
2379 2938 2503 2974 suum,

1436 2980 1489 3017 sic
1504 2980 1665 3018 sumitur
1684 2980 1942 3029 appropriatio
1959 2986 1971 3001 ‘²
1992 2980 2134 3027 Hilarii,
2151 2979 2365 3017 secundum
2386 2992 2503 3029 quam

1436 3033 1636 3070 aeternitas
1663 3033 1930 3082 appropriatur
1957 3033 2078 3080 Patri,
2112 3033 2250 3081 species
2271 3033 2386 3080 Filio,
2417 3045 2505 3070 usus

1438 3086 1592 3135 Spiritui
1621 3087 1761 3123 Sancto
1781 3086 1811 3124 *.
1838 3108 1861 3114 -
1889 3087 2101 3124 Aeternitas
2129 3085 2249 3132 enim,
2279 3085 2505 3135 inquantum

1437 3139 1622 3187 significat
1650 3151 1734 3176 esse
1762 3152 1842 3177 non
1869 3138 1881 3160 λ
1908 3139 2189 3189 principiatum,
2215 3138 2503 3176 similitudinem

1437 3193 1553 3229 habet
1572 3205 1659 3229 curn
1681 3193 1837 3242 proprio
1867 3192 1998 3240 Patris,
2019 3192 2084 3242 qui
2104 3199 2159 3229 est
2177 3192 2406 3241 principium
2426 3204 2504 3230 non

1439 3245 1486 3282 de
1515 3245 1714 3294 principio.

1489 3359 1514 3392 ζ)
1529 3367 1589 3392 per.
1607 3374 1626 3379 —
1644 3360 1706 3385 Om.
1719 3360 1817 3385 ABCE.
1836 3373 1854 3378 -
1874 3360 1923 3384 Pro
1942 3359 2093 3391 importari,
2113 3359 2261 3391 importare
2279 3359 2333 3385 BD.

1490 3395 1516 3427 η)
1536 3395 1566 3424 si,
1583 3403 1651 3420 cum.
1665 3409 1684 3414 -
1697 3395 1766 3420 sicut
1780 3395 1901 3424 ABCDE,
1915 3402 1974 3420 cum
1988 3394 2008 3419 F
2010 3412 2017 3424 ‚
2030 3394 2054 3419 si
2067 3394 2147 3420 etiam
2162 3395 2203 3420 ed.
2217 3395 2240 3420 b.
2258 3408 2277 3414 —
2295 3394 2405 3420 Codices
2419 3399 2445 3420 et
2461 3401 2479 3420 a
2488 3393 2518 3427 b·

1437 3431 1630 3463 transponendo
1650 3430 1750 3455 dicitur
1767 3430 1867 3464 Moysi.

1490 3464 1514 3497 θ)
1535 3473 1575 3490 me
1598 3466 1636 3490 ad
1654 3473 1709 3491 vos.
1727 3480 1746 3484 -
1764 3466 1825 3491 Om.
1840 3465 1992 3496 ACDEFG3
2014 3466 2089 3499 Ergo
2106 3469 2132 3490 et
2181 3465 2219 3491 ad
2237 3472 2282 3491 vos
2300 3473 2354 3491 om.
2369 3465 2399 3491 Β.
2416 3477 2436 3484 -
2453 3464 2505 3489 Pro

1436 3504 1545 3530 certam,
1565 3501 1672 3526 tertiam
1691 3501 1820 3531 ABCDE3
1839 3501 1880 3526 vel
1897 3504 1998 3526 certam
2018 3509 2108 3534 margo
2127 3501 2159 3526 D.

1492 3537 1510 3568 ι)
1529 3540 1649 3561 causata.
1669 3550 1683 3555 -
1703 3539 1795 3562 creata
1814 3536 1975 3561 CDEFGsA.

1491 3571 1516 3603 κ)
1535 3571 1730 3603 appropriatio.
1748 3585 1766 3590 -
1780 3571 1872 3603 prima
1891 3573 2076 3604 appropriatio
2096 3572 2207 3598 codices.

1489 3605 1517 3638 λ)
1537 3614 1592 3631 esse
1611 3614 1672 3631 non.
1690 3621 1707 3625 -
1727 3613 1778 3631 non
1798 3613 1853 3631 esse
1872 3607 1982 3632 codices.

2530 814 2539 824 ·
2554 813 2621 836 Vere.
2637 815 2661 837 6.

2529 919 2540 931 ⁸
2555 919 2623 942 Vere.
2639 919 2662 942 8.

2528 972 2540 983 ⁴
2555 971 2687 994 ordinaria.

2529 1068 2538 1078 ⁸
2554 1068 2622 1090 Vera.
2636 1074 2653 1090 ι.

2529 1095 2550 1105 ·’
2565 1094 2668 1117 Inter-lin.

2531 3095 2541 3106 ·
2557 3094 2618 3118 vide
2631 3099 2680 3124 ug.
2693 3101 2711 3117 1.
