2768 4178
12 2459 22 2469 ⁸
33 2458 68 2479 De
79 2458 135 2479 Fide
148 2458 228 2486 Orth,

11 2485 51 2507 lib.
62 2485 90 2511 ΙΙ,
103 2491 155 2512 cap.
165 2491 212 2506 xiv.

15 2725 24 2732 ⁹
40 2722 107 2745 vers.
119 2729 148 2751 13.

15 2836 24 2846 ·
44 2833 146 2855 Interlin.
166 2845 177 2849 -
193 2832 229 2855 Cf.

16 2860 195 2888 Hieronymum.

120 2896 136 2912 α

19 2937 27 2944 ·
44 2935 110 2956 Vers.
119 2942 142 2962 4.

273 313 348 349 260
702 345 704 347 ,
968 315 1235 362 QUAESTIO
1266 318 1372 364 XXI,
1403 318 1701 356 ARTICULUS
1732 320 1779 356 III

271 399 515 441 comparatur
543 392 591 428 ad
624 392 748 441 ipsam
778 393 873 430 sicut
902 395 1030 442 regula
1066 403 1101 432 et
1139 407 1340 433 mensura:
1398 397 1604 446 sapientiae
1633 411 1736 445 suae,
1767 411 1865 447 quae
1896 406 1951 436 est
1979 400 2037 437 lex
2068 399 2168 446 eius,
2197 401 2469 439 convenienter

270 459 290 482 e
320 458 507 482 converso
546 454 675 483 autem
706 454 760 483 est
793 446 840 484 de
879 447 1068 485 intellectu
1107 448 1171 497 qui
1209 449 1342 498 accipit
1396 452 1534 488 veritas
1553 456 1567 477 ⁷
1587 452 1817 489 nominatur.
1839 454 1888 490 Et
1916 453 1969 490 sic
1990 453 2103 490 etiam
2134 453 2269 491 dicitur
2288 454 2327 492 in
2355 455 2466 492 nobis
2596 462 2612 487 Υ

269 499 470 535 scientiamv
494 511 516 535 a
545 500 669 536 rebus.
695 500 862 546 Quando
892 501 1002 548 igitur
1031 513 1090 538 res
1118 509 1206 538 sunt
1234 513 1342 539 men·
1395 504 1535 541 veritas
1564 505 1732 542 iustitiae.

269 564 357 588 sura
386 559 422 588 et
450 553 577 599 regula
601 553 823 601 intellectus,
844 554 983 591 veritas
1006 554 1175 591 consistit
1194 554 1231 591 in
1251 555 1338 603 hoc,
1449 559 1508 594 AD
1537 569 1673 595 PRtMUM
1702 570 1800 596 ERGO
1830 571 2014 597 nicaNDUM
2044 560 2149 609 quod
2174 559 2324 607 iustitia,
2346 572 2464 610 quan-

269 605 372 653 quod
402 604 610 642 intelle'c'tus
640 606 876 656 adaequatur
905 608 969 654 rei,
999 615 1041 644 ut
1069 608 1108 644 in
1138 608 1249 645 nobis
1278 620 1339 645 ac·
1394 617 1477 646 tum
1507 611 1557 648 ad
1585 612 1708 659 legem
1737 614 1985 661 regulantem,
2007 621 2063 650 est
2081 613 2119 650 in
2140 613 2285 650 ratione
2317 614 2381 651 vel
2410 613 2464 651 in-

267 658 372 695 cidit:
395 670 439 695 ex
460 671 506 695 eo
536 659 637 696 enim
658 660 764 708 quod
785 673 843 697 res
865 668 920 697 est
938 661 1000 697 vel
1020 673 1099 697 non
1120 668 1185 708 est,
1208 661 1337 710 opinio
1394 663 1565 701 tellectu:
1587 665 1655 702 sed
1680 674 1866 714 quantum
1889 667 1938 703 ad
1966 666 2184 715 imperium,
2207 679 2284 715 quo
2315 678 2433 716 opera
2453 665 2466 690 δ
2600 669 2615 694 ὃ

267 714 396 748 nostra
427 719 462 748 et
491 713 611 749 oratio
639 725 732 750 vera
760 715 822 750 vel
852 714 944 751 falsa
973 721 1039 751 est.
1076 714 1152 751 Sed
1182 715 1336 763 quando
1394 717 1611 764 regulantur
1639 719 1851 756 secundum
1880 721 2017 768 legem,
2039 728 2095 757 est
2122 720 2160 757 in
2188 722 2396 767 voluntate.

265 764 475 801 intellectus
505 774 560 802 est
588 767 716 814 regula
748 768 810 804 vel
839 765 856 795 β
884 779 1065 804 mensura
1094 779 1240 814 rerum,
1269 781 1335 805 ve·
1446 771 1505 806 AD
1525 782 1716 808 SECUNDUM
1735 783 1919 810 monimum
1939 773 2045 822 quod
2065 773 2204 822 veritas
2237 774 2298 811 illa
2318 774 2365 810 de
2391 785 2466 822 qua

266 818 353 855 ritas
383 818 552 856 consistit
579 819 618 856 in
645 821 740 868 hoc,
769 821 873 869 quod
903 833 962 857 res
991 820 1256 869 adaequantur
1282 821 1337 858 in·
1392 822 1561 870 loquitur
1580 823 1837 874 Philosophus
1864 825 1926 873 ibi,
1949 834 2004 863 est
2024 827 2217 881 quaedam
2245 827 2364 864 virtus
2396 839 2466 875 per

265 871 446 909 tellectui:
471 872 566 910 sicut
595 873 729 910 dicitur
756 874 885 911 artifex
905 875 1028 910 facere
1057 886 1195 911 verum
1225 887 1335 923 opus,
1393 887 1511 924 quarn
1541 875 1674 925 aliquis
1703 877 1938 916 demonstrat
1956 892 1996 916 se
2025 881 2141 918 talem
2165 880 2204 917 in
2233 880 2340 918 dictis
2373 881 2435 916 vel
2455 886 2465 900 ⁶
2595 891 2605 907 ε

265 926 421 973 quando
458 927 666 963 concordat
703 927 782 964 arti.
813 927 917 964 Sicut
955 935 1083 972 autern
1119 939 1158 964 se
1194 928 1337 965 habent
1393 928 1510 975 factis,
1532 929 1652 977 qualis
1682 938 1747 968 est.
1770 932 1819 968 Et
1847 931 1900 968 sic
1929 933 2098 970 consistit
2131 934 2170 970 in
2200 933 2463 971 conformitate

265 978 461 1015 artificiata
489 981 537 1017 ad
557 988 689 1026 artem,
711 980 761 1017 ita
790 993 830 1017 se
850 981 993 1017 habent
1022 993 1140 1030 opera
1170 981 1265 1018 iusta
1284 981 1333 1018 ad
1393 981 1488 1030 signi
1518 983 1567 1019 ad
1605 983 1879 1031 significatum:
1909 998 1988 1022 non
2026 995 2155 1024 autem
2184 986 2223 1024 in
2261 986 2463 1024 conformi-

264 1031 387 1079 legem
417 1032 476 1068 cui
510 1034 755 1070 concordant.
789 1034 930 1070 Iustitia
965 1034 1075 1082 igitur
1112 1034 1205 1083 Dei,
1232 1047 1335 1084 quae
1391 1042 1466 1072 tate
1498 1035 1655 1073 effectus
1684 1037 1733 1073 ad
1771 1049 1927 1075 causam
1957 1046 1994 1076 et
2031 1041 2199 1088 regulam
2227 1040 2241 1066 ζ
2253 1070 2261 1085 ,
2292 1040 2387 1077 sicut
2416 1040 2462 1077 de
2591 1041 2606 1071 ζ

265 1085 456 1129 constituit
491 1086 665 1123 ordinem
703 1087 741 1124 in
771 1088 884 1124 rebus
924 1088 1165 1124 conformem
1201 1088 1336 1126 rationi
1389 1089 1548 1126 veritate
1577 1089 1738 1127 iustitiae
1769 1090 1912 1128 dictum
1943 1099 1999 1128 est
2024 1091 2056 1129 ³¹².
2492 1098 2500 1106 '
2515 1097 2541 1118 ¹¹¹
2556 1102 2663 1124 00'90‘2·

317 1205 341 1239 β)
362 1208 410 1232 νει.
429 1211 491 1233 -·et
509 1209 655 1235 ABCDFG.
1030 1200 1032 1203 ’
1446 1214 1468 1245 ε)
1488 1215 1536 1239 vet.
1554 1228 1574 1234 -
1592 1218 1618 1240 et
1637 1215 1748 1240 codices.

315 1244 342 1275 γ)
362 1243 469 1268 veritas.
487 1258 506 1263 —
524 1245 579 1269 eius
599 1246 696 1270 addunt
715 1245 769 1271 BD.
1445 1248 1470 1281 ζ)
1490 1249 1528 1275 a'd
1545 1256 1654 1275 causam
1673 1253 1700 1275 et
1718 1250 1848 1284 regulam.
1866 1263 1885 1269 -
1903 1251 1940 1276 ad
1957 1258 2053 1276 causas
2069 1255 2096 1276 et
2110 1252 2227 1285 regulati
2239 1251 2276 1276 ad
2289 1252 2410 1285 regulam
2426 1251 2461 1283 B;

315 1277 339 1310 δ)
359 1286 410 1311 quo
429 1287 520 1312 opera.
537 1294 557 1299 -
575 1284 605 1306 ut
618 1281 690 1313 fiant
709 1289 792 1314 opera
811 1290 880 1315 quae
898 1284 928 1308 B.
1391 1292 1486 1310 causas
1505 1286 1582 1311 etiam
1602 1286 1654 1311 CE.

949 1371 1282 1407 commentaria
1306 1373 1557 1407 Cardinalis
1580 1374 1781 1408 Caietam

264 1467 428 1529 Turnus
453 1468 489 1488 ex
513 1458 602 1490 dictis
626 1467 672 1491 est
696 1460 806 1492 clarus.
821 1479 839 1484 -
856 1462 891 1492 In
909 1472 1042 1503 corpore
1066 1473 1130 1494 una
1155 1463 1330 1500 conclusio,
1387 1474 1512 1505 semper
1535 1464 1568 1494 in
1592 1465 1820 1505 adaequatione
1848 1465 2025 1496 intellectus
2054 1472 2085 1496 et
2112 1464 2170 1501 rei;
2201 1464 2373 1496 differentia
2400 1474 2454 1495 au-

321 1502 504 1541 responsiva
523 1503 666 1544 quaesito
691 1504 888 1537 affirmative:
915 1507 1035 1538 Iustitia
1059 1508 1118 1539 Dei
1143 1508 1333 1539 convenien-
1387 1515 1465 1545 tem,
1491 1509 1566 1550 quia
1589 1508 1621 1539 in
1646 1509 1806 1540 intellectu
1831 1516 1959 1540 causato
1989 1516 2036 1540 est
2064 1509 2252 1550 adaequatio
2281 1509 2460 1540 intellectus

260 1552 307 1576 ter
329 1546 440 1576 veritas
460 1547 652 1579 nominatur.
1386 1553 1426 1583 ad
1450 1563 1508 1589 res,
1534 1553 1566 1583 in
1592 1561 1739 1584 causante
1763 1561 1870 1584 autem
1894 1561 1941 1584 est
1963 1553 2152 1595 adaequatio
2176 1562 2282 1584 rerum
2306 1554 2346 1584 ad
2368 1553 2459 1584 intel-

315 1590 478 1622 Probatur.
503 1592 624 1623 Veritas
655 1593 832 1625 intellectus
860 1596 1031 1635 regulantis
1062 1603 1092 1627 et
1119 1596 1332 1627 mensurantis
1386 1598 1515 1628 lectum.
1541 1598 1603 1628 Pro
1628 1598 1766 1628 secunda
1789 1608 1864 1629 vero
1882 1605 1979 1638 parte,
2004 1598 2089 1639 quia,
2111 1597 2192 1629 sicut
2217 1608 2249 1628 se
2272 1597 2389 1628 habent
2412 1608 2460 1628 ar-

260 1643 317 1670 reS,
337 1635 479 1666 consistit
494 1636 527 1666 in
542 1637 771 1678 adaequatione
795 1649 901 1670 rerum
919 1641 958 1670 ad
974 1640 1188 1671 intellectum:
1213 1641 1332 1672 iustitia
1386 1641 1513 1673 tificiata
1543 1642 1583 1672 ad
1612 1649 1727 1679 artem,
1754 1642 1798 1673 ita
1820 1653 1853 1673 se
1881 1642 1998 1673 habent
2021 1652 2118 1683 opera
2140 1642 2222 1673 iusta
2246 1642 2291 1686 ad⁴
2307 1642 2421 1682 legem.
2438 1660 2459 1665 -

259 1685 367 1708 autem
391 1680 533 1711 consistit
548 1681 581 1711 in
598 1682 819 1714 conformitate
842 1693 978 1724 operum
1002 1685 1041 1715 ad
1066 1685 1168 1725 legem
1186 1685 1237 1716 cui
1255 1696 1332 1716 con·
1386 1685 1624 1727 Consequentia
1648 1693 1755 1717 autem
1779 1687 1944 1727 probatur:
1969 1687 2124 1727 quoniam
2151 1685 2270 1717 iustitia
2297 1686 2356 1717 Dei
2386 1685 2459 1718 facit

259 1723 376 1753 cordat.
402 1724 486 1764 Ergo
510 1725 629 1756 iustitia
652 1726 711 1757 Dei
735 1728 958 1759 convenienter
981 1729 1094 1760 veritas
1119 1730 1313 1761 nominatur.
1387 1730 1532 1761 ordinem
1562 1731 1596 1761 in
1625 1731 1718 1762 rebus
1748 1731 1948 1762 conformem
1980 1731 2150 1772 sapientiae
2179 1740 2269 1767 suae,
2300 1740 2382 1772 quae
2413 1738 2459 1762 est

311 1769 520 1806 Antecedens‚
544 1780 603 1810 pro
627 1770 729 1811 prima
752 1779 849 1812 parte,
875 1774 1028 1813 probatur
1052 1784 1088 1804 ex
1112 1773 1330 1805 convenientia
1386 1774 1535 1805 omnium
1557 1774 1616 1806 lex.

258 1817 288 1841 et
312 1811 482 1843 differentia
505 1814 641 1845 veritatis
665 1815 697 1845 in
727 1815 887 1848 intellectu
920 1818 1092 1858 accipiente
1121 1829 1139 1848 a
1162 1819 1275 1855 rebus,
1301 1825 1332 1849 et
1440 1819 1481 1849 Et
1504 1819 1710 1850 confirmatur
1734 1826 1801 1849 tota
1823 1818 2037 1850 manifestatio
2062 1829 2099 1849 ex
2123 1827 2162 1849 eo
2183 1818 2272 1859 quod
2301 1818 2396 1850 etiam
2423 1818 2456 1849 in

258 1863 405 1887 causante
428 1867 494 1888 res:
522 1859 740 1891 convenientia
764 1861 915 1902 quidem,
942 1862 1017 1902 quia
1050 1863 1163 1893 veritas
1188 1862 1332 1894 consistit
1386 1862 1479 1893 nobis
1503 1863 1547 1894 sic
1570 1863 1729 1894 invenitur
1751 1862 1863 1894 veritas
1886 1863 2032 1894 iustitiae.

1068 2025 1389 2068 ARTICULUS
1418 2024 1647 2067 TERTIUS

919 2119 1077 2150 UTRUM
1101 2118 1412 2150 MISERICORDIA
1437 2087 1678 2150 coMPETAT
1702 2118 1791 2150 DEo

557 2200 589 2224 11·
610 2199 660 2230 11··,
681 2207 725 2233 qu.
744 2207 799 2231 xxx,
820 2205 866 2224 art.
885 2207 916 2230 4:
937 2199 971 2223 1V
990 2199 1073 2228 Sent„
1095 2199 1153 2224 dist.
1171 2206 1238 2228 xxxi,
1259 2206 1304 2231 qu.
1318 2205 1345 2230 n,
1366 2204 1414 2224 art.
1431 2206 1452 2229 1,
1471 2199 1519 2231 qu·
1538 2206 1567 2229 1;
1586 2198 1596 2223 1
1618 2199 1694 2223 Cone.
1710 2199 1797 2227 Gent„
1818 2205 1874 2231 cap.
1892 2205 1948 2230 xcx;
1968 2199 2069 2224 Psalm.
2087 2206 2154 2224 xxxv.

305 2307 318 2315 Δ

309 2313 335 2336 ,»
375 2307 450 2358 ἠὲ(
467 2301 490 2326 D
517 2300 677 2326 TERTIUM
702 2301 754 2325 Sic
774 2299 1015 2325 PROCEDITUR.
1036 2287 1199 2324 Videtur
1222 2286 1327 2336 quod
1383 2286 1498 2323 terius
1518 2298 1598 2323 non
1618 2286 1801 2335 competit
1828 2287 1932 2323 Deo:
1963 2287 2031 2324 sed
2059 2288 2242 2335 repellere
2263 2288 2456 2326 miseriam

281 2328 727 2400 'ffimisericordia
756 2342 841 2378 Deo
871 2353 949 2377 non
977 2347 1180 2390 competat.
1212 2339 1326 2376 Mise-
1383 2339 1556 2386 alterius,
1586 2340 1662 2376 hoc
1690 2339 1857 2376 maxime
1887 2339 1920 2376 ei
1949 2340 2146 2388 competit,
2177 2348 2219 2377 ut
2245 2352 2316 2389 per
2343 2341 2455 2378 mise-

273 2395 323 2442 ’3,
380 2412 389 2417 ²
417 2396 443 2441 ff:
469 2395 631 2432 ricordia
670 2395 771 2431 enim
801 2402 856 2431 est
885 2394 1032 2443 species
1060 2393 1248 2441 tristitiae,
1288 2401 1329 2429 ut
1384 2392 1479 2430 riam
1508 2404 1794 2442 quemcumque
1824 2392 2015 2430 defectum
2044 2392 2310 2441 intelligamus.
2340 2394 2454 2431 Defe-

313 2459 326 2475 ·*
348 2438 404 2478 '5¹¹3
428 2437 558 2486 dicit
594 2450 860 2485 Damascenus
888 2447 920 2484 ²⁸.
952 2447 1030 2484 Sed
1067 2446 1212 2484 tristitia
1249 2458 1327 2483 non
1384 2454 1465 2483 ctus
1494 2453 1623 2483 autem
1651 2458 1731 2483 non
1758 2446 1940 2483 tolluntur
1958 2451 1984 2492 ⁷,
2014 2445 2085 2483 nisi
2112 2458 2182 2495 per
2209 2445 2366 2484 alicuius
2386 2447 2456 2484 bo·
2582 2463 2599 2488 γ

256 2510 311 2539 est
338 2501 377 2538 in
405 2502 502 2539 Deo.
533 2503 636 2550 Ergo
666 2513 737 2538 nec
765 2500 1038 2538 misericordia.
1383 2499 1508 2536 nitatis
1535 2498 1826 2548 perfectionem:
1854 2499 1980 2548 prima
1999 2507 2128 2536 autem
2149 2499 2255 2549 origo
2277 2500 2454 2538 bonitatis

311 2567 345 2592 2.
372 2556 606 2602 PRAETEREA,
637 2554 901 2592 misericordia
931 2562 986 2591 est
1015 2552 1194 2590 relaxatio
1224 2552 1328 2590 iusti·
1383 2553 1489 2590 Deus
1519 2559 1585 2599 est,
1615 2559 1657 2589 ut
1685 2564 1799 2601 supra
1817 2552 1837 2574 ’¹‘
1866 2560 2064 2590 ostensum
2093 2560 2160 2590 est.
2481 2561 2682 2590 ‘Qu-vum*-

255 2609 340 2646 tiae.
363 2609 440 2646 Sed
459 2610 565 2646 Deus
585 2620 664 2646 non
683 2615 809 2657 potest
827 2606 1128 2657 praetermittere
1163 2605 1202 2644 id
1221 2605 1327 2654 quod
1437 2605 1517 2643 Sed
1555 2604 1878 2643 considerandum
1917 2614 1972 2643 est
2010 2605 2116 2655 quod
2152 2605 2299 2654 elargiri
2331 2606 2453 2656 perfe-

256 2663 306 2699 ad
339 2661 517 2699 iustitiam
547 2674 657 2699 suam
694 2661 867 2710 pertinet.
904 2660 1051 2697 Dicitur
1083 2659 1187 2697 enim
1217 2660 1248 2696 11
1278 2659 1330 2696 ad
1385 2658 1528 2696 ctiones
1561 2659 1693 2706 rebuS,
1722 2659 1884 2708 pertinet
1912 2659 2071 2707 quidem
2101 2666 2138 2696 et
2166 2659 2216 2696 ad
2243 2659 2453 2698 bonitatem

261 2716 356 2753 Tim.
379 2715 451 2752 11²⁸:
480 2716 514 2752 si
540 2727 615 2752 non
645 2714 854 2761 credimus,
885 2714 946 2750 ille
963 2713 1093 2761 fidelis
1115 2718 1326 2763 permanet,
1384 2711 1567 2760 divinam,
1598 2719 1635 2749 et
1662 2711 1711 2749 ad
1739 2711 1935 2759 iustitiam,
1967 2720 2003 2750 et
2031 2711 2079 2749 ad
2108 2711 2387 2760 liberalitatem,
2417 2721 2454 2751 et

255 2769 417 2817 seipsum
456 2780 600 2819 negare
632 2779 706 2805 non
739 2773 883 2816 potest:
922 2775 1077 2814 negaret
1104 2774 1234 2803 autem
1269 2777 1326 2803 se·
1383 2764 1707 2802 misericordiam:
1737 2772 1867 2803 tamen
1896 2765 2110 2803 secundum
2138 2765 2252 2802 aliam
2277 2773 2314 2803 et
2338 2765 2461 2804 aliam*

256 2822 395 2871 ipsum,
417 2829 458 2858 ut
479 2822 565 2859 dicit
585 2822 722 2860 Glossa
739 2821 759 2842 ²¹⁶
779 2821 923 2858 ibidem
944 2827 973 2861 α,
1004 2819 1035 2856 si
1055 2819 1154 2857 dicta
1174 2831 1243 2856 sua
1262 2831 1328 2856 ne·
1383 2818 1582 2855 rationem.
1624 2818 1946 2860 *communicatio
1997 2818 2099 2856 enim
2147 2818 2426 2867 perfectionum
2442 2848 2451 2866 ,

257 2883 371 2923 garet.
402 2876 504 2923 Ergo
535 2874 793 2912 misericordia
822 2875 907 2910 Deo
938 2885 1015 2910 non
1047 2872 1240 2922 competit.
1383 2873 1556 2909 absolute
1590 2871 1848 2918 considerata,
1882 2871 2043 2921 pertinet
2074 2871 2123 2909 ad
2157 2871 2382 2919 bonitatem,
2400 2879 2454 2931 ‘ut

312 2929 386 2965 SED
416 2940 562 2965 CONTRA
581 2939 647 2964 izsr
680 2927 786 2976 quod
820 2927 953 2964 dicitur
986 2926 1024 2963 in
1054 2926 1209 2963 Psalmo
1234 2924 1326 2963 cx*:
1383 2937 1499 2974 supra
1521 2923 1541 2946 '¹‘
1570 2931 1767 2962 ostensum
1797 2933 1861 2961 est.
1894 2925 1971 2962 Sed
1999 2925 2224 2973 inquantum
2253 2925 2454 2973 perfectip—
2481 2934 2692 2964 ¹1bid-‚·n.1.⁴·

257 2982 467 3019 M'serator
493 2987 530 3018 et
555 2981 767 3018 misericors
795 2980 995 3017 Dominus.
1383 2991 1451 3016 nes
1480 2978 1594 3015 rebus
1622 2989 1644 3014 a
1672 2978 1756 3015 Deo
1791 2977 1927 3015 dantur
1955 2977 2168 3015 secundum
2204 2989 2334 3014 earum
2363 2989 2452 3027 pro-

312 3036 537 3072 RespoNDEo
557 3045 742 3071 DicaNouM
762 3033 866 3082 quod
887 3032 1148 3070 misericordia
1168 3039 1223 3069 est
1242 3033 1327 3069 Deo
1383 3031 1621 3081 portionem,
1656 3030 1818 3080 pertinet
1845 3031 1894 3068 ad
1922 3031 2121 3078 iustitiam,
2150 3038 2192 3067 ut
2225 3030 2368 3068 dictum
2398 3039 2453 3068 est

259 3088 425 3124 maxime
455 3087 712 3125 attribuenda:
742 3094 872 3123 tamen
893 3086 1104 3123 secundum
1135 3085 1327 3132 effectum,
1383 3097 1499 3134 supra
1517 3083 1548 3121 ³¹⁸.
1580 3085 1810 3132 Inquantum
1829 3097 1924 3121 vero
1945 3097 2024 3122 non
2043 3083 2209 3121 attribuit
2234 3084 2348 3120 rebus
2367 3095 2453 3134 per·
2478 3093 2693 3124 'An-iuniusqu-

259 3153 337 3178 non
367 3141 578 3178 secundum
603 3139 791 3189 passionis
820 3139 1012 3176 affectum.
1042 3139 1104 3176 Ad
1124 3138 1230 3176 cuius
1251 3138 1330 3175 evi·
1384 3137 1565 3175 sectiones
1593 3144 1750 3187 propter
1767 3137 1965 3174 utilitatem
1989 3149 2109 3184 suam,
2131 3136 2199 3195 sed
2219 3137 2344 3196 solum
2364 3149 2452 3186 pro-

261 3193 440 3242 dentiam,
471 3193 793 3232 considerandum
820 3200 876 3229 est
905 3193 1009 3241 quod
1038 3191 1256 3229 misericors
1276 3190 1330 3228 di·
1383 3198 1468 3240 pter
1501 3201 1611 3228 suam
1643 3190 1876 3238 bonitatem,
1905 3190 2066 3240 pertinet
2099 3189 2149 3226 ad
2177 3190 2450 3228 liberalitatem.

261 3247 355 3284 citur
383 3247 516 3296 aliquis
551 3246 659 3296 quasi
679 3245 696 3275 β
723 3246 870 3283 habens
907 3246 1086 3282 miserum
1125 3256 1210 3282 cor.-
1239 3244 1329 3293 quia
1385 3246 1616 3292 inquantum
1644 3255 1739 3281 vero
1762 3244 2014 3293 perfectiones
2039 3242 2150 3280 datae
2177 3243 2291 3281 rebus
2310 3255 2333 3281 a
2350 3243 2450 3303 Deo,

262 3299 400 3337 scilicet
428 3300 589 3339 afficitur
618 3312 663 3337 ex
691 3298 845 3337 miseria
864 3298 1016 3336 alterius
1034 3311 1104 3348 per
1130 3297 1328 3345 tristitiam,
1385 3309 1544 3334 omnem
1577 3296 1767 3334 defectum
1802 3298 2014 3346 expellunt,
2042 3295 2204 3346 pertinet
2231 3296 2281 3334 ad
2306 3296 2451 3334 miseri-

262 3365 307 3390 ac
334 3353 365 3390 si
393 3361 491 3391 esset
520 3354 599 3391 eius
627 3352 781 3403 propria
817 3352 980 3390 miseria.
1018 3352 1067 3388 Et
1096 3363 1141 3388 ex
1167 3353 1244 3389 hoc
1272 3362 1329 3388 se-
1385 3350 1567 3388 cordiam.
2247 3401 2254 3409 .
2321 3401 2327 3408 ⁸
2391 3401 2397 3408 .

263 3405 389 3454 quitur
417 3407 522 3456 quod
550 3414 729 3456 operetur
757 3405 807 3443 ad
835 3405 1102 3455 depellendam
1136 3404 1329 3442 miseriam
1437 3405 1496 3440 An
1530 3415 1667 3441 PRIMUM
1697 3414 1820 3441 torruit
1846 3414 2029 3462 nicENDUM
2058 3402 2163 3451 quod
2192 3402 2361 3461 obiectio.
2389 3402 2450 3462 illa

262 3459 424 3506 alterius,
455 3460 550 3497 sicut
577 3459 772 3497 miseriam
801 3458 1016 3508 propriam:
1047 3466 1083 3495 et
1101 3458 1162 3495 hic
1183 3465 1239 3495 est
1261 3457 1331 3496 mi·
1384 3456 1558 3506 procedit
1586 3456 1634 3494 de
1662 3456 1940 3503 misericordia,
1971 3463 2157 3504 quantum
2186 3456 2236 3493 ad
2261 3466 2448 3506 passionis

263 3512 488 3550 sericordiae
518 3512 685 3550 effectus.
721 3512 880 3550 Tristari
911 3524 1001 3560 ergo
1032 3511 1079 3548 de
1107 3511 1262 3549 miseria
1280 3511 1331 3548 al·
1385 3509 1576 3547 affectum.

317 3645 344 3678 α)
365 3645 470 3670 ibidem.
487 3659 506 3664 —
524 3645 584 3670 Om.
599 3645 719 3670 ABCDE.
1354 3641 1358 3707 Ι
1435 3642 1462 3676 γ)
1482 3642 1620 3667 tolluntur.
1638 3653 1657 3661 -
1675 3641 1842 3673 repeIIuntur
1860 3642 1888 3667 B.

317 3679 342 3713 β)
362 3680 447 3714 quasi.
465 3694 483 3699 -
502 3680 563 3705 Om.
576 3681 605 3705 B.
623 3693 641 3699 —-
660 3680 729 3705 Idem
749 3688 796 3712 pro
816 3681 886 3712 quia,
908 3680 987 3712 quod.
