2768 4178
77 709 87 718 ‘
103 707 171 728 Vers.
187 713 203 728 ι.

77 763 86 772 ·
104 760 172 782 Vers.
187 759 209 781 6.

316 257 390 293 350

314 335 503 385 pertinent
535 335 584 373 ad
616 336 800 373 unitatem
839 336 1043 384 essentiae,
1073 349 1152 373 non
1180 344 1308 373 autem
1338 348 1382 373 ea

317 401 415 438 quae
443 388 632 437 pertinent
660 389 709 426 ad
739 389 1018 426 distinctionem
1048 391 1317 426 Personarum.

371 441 447 488 Qui
476 449 603 478 autem
636 443 799 491 probare
837 442 964 479 nititur
991 441 1218 479 Trinitatem
1247 443 1382 479 Perso-

316 507 453 532 narum
482 495 643 531 naturali
672 495 834 542 ratione,
867 495 958 532 fidei
988 494 1186 543 dupliciter
1214 495 1380 543 derogat.

316 547 447 584 Primo
484 547 664 596 quidem,
700 555 886 597 quantum
922 548 970 584 ad
1008 547 1226 595 dignitatem
1264 547 1381 596 ipsius

316 600 418 647 fidei,
439 613 537 649 quae
567 608 623 637 est
642 608 684 637 ut
712 601 757 638 sit
786 601 833 638 de
858 601 971 637 rebus
1000 600 1261 648 invisibilibus,
1282 613 1382 649 quae

317 653 502 690 rationem
537 654 746 691 humanam
790 654 987 690 excedunt.
1026 653 1137 690 Unde
1174 654 1382 702 Apostolus

318 706 416 752 dicit,
447 706 499 743 ad
519 707 619 743 Heb.
640 719 675 743 xl
695 707 726 754 *,
757 708 861 756 quod
890 707 987 743 fides
1012 714 1067 743 est
1096 707 1142 743 de
1163 719 1237 743 non
1267 718 1383 755 appa-

316 760 491 796 rentibus.
522 760 587 804 [Et
605 761 812 809 Apostolus
842 759 940 806 dicit,
971 761 984 796 I
1012 760 1098 796 Cor.
1121 772 1143 796 11
1161 759 1199 795 *τ
1229 760 1383 808 Sapien-

318 813 407 849 tiam
437 812 627 861 loquimur
667 813 763 850 inter
793 814 1002 862 perfectos,
1030 813 1252 861 sapientiam
1289 823 1380 849 vero

319 878 393 902 non
422 866 532 902 huius
550 866 701 912 saeculi,
723 878 842 915 neque
856 866 1072 915 principum
1092 866 1202 902 huius
1219 865 1383 910 saeculi,-

317 919 384 955 sed
419 919 609 967 loquimur
635 920 710 956 Dei
735 919 956 968 sapientiam
985 920 1021 955 in
1056 919 1256 967 mysterio,
1286 930 1383 966 quae

178 982 185 997 ²
318 973 534 1008 abscondita
562 978 614 1008 est
632 976 673 1017 ‘.]
694 993 717 999 -
740 973 931 1019 Secundo,
962 980 1147 1020 quantum
1177 972 1225 1008 ad
1249 971 1384 1008 utilita-

178 1035 192 1051 κ
317 1032 395 1061 tem
424 1025 596 1061 trahendi
617 1026 709 1061 alios
729 1031 742 1046 κ
771 1027 818 1062 ad
839 1025 969 1062 fidem.
1001 1026 1101 1062 Cum
1123 1025 1225 1061 enim
1252 1024 1384 1073 aliquis

319 1078 365 1114 ad
393 1078 632 1126 probandam
663 1078 782 1115 fidem
814 1078 957 1115 inducit
985 1078 1149 1115 rationes
1177 1090 1275 1126 quae
1304 1090 1383 1114 non

318 1138 404 1167 sunt
424 1138 613 1178 cogentes,
636 1131 734 1168 cedit
752 1131 791 1168 in
809 1131 1022 1168 irrisionem
1044 1131 1274 1168 infidelium:
1306 1143 1384 1168 cre-

319 1183 412 1220 dunt
440 1184 541 1220 enim
567 1185 672 1233 quod
690 1184 911 1221 huiusmodi
930 1184 1139 1221 rationibus
1167 1184 1383 1231 innitamur,

320 1244 355 1273 et
382 1244 538 1286 propter
566 1250 630 1274 eas
659 1238 873 1274 credamus.

175 1290 193 1315 λ
373 1291 482 1336 Quae
519 1290 629 1338 igitur
656 1289 668 1312 λ
696 1291 786 1328 fidei
823 1297 934 1338 sunt,
972 1303 1052 1327 non
1085 1297 1171 1327 sunt
1204 1290 1385 1327 tentanda

318 1344 482 1392 probare
502 1343 572 1380 nisi
599 1356 668 1392 per
696 1344 948 1392 auctoritates,
969 1344 1027 1380 his
1051 1343 1116 1392 qui
1145 1343 1384 1380 auctoritates

319 1396 539 1446 suscipiunt.
579 1397 695 1446 Apud
730 1397 823 1434 alios
856 1409 971 1444 vero,
1008 1396 1147 1434 sufficit
1179 1396 1383 1434 defendere

319 1462 397 1486 non
428 1462 510 1486 esse
534 1450 769 1499 impossibile
789 1450 894 1500 quod
922 1450 1116 1499 praedicat
1134 1450 1242 1487 fides.
1273 1450 1384 1487 Unde

80 1509 130 1532 ·-S
140 1509 186 1531 Th
200 1509 278 1531 lect·
319 1503 526 1551 Dionysius
547 1502 646 1551 dicit,
668 1516 690 1540 11
711 1516 793 1553 cap.
814 1504 860 1541 de
879 1504 966 1541 Div.
986 1504 1103 1541 Nom.
1124 1502 1161 1540 *ε
1191 1504 1234 1539 Si
1250 1494 1384 1552 aliquis

318 1562 373 1593 est
398 1557 464 1605 qui
490 1556 650 1593 totaliter
676 1557 831 1606 eloquiis
859 1557 1002 1603 resistit,
1029 1556 1142 1616 longe
1170 1557 1239 1592 erit
1266 1568 1290 1593 a
1319 1568 1384 1593 no-

316 1615 395 1646 stra
417 1609 677 1658 philosophia;
705 1611 739 1647 si
764 1616 888 1647 autem
918 1610 970 1646 ad
999 1610 1192 1646 veritatem
1221 1609 1384 1658 eloquio-

318 1675 416 1709 rum,
438 1662 577 1699 scilicet
604 1675 811 1711 sacrorum,
833 1663 991 1711 respicit,
1012 1664 1083 1699 hoc
1101 1668 1137 1699 et
1154 1675 1221 1699 nos
1241 1675 1386 1699 canone

319 1717 470 1753 utimur.

372 1771 430 1806 AD
460 1781 596 1806 patmum
615 1781 713 1806 ERGO
738 1781 922 1806 DICENDUM
942 1768 1048 1817 quod
1067 1768 1285 1817 philosophi
1306 1781 1384 1806 non

179 1837 198 1862 μ
320 1830 582 1870 cognoverunt
623 1823 848 1871 mysterium
885 1821 1079 1858 Trinitatis
1111 1828 1130 1849 Ι*
1168 1822 1383 1859 divinarum

318 1876 575 1912 Personarum
611 1887 680 1924 per
706 1875 876 1924 propria,
908 1887 1006 1923 quae
1036 1882 1123 1911 sunt
1158 1875 1382 1924 paternitas,

317 1929 449 1966 filiatio
470 1936 506 1965 et
524 1928 736 1977 processi03
759 1928 971 1965 secundum
991 1928 1084 1965 illud
1098 1928 1283 1976 Apostoli,
1301 1929 1314 1964 I
1335 1928 1387 1965 ad

80 1986 89 1995 ¹
105 1984 171 2006 Vm·
188 1984 211 2006 ⁶-
324 1983 409 2019 Cor.
432 1994 454 2019 11
474 1981 513 2018 *ε
544 1982 755 2030 Loquimur
782 1982 858 2018 Dei
882 1981 1117 2029 sapientiam,
1138 1993 1252 2030 quam
1273 1993 1383 2018 nemo

311 2036 541 2084 principium
570 2035 679 2071 huius
707 2035 849 2071 saeculi
875 2034 1071 2085 cognovit,
1100 2034 1197 2071 idest
1220 2035 1382 2083 philoso-

77 2095 206 2117 munerun.
312 2089 495 2137 phorum,
525 2089 737 2125 secundum
769 2089 947 2125 Glossam
966 2087 997 2124 ²¹².
1029 2088 1304 2136 Cognoverunt
1331 2096 1384 2125 ta-

317 2154 406 2178 men
444 2141 633 2191 quaedam
664 2141 875 2178 essentialia
908 2141 1084 2178 attributa
1112 2153 1212 2189 quae
1247 2153 1385 2190 appro-

178 2206 191 2223 ν
317 2194 487 2244 priantur
504 2194 689 2243 personiS,
718 2194 814 2231 sicut
841 2194 1010 2243 potentia
1029 2200 1040 2215 ¹·
1067 2194 1180 2242 Patri,
1202 2195 1384 2243 sapientia

82 3156 91 3166 '
106 3154 173 3177 νει-ε.
187 3161 217 3176 21.

77 2250 292 2305 {Qunam
318 2247 426 2294 Filio,
447 2247 596 2284 bonitas
617 2247 769 2296 Spiritui
799 2248 952 2295 Sancto,
972 2254 1014 2284 ut
1033 2247 1128 2284 infra
1146 2247 1167 2269 '¹‘

1189 2247 1342 2296 patebit.
1358 2269 1383 2275 -

319 2301 435 2348 Quod
465 2312 553 2348 ergo
583 2300 802 2337 Aristoteles
831 2300 931 2347 dicit,
954 2312 1028 2348 per
1055 2301 1155 2337 hunc
1183 2312 1383 2337 numerum

317 2354 555 2391 adhibuimus
583 2365 650 2390 nos
679 2354 776 2402 ipsos
804 2360 887 2401 etc.,
908 2365 987 2390 non
1017 2361 1071 2390 est
1099 2353 1152 2390 sic
1180 2353 1384 2401 intelligen-

319 2407 424 2454 dum,
455 2407 560 2456 quod
589 2406 669 2455 ipse
697 2414 858 2455 poneret
886 2406 1091 2443 ternarium
1111 2418 1316 2443 numerum
1346 2407 1384 2443 in

319 2460 476 2497 divinis:
507 2460 575 2496 sed
602 2460 685 2496 vult
713 2459 838 2496 dicere
876 2459 981 2508 quod
1010 2459 1152 2508 antiqui
1181 2460 1383 2496 utebantur

317 2513 479 2550 ternario
500 2525 662 2550 numero
691 2512 731 2550 in
759 2512 950 2549 sacrifieiis
976 2520 1011 2549 et
1031 2513 1276 2560 orationibus,
1296 2525 1383 2561 pro-

317 2574 400 2616 pter
428 2567 623 2614 quandam
651 2565 802 2603 ternarii
822 2565 972 2602 numeri
992 2565 1274 2615 perfectionem.
1296 2586 1319 2593 -
1341 2567 1383 2602 In

179 2617 191 2649 ξ
316 2619 419 2656 libris
439 2616 454 2643 ε
481 2619 594 2656 etiam
615 2619 900 2656 Platonicorum
924 2619 1115 2656 invenitur
1134 2620 1179 2656 In
1194 2619 1383 2668 principio

318 2678 402 2709 erat
426 2674 595 2719 verbum,
616 2685 694 2709 non
723 2673 936 2709 secundum
955 2672 1061 2721 quod
1080 2673 1244 2709 verbum
1274 2672 1384 2721 signi-

317 2726 406 2763 ficat
433 2738 638 2774 personam
658 2725 822 2774 genitam
842 2725 880 2762 in
901 2726 1052 2763 divinis:
1082 2726 1151 2763 sed
1170 2726 1383 2763 secundum

179 2786 193 2803 ⁰
319 2778 425 2828 quod
452 2791 520 2827 per
545 2784 557 2799 ⁰
585 2780 747 2816 verbum
776 2778 988 2828 intelligitur
1016 2779 1109 2816 ratio
1139 2779 1286 2826 idealis,
1316 2792 1385 2829 per

319 2844 436 2881 quam
464 2833 570 2869 Deus
604 2832 734 2868 omnia
768 2831 956 2880 condidit,
993 2845 1092 2882 quae
1122 2832 1224 2869 Filio⁴
1247 2845 1385 2882 appro-

318 2885 471 2934 priatur.
492 2906 516 2912 -
537 2886 586 2922 Et
613 2885 698 2922 licet
726 2886 968 2934 appropriata
987 2886 1103 2923 tribus
1123 2886 1300 2923 Personis
1321 2899 1384 2923 co-

318 2946 554 2986 gnoscerent,
585 2938 760 2976 dicuntur
788 2945 916 2976 tamen
943 2939 982 2976 in
1010 2938 1118 2976 tertio
1147 2939 1255 2987 signo
1285 2939 1385 2977 defe-

319 3003 425 3040 c1sse,
454 2992 550 3029 idest
577 2991 617 3029 in
645 2991 857 3039 cognitione
876 2992 1005 3029 tertiae
1025 2993 1230 3039 Personae,
1257 2992 1345 3042 quia
1365 3006 1387 3030 a

320 3044 497 3093 bonitate,
526 3057 623 3094 quae
654 3044 807 3094 Spiritui
837 3046 977 3082 Sancto
1008 3045 1291 3095 appropriatur,
1322 3046 1386 3084 de-

318 3098 539 3146 viaverunt,
571 3098 663 3135 dum
701 3106 972 3146 cognoscentes
1009 3099 1159 3146 Deum,
1189 3111 1263 3136 non
1292 3100 1387 3136 sicut

318 3152 442 3188 Deum
470 3151 799 3202 glorificaverunt,
828 3159 870 3188 ut
899 3152 1033 3188 dicitur
1060 3153 1172 3189 Rom.
1199 3151 1259 3189 1²¹⁸.
1292 3152 1384 3200 Vel,

319 3204 408 3252 quia
425 3205 623 3253 ponebant
642 3204 824 3242 Platonici
849 3217 969 3242 unum
990 3205 1158 3254 primurn
1180 3217 1258 3251 ens,
1279 3206 1385 3255 quod

372 3317 390 3350 ι)
410 3321 436 3342 et
454 3318 595 3350 Apostolus
645 3317 802 3343 abscondita
821 3321 869 3342 est.
886 3331 904 3336 -
923 3318 984 3343 Om.
1004 3319 1114 3344 codices.

371 3354 396 3385 κ)
416 3353 490 3378 alios.
508 3367 527 3372 —
545 3353 648 3386 aliquos
667 3353 777 3383 codices,
797 3351 854 3377 aios
874 3353 914 3378 ed.
927 3361 953 3378 a.

371 3386 398 3420 λ)
419 3389 492 3418 Quae
507 3389 599 3421 igitur.
613 3402 631 3407 -
645 3389 686 3413 Ea
699 3388 784 3421 igitur
797 3395 865 3420 quae
878 3389 987 3414 codices.
1000 3403 1020 3409 -
1033 3390 1083 3413 Pro
1093 3389 1219 3422 probare,
1229 3388 1344 3421 probari
1353 3389 1383 3413 B.

372 3423 400 3456 μ)
421 3424 576 3456 mysterium
600 3424 749 3448 Trinitatis.
766 3437 785 3442 —
808 3423 966 3449 Trinitatem
992 3425 1070 3449 editio
1089 3432 1120 3454 a‚·
1147 3424 1288 3450 Trinitatis
1307 3424 1382 3448 omit-

318 3462 375 3482 tunt
394 3459 503 3483 codices.

371 3494 393 3525 ν)
408 3494 540 3525 potentia.
558 3508 576 3513 —
594 3494 788 3526 appropriatur
807 3494 905 3519 addunt
923 3494 1033 3520 codices.

372 3526 394 3558 ξ)
415 3529 496 3553 libris.
515 3543 534 3547 -
552 3529 619 3554 libro
638 3530 687 3558 PF,
705 3530 733 3554 Ii.
753 3529 841 3554 BGab.

372 3564 397 3594 ο)
412 3571 472 3595 per.
490 3577 509 3583 -
527 3564 587 3589 Om.
607 3565 728 3590 ABCDE.
746 3579 766 3583 —
786 3565 848 3590 Post
867 3565 962 3590 idealis
981 3566 1083 3590 codices
1103 3566 1199 3591 addunt
1218 3572 1317 3591 rerum.

372 3599 400 3631 π)
419 3599 509 3624 etiam.
527 3613 545 3618 —
564 3600 624 3624 Om.
644 3600 829 3633 ACDEFGpB.

1008 257 1274 304 QUAESTIO
1304 258 1447 294 XXXII
1477 258 1774 295 ARTICULUS
1804 259 1817 294 I

1438 338 1551 374 etiam
1571 343 1589 359 π
1619 337 1795 374 dicebant
1823 350 1904 374 esse
1933 345 2081 386 patrem
2111 337 2224 374 totius
2251 337 2503 375 universitatis
2629 352 2647 369 π

1437 403 1577 438 rerum,
1600 398 1877 439 consequenter
1904 391 2102 439 ponebant
2122 390 2234 427 aliam
2255 391 2503 428 substantiam

1437 444 1508 481 sub
1539 456 1583 479 eo
1605 449 1630 489 Ρ,
1662 456 1778 492 quam
1807 444 2000 481 vocabant
2028 449 2187 480 mentem
2215 444 2278 480 vel
2299 449 2503 492 paternum
2631 453 2645 478 Ρ

1437 497 1673 539 intellectum,
1695 496 1732 533 in
1753 509 1828 545 qua
1848 504 1953 533 erant
1982 496 2146 533 rationes
2167 496 2342 533 omnium
2362 509 2502 543 rerum,

1437 550 1531 586 sicut
1546 549 1766 586 Macrobius
1787 549 1915 586 recitat
1932 561 2045 598 super
2064 549 2259 586 Somnium
2276 549 2504 598 Scipionis-*z

1437 615 1516 640 non
1536 610 1664 639 autem
1683 603 1880 652 ponebant
1898 603 2064 652 aliquam
2090 602 2339 639 substantiam
2359 602 2505 639 tertiam

1437 663 1664 704 separatam,
1683 668 1782 704 quae
1801 656 1993 693 videretur
2013 655 2167 705 Spiritui
2188 656 2328 692 Sancto
2349 667 2505 704 respon—

1438 709 1538 746 dere.
1570 709 1633 745 Sic
1661 716 1788 745 autem
1817 722 1887 746 nos
1916 721 1995 745 non
2014 709 2195 758 ponimus
2215 709 2367 745 Patrem
2390 715 2425 744 et
2444 708 2504 744 Fi-

1437 762 1543 808 lium,
1561 762 1773 799 secundum
1794 762 2043 799 substantiam
2064 762 2296 799 differentes:
2317 761 2382 798 sed
2401 762 2505 798 hoc'
2631 767 2646 783 ⁶

1438 815 1506 851 fuit
1534 827 1639 851 error
1667 815 1842 862 Origenis
1861 815 1881 837 ’¹‘
1910 823 1947 852 et
1973 815 2065 862 Arii,
2095 815 2335 864 sequentium
2365 815 2403 851 in
2431 815 2506 850 hoc
2534 819 2747 873 gffiffirgtuggg

1438 867 1665 904 Platonicos.
1682 889 1706 894 -
1723 868 1840 914 Quod
1859 880 1953 905 vero
1969 868 2238 916 Trismegistus
2255 867 2356 915 dixit,
2373 879 2507 904 monas
2535 875 2590 894 ‘rat
2605 863 2709 896 Verbm

1438 921 1639 957 monadem
1667 921 1814 970 genuit,
1845 926 1881 957 et
1906 921 1942 957 in
1971 933 2011 957 se
2037 933 2147 958 suum
2181 921 2329 970 reflexit
2351 927 2366 942 ¹·
2394 921 2506 958 ardo·
2631 927 2647 944 τ

1438 986 1539 1019 rem,
1570 985 1649 1010 non
1678 980 1733 1009 est
1762 973 2004 1010 referendum
2034 974 2083 1010 ad
2111 974 2395 1021 generationem
2421 973 2503 1010 Filii

1437 1027 1499 1064 vel
1528 1026 1815 1075 processionem
1845 1026 2004 1075 Spiritus
2033 1026 2172 1074 Sancti,
2203 1026 2271 1064 sed
2299 1027 2347 1064 ad
2365 1027 2507 1076 produ-

1440 1080 1606 1117 ctionem
1635 1079 1787 1116 mundi:
1818 1091 1907 1116 narn
1926 1091 2026 1116 unus
2046 1080 2151 1116 Deus
2178 1079 2357 1128 produxit
2383 1092 2505 1116 unum

1439 1133 1629 1170 mundum
1657 1140 1814 1181 propter
1841 1132 1899 1169 sui
1927 1132 2044 1181 ipsius
2073 1144 2258 1169 amorem.

1492 1188 1551 1223 AD
1581 1198 1771 1223 SECUNDUM
1799 1197 1983 1223 mcaNDUM
2012 1185 2117 1234 quod
2146 1185 2195 1222 ad
2223 1185 2390 1234 aliquam
2425 1197 2506 1223 rem

1440 1239 1636 1288 dupliciter
1668 1239 1858 1276 inducitur
1895 1239 2000 1276 ratio.
2041 1239 2128 1276 Uno
2163 1239 2303 1286 modo,
2339 1238 2388 1275 ad
2419 1250 2507 1287 pro-

1439 1294 1610 1331 bandum
1649 1292 1879 1329 sufficienter
1913 1292 2079 1341 aliquam
2115 1291 2304 1328 radicem:
2343 1291 2438 1328 sicut
2469 1291 2508 1329 in

1439 1346 1594 1384 scientia
1621 1346 1779 1383 naturali
1807 1345 1997 1383 inducitur
2025 1345 2119 1382 ratio
2140 1345 2332 1382 sufficiens
2352 1345 2401 1382 ad
2419 1357 2508 1394 pro-

2531 548 2611 597 :nLiku
2621 549 2640 577 1,
2655 555 2706 578 cap.
2717 556 2743 578 11,

1439 1399 1611 1437 bandum
1640 1399 1746 1448 quod
1771 1406 1897 1436 motus
1927 1398 2020 1435 caeli
2053 1411 2207 1447 semper
2234 1398 2280 1434 sit
2307 1398 2507 1435 uniformis

1438 1453 1659 1491 velocitatis.
1689 1452 1774 1489 Alio
1796 1452 1915 1489 modo
1940 1451 2129 1489 inducitur
2149 1451 2255 1498 ratio,
2277 1463 2356 1488 non
2375 1463 2473 1500 quae
2493 1456 2508 1472 '¹

1439 1506 1670 1544 sufficienter
1696 1506 1835 1554 probet
1863 1505 2043 1553 radicem,
2073 1504 2142 1541 sed
2170 1517 2268 1554 quae
2294 1504 2412 1542 radici
2430 1504 2508 1541 iam

1439 1560 1585 1609 positae
1605 1560 1780 1596 ostendat
1799 1570 2008 1606 congruere
2030 1565 2307 1606 consequentes
2328 1557 2506 1594 effectus:

1440 1613 1535 1650 sicut
1567 1613 1605 1649 in
1644 1612 1846 1660 astrologia
1882 1611 2036 1660 ponitur
2072 1611 2167 1648 ratio
2206 1610 2508 1648 excentricorurn

1440 1674 1476 1703 et
1505 1666 1763 1715 epicyclorum
1783 1677 1828 1702 ex
1855 1665 1931 1702 hoc
1950 1664 2067 1713 quod,
2089 1665 2161 1701 hac
2179 1663 2368 1713 positione
2397 1664 2506 1711 facta,

1438 1727 1599 1769 possunt
1627 1718 1764 1756 salvari
1783 1717 2006 1767 apparentia
2035 1717 2226 1754 sensibilia
2251 1717 2350 1754 circa
2378 1724 2507 1754 motus

1440 1773 1636 1809 caelestes:
1666 1784 1745 1808 non
1777 1779 1907 1808 tamen
1936 1770 2029 1807 ratio
2063 1771 2158 1807 haec
2187 1777 2243 1807 est
2270 1769 2508 1807 'sufficienter

1439 1827 1619 1875 probans,
1641 1824 1730 1873 quia
1754 1824 1868 1861 etiam
1897 1824 1993 1860 forte
2013 1823 2085 1860 alia
2104 1823 2292 1872 positione
2321 1823 2419 1859 facta
2438 1823 2508 1860 sal-

1438 1878 1521 1916 vari
1541 1885 1706 1927 possent.
1729 1877 1859 1914 Primo
1876 1889 1966 1925 ergo
1987 1877 2106 1913 modo
2127 1883 2252 1925 potest
2270 1875 2398 1913 induci
2413 1875 2507 1912 ratio

1439 1932 1487 1969 ad
1515 1931 1760 1980 probandum
1791 1932 1919 1967 Deum
1941 1942 2022 1967 esse
2042 1941 2176 1977 unum,
2199 1937 2235 1966 et
2253 1928 2399 1966 similia.
2430 1927 2508 1966 Sed

1439 1985 1609 2022 secundo
1639 1984 1759 2021 modo
1785 1996 1825 2020 se
1845 1984 1960 2020 habet
1989 1982 2083 2020 ratio
2113 1995 2211 2030 quae
2240 1982 2431 2019 inducitur
2459 1981 2508 2020 ad

1439 2038 1783 2075 manifestationem
1803 2036 2017 2074 Trinitatis:
2048 2036 2135 2085 quia
2160 2041 2176 2065 P
2204 2035 2355 2083 scilicet,
2383 2034 2509 2072 Trini-
2631 2039 2650 2066 ‘P

1439 2099 1513 2129 tate
1541 2091 1684 2140 posita,
1716 2097 1929 2138 congruunt
1960 2089 2180 2127 huiusmodi
2207 2088 2394 2133 rationes;
2429 2100 2509 2126 non

1438 2153 1569 2182 tamen
1598 2144 1647 2181 ita
1676 2144 1781 2193 quod
1800 2156 1870 2192 per
1897 2144 1966 2180 has
1987 2142 2151 2180 rationes
2171 2141 2401 2180 sufficienter
2419 2153 2507 2191 pro-

1440 2199 1550 2235 betur
1582 2197 1747 2234 Trinitas
1781 2197 2050 2233 Personarum.
2072 2217 2095 2223 -
2116 2197 2165 2233 Et
2193 2196 2268 2233 hoc
2300 2202 2404 2245 patet
2439 2206 2510 2244 per

1440 2251 1596 2299 singula.
1635 2249 1791 2287 Bonitas
1827 2249 1929 2286 enim
1967 2249 2114 2286 infinita
2147 2248 2219 2285 Dei
2248 2248 2510 2286 manifestatur

1440 2304 1554 2340 etiarn
1574 2303 1611 2340 in
1631 2302 1882 2352 productione
1903 2309 2159 2338 creaturarum
2179 2307 2212 2338 χε
2234 2301 2323 2351 quia
2340 2301 2508 2339 infinitae
2629 2306 2651 2332 χ

1439 2355 1586 2394 virtutis
1602 2363 1657 2393 est
1677 2368 1722 2392 ex
1742 2355 1858 2392 nihilo
1874 2355 2097 2404 producere.
2118 2355 2211 2392 Non
2227 2353 2333 2392 enirn*
2344 2362 2507 2404 oportet,

1440 2410 1470 2447 si
1499 2409 1644 2446 infinita
1673 2408 1839 2445 bonitate
1870 2421 1909 2445 se
1939 2407 2210 2454 communicat,
2236 2407 2341 2456 quod
2366 2407 2508 2456 aliquid

1439 2462 1629 2500 infinitum
1650 2474 1671 2498 a
1691 2463 1776 2499 Deo
1796 2461 1998 2510 procedat:
2028 2461 2095 2498 sed
2115 2461 2326 2498 secundum
2344 2461 2507 2498 modum

1440 2528 1553 2553 suum
1589 2514 1743 2564 recipiat
1767 2514 1783 2542 Ψ
1812 2514 1982 2552 divinam
2021 2514 2243 2551 bonitatem.
2273 2535 2298 2541 -
2329 2513 2508 2551 Similiter
2633 2512 2652 2548 ψ

1441 2569 1554 2607 etiam
1574 2569 1679 2618 quod
1708 2567 1853 2614 dicitur,
1875 2568 1980 2628 quod
1999 2567 2079 2604 sine
2097 2567 2283 2604 consortio
2303 2579 2378 2604 non
2387 2572 2512 2616 potest

1440 2634 1518 2660 esse
1545 2621 1707 2658 iucunda
1731 2621 1915 2669 possessio
1943 2620 2102 2658 alicuius
2121 2620 2220 2666 boni,
2242 2620 2370 2657 locum
2393 2620 2509 2657 habet

1441 2675 1595 2724 quando
1630 2674 1669 2711 in
1695 2686 1773 2711 una
1808 2686 1973 2723 persona
2002 2686 2079 2711 non
2113 2672 2304 2710 invenitur
2339 2673 2508 2722 perfecta

1440 2728 1610 2773 bonitas;
1639 2727 1743 2764 unde
1762 2727 1914 2775 indiget,
1936 2727 1985 2764 ad
2003 2727 2158 2776 plenam
2179 2726 2419 2764 iucunditatis
2438 2727 2507 2767 bo-

1440 2782 1616 2827 nitatem,
1647 2781 1750 2817 bono
1780 2780 1936 2817 alicuius
1965 2780 2117 2817 alterius
2146 2779 2351 2817 consociati
2380 2779 2461 2817 sibi.
2481 2800 2506 2807 -

1443 2833 1656 2872 Similitudo
1695 2841 1823 2870 autem
1848 2839 1866 2854 ω
1894 2833 2102 2871 intellectus
2135 2833 2254 2870 nostri
2291 2845 2370 2870 non
2402 2832 2506 2870 suffi-
2631 2838 2654 2855 ω

1442 2888 1583 2925 cienter
1611 2887 1748 2936 probat
1775 2886 1915 2935 aliquid
1945 2886 1991 2924 de
2012 2887 2110 2934 Deo,
2130 2893 2287 2935 propter
2305 2886 2380 2922 hoc
2399 2885 2507 2935 quod

1442 2941 1650 2978 intellectus
1670 2952 1749 2977 non
1768 2939 1932 2976 univoce
1952 2939 2143 2976 invenitur
2161 2939 2199 2975 in
2218 2939 2303 2976 Deo
2325 2946 2361 2975 et
2379 2938 2417 2975 in
2437 2951 2505 2976 no-

1442 2994 1511 3031 bis.
1532 3015 1556 3021 -
1577 2994 1626 3030 Et
1644 2993 1731 3030 inde
1752 3000 1807 3030 est
1830 2993 1933 3042 quod
1953 2992 2198 3041 Augustinus,
2217 3003 2330 3040 super
2347 2991 2494 3029 Ioan.⁴‘

1442 3047 1528 3084 dicit
1547 3046 1653 3096 quod
1679 3058 1749 3095 per
1776 3046 1895 3083 fidem
1922 3045 2074 3083 venitur
2101 3045 2151 3082 ad
2180 3044 2449 3094 cognitionem,
2471 3052 2508 3082 et

1442 3112 1520 3137 non
1550 3112 1571 3136 e
1601 3111 1800 3136 converso.
2191 3102 2194 3107 ¹

1494 3154 1553 3190 AD
1582 3163 1741 3189 TERTtUM
1770 3163 1954 3189 DICENDUM
1973 3151 2079 3200 quod
2104 3150 2267 3199 cognitio
2289 3150 2506 3188 divinarum

1440 3206 1697 3242 Personarum
1726 3204 1794 3241 fuit
1818 3204 2029 3242 necessaria
2048 3204 2159 3241 nobis
2180 3203 2387 3253 dupliciter.
2417 3204 2505 3242 Uno

2533 2989 2640 3013 rnet.
2650 2983 2768 3027 xxva..⁴

1491 3318 1516 3352 ρ)
1536 3326 1575 3344 eo.
1593 3333 1613 3338 -
1630 3326 1662 3344 ea
1681 3319 1792 3344 codices.
1810 3332 1830 3339 —
1848 3320 1898 3344 Pro
1913 3322 2068 3351 paternum,
2083 3318 2203 3350 primum
2222 3317 2277 3343 FG.

1491 3354 1517 3386 σ)
1536 3354 1593 3379 hoc.
1611 3368 1631 3373 -
1647 3354 1690 3379 hic
1708 3354 1760 3384 DF.
1780 3362 1834 3379 om.
1853 3355 1894 3379 PB
1914 3359 1939 3379 et
1957 3354 1997 3378 ed.
2013 3354 2036 3379 b.
2054 3367 2073 3374 -
2091 3354 2154 3378 Post
2172 3354 2337 3386 sequentium
2357 3353 2432 3379 PFab
2449 3360 2505 3378 om.

1438 3389 1464 3413 in
1484 3389 1540 3414 hoc.

1491 3424 1515 3456 τ)
1535 3425 1650 3458 reflexit.
1668 3438 1687 3443 -
1706 3425 1816 3459 reflectit
1834 3425 1956 3450 ABCDE

1490 3460 1515 3492 u)
1535 3467 1586 3484 non
1606 3467 1682 3492 quae.
1700 3473 1719 3478 —
1737 3467 1804 3492 quae
1823 3467 1874 3485 non
1894 3459 2015 3484 ABCDE.

1490 3495 1518 3527 φ)
1538 3495 1609 3527 quia.
1627 3508 1645 3514 -
1664 3494 1741 3527 quasi
1758 3495 1896 3527 ACDFpB,
1917 3502 1969 3527 qua
1988 3495 2017 3520 E.

1488 3531 1518 3564 χ)
1531 3534 1727 3555 creaturarum.
1741 3544 1759 3548 —
1771 3533 1912 3555 creaturae
1926 3531 1988 3555 Pab.
2002 3545 2020 3550 -
2034 3531 2100 3556 Ante
2111 3531 2261 3563 producere
2274 3530 2295 3555 B
2311 3529 2379 3555 addit
2390 3527 2502 3561 aliquid.

1491 3565 1518 3598 ψ)
1538 3565 1658 3596 recipiat.
1678 3579 1695 3584 -—
1714 3565 1822 3597 recipiet
1841 3565 1985 3591 BCDEFG.

1490 3600 1521 3632 ω)
1540 3603 1638 3625 autem.
1655 3613 1675 3619 -
1692 3600 1772 3625 etiam
1793 3600 1903 3625 codices.
