2768 4178
85 396 95 406 *
110 395 179 417 Num.
198 401 234 422 29.

89 662 99 670 “
115 659 174 686 Cap.
188 665 235 680 xxv.

88 1769 99 1780 ⁴
113 1769 142 1791 D·
157 1774 208 1796 493·

85 2196 96 2207 ¹*
111 2195 139 2217 D.
155 2194 209 2223 496,
225 2201 279 2223 1134.

88 2466 96 2473 '¹
107 2465 155 2492 Qu.
166 2470 213 2491 xm,
225 2467 268 2485 art.
278 2469 297 2491 5.

89 2680 99 2691 ⁸
112 2680 141 2702 D.
157 2679 217 2702 1062.

114 3604 150 3627 Cf.
166 3611 230 3627 num.
246 3611 280 3627 ιιι.

326 256 401 302 384

326 337 471 375 dicitur.
505 336 622 383 Quod
651 336 764 373 etiarn
785 341 799 363 ⁷
820 344 1006 373 consonat
1035 335 1142 372 dictis
1167 335 1310 383 Hilarii,
1332 336 1397 385 qui

327 390 426 437 dicit,
457 390 495 426 in
525 391 556 426 ΙΙ
586 390 631 426 de
663 389 766 426 Trin.
788 388 824 435 ³³⁶,
855 390 959 437 quod
994 389 1152 437 Spiritus
1186 389 1347 426 Sanctus
1371 401 1395 426 a

325 445 438 480 Patre
471 449 506 479 et
540 443 637 479 Filio
674 443 889 478 auctoribus
923 442 1152 488 confitendus
1189 447 1251 478 est.
1291 443 1393 489 Ergo

326 498 439 533 Pater
468 503 503 532 et
531 495 648 532 Filius
676 507 755 531 non
789 503 876 531 sunt
903 507 1024 531 unum
1052 494 1282 543 principium
1312 495 1395 544 Spi-

327 549 418 585 ritus
448 548 587 585 Sancti.

382 603 456 638 SED
486 613 631 638 CONTRA
660 612 726 637 EsT
754 601 860 649 quod
894 600 1127 647 Augustinus
1157 599 1264 647 dicit,
1294 600 1332 637 in
1359 601 1395 637 V

326 655 372 692 de
403 656 439 692 T
436 655 506 691 rin.
527 654 563 701 ²¹⁴,
594 654 699 702 quod
735 654 847 690 Pater
885 661 919 689 et
949 653 1064 690 Filius
1093 665 1172 689 non
1200 661 1288 690 sunt
1317 654 1393 691 duo

325 707 525 757 principia,
559 707 628 744 sed
655 718 778 743 unum
806 706 1035 755 principium
1065 705 1224 754 Spiritus
1255 706 1393 743 Sancti.

381 762 606 797 RESPONDEO
636 771 823 796 DICENDUM
861 760 964 807 quod
994 760 1106 795 Pater
1142 766 1177 795 et
1211 758 1328 796 Filius
1356 759 1394 795 in

327 813 505 850 omnibus
542 825 662 849 unum
701 819 808 859 sunt,
845 812 882 848 in
912 812 1049 860 quibus
1087 824 1166 848 non
1206 811 1396 859 distinguit

326 866 422 903 inter
452 879 519 903 eos
547 865 739 902 relationis
769 865 971 914 oppositio.
1002 865 1126 911 Unde,
1153 877 1241 900 cum
1262 864 1300 901 in
1319 866 1395 901 hoc

327 919 432 967 quod
462 927 517 956 est
537 931 619 955 esse
639 917 866 966 principium
888 917 1046 966 Spiritus
1067 917 1206 964 Sancti,
1228 930 1307 954 non
1327 930 1395 966 op-

325 980 517 1021 ponantur
545 972 713 1016 relative,
744 971 912 1019 sequitur
940 971 1045 1019 quod
1073 972 1186 1006 Pater
1215 978 1250 1007 et
1278 970 1394 1007 Filius

327 1032 414 1062 sunt
441 1037 562 1061 unum
590 1023 817 1072 principium
848 1023 1008 1072 Spiritus
1039 1023 1178 1060 Sancti.

380 1077 549 1125 Quidam
578 1084 705 1114 tamen
735 1076 864 1113 dicunt
891 1077 991 1113 hanc
1020 1089 1103 1113 esse
1131 1076 1393 1125 impropriam,

324 1132 439 1167 Pater
475 1136 511 1166 et
544 1130 663 1166 Filzus
699 1135 786 1166 sunt
823 1142 939 1166 unum
970 1129 1202 1190 principia-m
1236 1129 1396 1178 Spiritus

325 1183 463 1220 Sancti.
495 1183 596 1230 Quia
617 1195 705 1219 curn
733 1183 809 1219 hoc
833 1195 977 1219 nornen
999 1182 1242 1231 principium,
1269 1182 1395 1231 singu—

325 1236 449 1273 lariter
470 1234 484 1258 ⁸
511 1244 724 1284 acceptum,
755 1248 833 1272 non
862 1235 1048 1283 significet
1076 1247 1294 1284 personam,
1326 1236 1394 1273 sed

323 1289 611 1338 proprietatem,
642 1289 772 1326 dicunt
801 1289 906 1337 quod
935 1289 1096 1326 sumitur
1124 1289 1328 1326 adiective:
1360 1297 1395 1326 et

326 1343 413 1392 quia
450 1342 680 1379 adiectivum
716 1354 794 1378 non
832 1341 1105 1378 determinatur
1142 1354 1212 1391 per
1246 1342 1395 1379 adiecti-

324 1408 418 1433 vum
440 1401 461 1442 ⁸,
490 1408 568 1432 non
595 1402 721 1444 potest
750 1395 1023 1432 convenienter
1048 1394 1122 1432 dici
1150 1395 1255 1444 quod
1283 1396 1395 1432 Pater

327 1456 362 1485 et
377 1448 493 1485 Filius
513 1449 586 1485 sint
599 1461 721 1485 unum
741 1448 970 1497 principium
988 1448 1146 1496 Spiritus
1163 1448 1307 1485 Sancti:
1325 1448 1394 1485 nisi

327 1514 443 1538 unum
463 1501 688 1549 intelligatur
715 1501 824 1550 quasi
853 1501 1120 1538 adverbialiter
1142 1502 1324 1550 positum,
1353 1509 1395 1538 ut

327 1554 372 1591 sit
391 1567 536 1601 sensus,
557 1559 644 1591 sunt
662 1566 778 1591 unum
794 1554 1036 1603 principium,
1057 1554 1154 1591 idest
1174 1567 1248 1591 uno
1269 1555 1392 1591 modo.

325 1628 349 1635 -
371 1608 448 1644 Sed
477 1607 586 1644 simili
614 1607 758 1644 ratione
786 1615 917 1656 posset
945 1607 1017 1644 dici
1046 1608 1159 1644 Pater
1188 1608 1266 1644 duo
1294 1607 1394 1656 prin-

327 1660 423 1710 cipia
443 1660 525 1697 Filii
546 1668 581 1697 et
601 1660 762 1709 Spiritus
788 1660 926 1708 Sancti,
952 1660 1048 1698 idest
1072 1661 1216 1698 duobus
1236 1661 1366 1698 modis.

380 1713 597 1751 Dicendum
617 1721 673 1750 est
688 1725 777 1761 ergo
794 1713 1016 1762 quodslicet
1034 1715 1109 1750 hoc
1129 1726 1273 1750 nomen
1286 1714 1394 1762 prin-

326 1767 463 1815 cipium
493 1766 677 1814 significet
699 1766 971 1816 proprietatem
991 1766 1022 1813 *,
1052 1774 1182 1803 tamen
1210 1767 1395 1814 significat

327 1832 413 1856 eam
440 1832 510 1868 per
543 1820 704 1856 modurn
739 1819 984 1856 substantivi:
1015 1821 1110 1856 sicut
1141 1821 1216 1856 hoc
1250 1832 1394 1857 nornen

319 1878 432 1921 pater
459 1873 520 1910 vel
550 1872 564 1898 ζ
589 1873 698 1921 filius
734 1873 847 1909 etiam
882 1872 919 1909 in
955 1873 1068 1909 rebus
1102 1872 1247 1909 creatis.
1282 1873 1394 1910 Unde

325 1937 530 1962 numerum
551 1926 685 1974 accipit
704 1938 726 1963 a
747 1926 870 1962 forma
894 1925 1114 1973 significata,
1136 1925 1230 1962 sicut
1259 1933 1295 1963 et
1323 1926 1394 1963 alia

326 1978 572 2015 substantiva.
605 1979 708 2015 Sicut
727 1978 837 2026 igitur
857 1979 969 2015 Pater
998 1986 1034 2015 et
1054 1978 1171 2015 Filius
1191 1986 1278 2015 sunt
1298 1991 1394 2016 unus

325 2033 440 2078 Deus,
456 2039 612 2080 propter
626 2031 808 2068 unitatem
823 2033 970 2068 formae
986 2031 1218 2080 significatae
1234 2044 1302 2081 per
1316 2033 1391 2069 hoc

326 2097 468 2121 nomen
495 2086 623 2129 Deus;
651 2085 702 2122 ita
722 2092 808 2122 sunt
826 2097 947 2121 unum
973 2084 1203 2134 principium
1233 2085 1394 2134 Spiritus

327 2137 471 2185 Sancti,
500 2145 657 2187 propter
684 2138 869 2175 unitatem
896 2137 1135 2187 proprietatis
1165 2138 1394 2186 significatae

326 2190 364 2227 in
392 2192 467 2227 hoc
496 2190 654 2227 nomine
676 2191 907 2239 principium
927 2190 959 2227 ³⁸.

379 2245 437 2280 AD
467 2255 603 2280 PRIMUM
636 2255 734 2280 ERoo
769 2256 954 2281 DlCENDUM
973 2243 1092 2292 quod,
1122 2243 1152 2280 si
1181 2243 1395 2281 attendatur

326 2296 447 2333 virtus
475 2296 667 2345 spirativa,
690 2297 850 2346 Spiritus
871 2297 1032 2333 Sanctus
1051 2296 1224 2344 procedit
1243 2309 1265 2333 a
1284 2297 1395 2333 Patre

327 2357 363 2386 et
391 2349 487 2386 Filio
525 2348 750 2398 inquantum
780 2357 867 2386 sunt
894 2361 1015 2386 unum
1046 2349 1084 2385 in
1112 2349 1250 2386 virtute
1280 2349 1395 2398 spira-

326 2402 415 2450 tiva,
446 2415 544 2451 quae
574 2402 865 2452 quodammodo
896 2402 1081 2450 significat
1109 2409 1285 2439 naturam
1306 2415 1395 2439 cum

325 2455 566 2505 proprietate,
594 2463 636 2492 ut
663 2455 759 2492 infra
777 2455 797 2477 '¹‘
826 2455 982 2493 dicetur.
1012 2455 1151 2503 Neque
1181 2462 1237 2492 est
1264 2455 1394 2493 incon-

324 2508 484 2546 veniens
512 2521 630 2546 unam
658 2508 930 2557 proprietatem
957 2520 1039 2545 esse
1068 2507 1106 2545 in
1133 2508 1284 2545 duobus
1308 2521 1395 2557 sup-

325 2561 468 2611 positis,
491 2574 658 2610 quorum
687 2570 743 2598 est
770 2574 846 2598 una
870 2570 1016 2598 natura.
1048 2561 1087 2598 Si
1107 2573 1200 2599 vero
1222 2561 1395 2599 conside-

326 2622 454 2652 rentur
482 2615 678 2664 supposita
706 2614 931 2664 spirationis,
962 2613 1015 2651 sic
1044 2613 1203 2663 Spiritus
1233 2615 1395 2652 Sanctus

324 2668 497 2716 procedit
516 2681 538 2705 a
558 2669 667 2706 Patre
689 2675 725 2705 et
745 2668 839 2705 Filio
859 2675 900 2704 ut
919 2674 1006 2705 sunt
1025 2667 1151 2716 plures
1166 2667 1202 2704 *ε
1223 2668 1396 2717 procedit

327 2721 428 2758 enim
457 2722 504 2758 ab
534 2721 587 2758 eis
615 2728 657 2758 ut
685 2733 794 2758 amor
821 2721 1021 2768 unitivus‘3
1051 2720 1230 2759 duorum.

378 2775 437 2811 AD
470 2786 664 2812 SECUNDUM
693 2786 877 2812 mcaNDuM
915 2775 1042 2834 quodt,
1082 2786 1170 2811 cum
1209 2772 1375 2812 dicitur⁰

324 2828 437 2864 Pater
473 2833 509 2864 et
541 2827 660 2864 Filius
696 2833 783 2864 sunt
820 2840 935 2864 unum
965 2827 1196 2877 principium
1234 2827 1393 2876 Spiritus

326 2880 463 2926 Sancti,
485 2880 702 2928 designatur
728 2893 805 2917 una
829 2880 1052 2929 proprietas,
1075 2893 1173 2929 quae
1193 2888 1249 2918 est
1268 2881 1392 2918 forma

377 3012 404 3045 γ)
427 3011 505 3042 Quod
523 3012 614 3038 etiam.
630 3025 650 3031 -
669 3012 704 3037 Et
722 3012 843 3043 ABCDF,
863 3013 954 3038 Etiam
974 3013 1006 3042 G¹
1026 3013 1081 3038 Sed
1099 3014 1130 3039 E.

377 3046 402 3080 ὃ)
421 3047 604 3080 singulariter.
621 3061 641 3066 -
658 3047 814 3079 simpliciter
832 3048 885 3073 BD.

378 3083 400 3114 ε)
421 3082 513 3108 dicunt
531 3083 603 3115 quod
656 3090 708 3115 per
726 3083 896 3108 adiectivum.
914 3097 933 3102 —
951 3083 1054 3109 Omittit
1072 3084 1100 3109 Ρ.

377 3117 402 3150 ζ)
423 3119 471 3143 vel.
490 3132 508 3137 —
526 3121 552 3143 et
570 3118 633 3143 Pab.

378 3154 404 3185 η)
425 3153 551 3179 unitivas.
568 3168 587 3173 -
606 3156 712 3178 mutuus
731 3153 873 3178 ABCDEF.

378 3187 402 3221 θ)
423 3189 529 3214 dicitur.
546 3201 566 3208 —
584 3189 646 3214 Om.
665 3188 810 3214 BCDEFG.
827 3201 847 3208 —
865 3189 916 3213 Pro
935 3193 1004 3219 sunt,
1024 3190 1079 3215 sint
1096 3189 1173 3215 ACE.

984 257 1251 303 QUAESTIO
1280 257 1455 303 XXXVI,
1486 256 1782 293 ARTICULUS
1813 256 1864 292 lV

1451 335 1660 384 significata
1679 348 1749 384 per
1768 347 1923 372 nomen.
1945 336 2060 372 Non
2079 343 2209 372 tamen
2229 337 2397 385 sequitur
2416 337 2522 386 quod

1449 397 1607 448 propter
1624 389 1754 437 plures
1773 388 2024 437 proprietates
2049 388 2170 437 possit
2190 388 2262 425 dici
2282 390 2395 426 Pater
2413 391 2522 439 plura

1449 442 1659 491 principia:
1699 441 1788 490 quia
1825 441 2082 490 implicaretur
2117 442 2312 490 pluralitas
2350 444 2522 492 supposi-

1450 502 1590 532 torum.

1503 550 1561 585 An
1590 559 1750 585 TERTmM
1779 560 1963 585 DICENDUM
1985 547 2091 596 quod
2111 547 2324 585 secundum
2344 548 2520 586 relativas

1448 601 1697 649 proprietates
1732 613 1811 638 non
1849 601 2053 638 attenditur
2080 600 2119 637 in
2148 600 2285 638 divinis
2314 601 2521 638 similitudo

1448 654 1511 691 vel
1532 654 1808 701 dissimilitudo,
1829 654 1898 691 sed
1917 654 2131 691 secundum
2152 653 2367 691 essentiam.
2396 655 2521 702 Unde,

1450 706 1545 743 sicut
1573 708 1686 743 Pater
1713 719 1794 744 non
1822 715 1878 744 est
1906 707 2064 744 similior
2092 707 2162 744 sibi
2191 719 2308 756 quam
2338 707 2446 754 Filio,
2471 707 2522 744 ita

1449 771 1521 795 nec
1549 759 1665 796 Filius
1694 759 1852 796 similior
1880 761 1981 797 Patri
2011 773 2127 809 quam
2158 760 2317 809 Spiritus
2347 761 2520 797 Sanctus.

1502 813 1561 848 AD
1582 824 1756 854 QUARTUM
1776 825 1960 850 DICENDUM
1980 813 2086 862 quod
2105 814 2202 850 haec
2222 814 2311 861 duo,
2334 814 2474 851 scilicet
2494 820 2519 860 ⁸²,

1448 865 1561 901 Pater
1589 871 1625 901 et
1649 865 1769 901 Filius
1804 871 1892 902 sunt
1916 865 2040 915 {unum
2071 867 2303 915 principium
2341 867 2443 915 quod
2469 872 2524 903 est

1448 918 1572 963 Pater,
1594 925 1669 963 aut,
1701 930 1818 954 unum
1841 918 2072 967 principium
2101 920 2202 967 quod
2228 932 2302 957 non
2324 926 2378 957 est
2393 921 2520 966 Pater,

1449 982 1528 1006 non
1557 978 1644 1007 sunt
1673 970 1962 1007 contradictorie
1997 972 2184 1020 opposita.
2215 973 2326 1010 Unde
2356 985 2436 1010 non
2466 980 2522 1010 est

1449 1035 1605 1060 necesse
1626 1024 1786 1060 alterurn
1808 1035 1943 1060 eorum
1964 1024 2066 1061 dare.
2099 1024 2199 1061 Cum
2221 1025 2323 1062 enim
2344 1025 2519 1079 dicimus,

1447 1077 1562 1113 Pater
1579 1082 1616 1112 et
1637 1076 1756 1113 Filius
1783 1082 1871 1113 sunt
1897 1089 2014 1114 unum
2037 1077 2281 1126 principium,
2311 1070 2386 1115 hoc
2415 1055 2521 1128 quod

1450 1129 1535 1166 dico
1567 1130 1820 1178 principium,
1851 1142 1930 1166 non
1958 1130 2075 1167 habet-
2111 1130 2403 1168 determinatam
2432 1143 2521 1191 sup-

1448 1182 1697 1231 positionem:
1727 1182 1804 1219 imo
1835 1183 2036 1220 confusam
2069 1195 2140 1232 pro
2169 1184 2319 1221 duabus
2345 1184 2522 1233 personis

1449 1235 1574 1272 simul.
1604 1235 1715 1273 Unde
1744 1235 1782 1272 in
1810 1248 1996 1284 processu
2025 1244 2081 1273 est
2109 1237 2255 1274 fallacia
2275 1237 2435 1285 Figurae
2455 1236 2522 1274 Di-

1450 1288 1596 1336 ctionis,
1618 1301 1640 1325 a
1664 1289 1822 1325 confusa
1850 1289 2112 1338 suppositione
2141 1289 2190 1326 ad
2214 1290 2519 1327 determinatam.

1503 1343 1562 1379 An
1583 1353 1746 1384 QUINTUM
1765 1354 1949 1379 DlCENDuM
1970 1343 2074 1391 quod
2094 1343 2190 1380 haec
2211 1342 2324 1396 etiarn
2346 1351 2402 1380 est
2414 1355 2520 1391 vera,

1450 1407 1566 1432 unum
1589 1395 1820 1444 principium
1850 1396 2008 1444 Spiritus
2037 1396 2167 1433 Sancti
2192 1402 2247 1433 est
2272 1397 2386 1434 Pater
2405 1402 2442 1434 et
2457 1395 2521 1434 Fi-

1448 1447 1530 1485 lius.
1561 1449 1662 1495 Quia
1691 1449 1766 1485 hoc
1795 1449 1900 1496 quod
1931 1449 2016 1486 dico
2043 1449 2294 1498 principium,
2323 1462 2403 1487 non
2431 1461 2522 1499 sup-

1448 1501 1555 1550 ponit
1574 1514 1644 1550 pro
1665 1514 1743 1538 una
1762 1513 1927 1550 persona
1947 1510 2107 1550 tantum,
2129 1502 2198 1539 sed
2217 1502 2430 1540 indistincte
2448 1514 2521 1553 pro
2578 1515 2581 1517 ’

1449 1555 1610 1602 duabus,
1644 1562 1686 1591 ut
1719 1554 1863 1592 dictum
1894 1562 1950 1592 est
1967 1555 1998 1592 ³¹².

1502 1609 1561 1644 AD
1590 1619 1732 1645 SEXTUM
1760 1619 1945 1645 mCENDUM
1975 1609 2081 1657 quod
2102 1608 2377 1646 convenienter
2394 1617 2522 1659 potest

1449 1660 1521 1697 dici
1551 1661 1657 1709 quod
1686 1662 1799 1707 Pater
1828 1668 1864 1698 et
1892 1661 2009 1698 Filius
2029 1669 2117 1699 sunt
2143 1661 2247 1699 idem
2275 1662 2519 1712 principium,

1449 1713 1663 1750 secundum
1691 1714 1796 1763 quod
1825 1715 1862 1762 ly
1883 1715 2114 1762 principium
2148 1715 2329 1764 supponit
2362 1716 2520 1753 confuse

1449 1773 1486 1803 et
1513 1766 1725 1804 indistincte
1755 1779 1826 1816 pro
1857 1767 2006 1804 duabus
2033 1768 2208 1815 personis
2237 1768 2349 1805 simul
2369 1767 2382 1790 λ
2399 1768 2430 1806 *.

1529 1821 1588 1856 AD
1617 1831 1798 1856 saprmum
1826 1831 2011 1857 DICENDUM
2054 1820 2159 1868 quod
2194 1821 2351 1869 quidam
2391 1821 2522 1859 dicunt

1449 1872 1555 1920 quod
1583 1873 1696 1909 Pater
1725 1880 1761 1909 et
1791 1872 1918 1920 Filius,
1940 1872 2024 1909 licet
2050 1873 2122 1910 sint
2140 1885 2263 1911 unum
2291 1874 2521 1924 principium

1450 1924 1610 1974 Spiritus
1640 1925 1784 1972 Sancti,
1815 1933 1903 1963 sunt
1930 1933 2060 1963 tamen
2087 1926 2161 1963 duo
2188 1927 2403 1975 spiratores,
2431 1940 2521 1978 pro-

1448 1985 1531 2026 pter
1547 1978 1829 2015 distinctionem
1849 1979 2147 2028 suppositorum,
2165 1979 2261 2017 sicut
2276 1980 2390 2018 etiarn
2405 1987 2426 2009 ‘⁴‘
2443 1981 2518 2018 duo

1447 2031 1648 2079 spirantes:
1669 2032 1758 2081 quia
1778 2039 1883 2068 actus
1904 2032 2117 2069 referuntur
2136 2032 2185 2070 ad
2205 2033 2413 2082 supposita.
2435 2034 2520 2072 Nec

1450 2091 1505 2120 est
1533 2085 1671 2122 eadem
1709 2085 1802 2121 ratio
1839 2085 1886 2122 de
1919 2085 1995 2122 hoc
2027 2085 2186 2123 nomine
2219 2087 2389 2124 Creator.
2419 2087 2522 2135 Quia

1450 2137 1610 2186 Spiritus
1631 2138 1793 2175 Sanctus
1817 2138 1991 2187 procedit
2019 2150 2041 2175 a
2069 2139 2180 2176 Patre
2202 2147 2239 2176 et
2259 2139 2355 2177 Filio
2375 2147 2416 2178 ut
2434 2147 2522 2179 sunt

1449 2191 1548 2228 duae
1582 2203 1771 2240 personae
1806 2190 2017 2239 distinctae,
2047 2199 2089 2228 ut
2118 2191 2261 2230 dictum
2291 2200 2347 2230 est
2373 2192 2412 2231 *ε
2441 2205 2522 2232 non

1449 2251 1579 2281 autem
1601 2252 1772 2281 creatura
1799 2244 1972 2293 procedit
1991 2257 2013 2281 a
2032 2244 2152 2282 tribus
2179 2245 2355 2294 personis
2374 2253 2416 2284 ut
2434 2253 2522 2285 sunt

1449 2309 1636 2346 personae
1667 2297 1875 2343 distinctae,
1906 2297 1974 2334 sed
2002 2305 2044 2334 ut
2070 2306 2157 2335 sunt
2175 2311 2298 2336 unum
2326 2298 2365 2336 in
2394 2312 2521 2339 essen·

1449 2349 1510 2386 tia.
1531 2370 1555 2377 -
1577 2349 1655 2387 Sed
1682 2349 1833 2387 videtur
1870 2349 2005 2387 melius
2044 2350 2250 2388 dicendum
2280 2352 2402 2401 quod,
2433 2352 2522 2402 quia

1448 2403 1596 2451 spirans
1625 2402 1856 2440 adiectivum
1894 2410 1970 2451 est,
1998 2403 2163 2452 spirator
2189 2416 2284 2441 vero
2319 2405 2521 2444 substanti-

1449 2468 1560 2493 vum:
1582 2468 1788 2505 possumus
1813 2455 1937 2493 dicere
1967 2457 2072 2506 quod
2101 2457 2214 2494 Pater
2235 2464 2272 2494 et
2291 2457 2405 2496 Filius
2433 2466 2522 2496 sunt

1448 2508 1522 2546 duo
1540 2509 1735 2557 spirantes,
1756 2516 1914 2558 propter
1931 2509 2186 2558 pluralitatem
2207 2510 2518 2560 suppositorum3

1449 2574 1528 2599 non
1556 2569 1686 2599 autem
1705 2562 1779 2598 duo
1801 2562 2004 2610 spiratores
2022 2562 2054 2610 ³¹⁸,
2083 2570 2242 2612 propter
2261 2576 2381 2602 unam
2401 2563 2520 2614 spira·
2548 2580 2558 2591 ·

1447 2614 1604 2652 tionem.
1635 2615 1738 2652 Nam
1759 2614 1944 2652 adiectiva
1965 2615 2124 2653 nomina
2143 2616 2286 2654 habent
2313 2629 2520 2656 numerum

1448 2667 1660 2706 secundum
1679 2667 1876 2717 supposita
1895 2667 1935 2690 ²⁸⁸·
1927 2697 1935 2705 .
1961 2669 2198 2706 substantiva
2216 2682 2310 2707 vero
2332 2683 2354 2708 a
2373 2670 2518 2722 seipsis,

1448 2774 1612 2811 Hilarius
1642 2773 1742 2821 dicit,
1772 2774 1878 2824 quod
1900 2774 2059 2823 Spiritus
2080 2776 2242 2816 Sanctus
2271 2784 2328 2814 est
2354 2789 2379 2814 a
2405 2777 2519 2815 Patre

1447 2833 1483 2864 et
1507 2827 1604 2864 Filio
1632 2827 1848 2864 auctoribus
1867 2827 1898 2875 ³⁸,
1930 2828 2203 2877 exponendum
2233 2837 2288 2867 est
2316 2830 2421 2879 quod
2447 2842 2519 2880 po,—
2549 2843 2559 2853 ·

1446 2880 1546 2918 nitur
1573 2880 1854 2918 substantivum
1883 2893 1954 2930 pro
1984 2880 2186 2924 adiectivo.

1501 3012 1520 3046 ι)
1539 3013 1610 3038 Non.
1626 3026 1647 3033 -
1664 3013 1721 3039 Nec
1738 3013 1862 3038 ACEFG.
1880 3027 1899 3032 —
1918 3014 1969 3039 Pro
1983 3015 2079 3046 possit,
2093 3017 2188 3047 posset
2205 3014 2316 3040 CFGab.

1501 3049 1526 3081 κ)
1545 3049 1652 3074 scilicet.
1669 3062 1688 3068 -
1707 3048 1769 3074 Om.
1783 3049 1895 3074 codices.

1499 3083 1528 3116 λ)
1547 3084 1591 3109 Ad
1614 3087 1758 3109 sextum...
1772 3084 1860 3109 simul.
1878 3098 1897 3103 -
1915 3085 2076 3110 Solutionem
2101 3085 2165 3110 sexti
2190 3085 2336 3117 argumenti
2354 3093 2409 3112 om.
2427 3083 2517 3112 13an

1446 3119 1517 3149 FGa,
1533 3125 1559 3144 et
1571 3124 1727 3152 sequentem
1739 3119 1784 3144 Ad
1797 3123 1904 3145 sextum
1921 3120 2076 3151 insci-{buon
2095 3120 2140 3145 BD
2155 3121 2271 3153 margine
2284 3121 2456 3148 omissionem
2469 3129 2518 3148 uo·

1446 3159 1500 3179 tant
1519 3155 1581 3187 quin
1601 3155 1746 3188 suppleant,
1765 3160 1791 3180 et
1808 3155 1852 3180 Ad
1869 3158 1977 3181 sextum
1997 3155 2130 3188 corrigunt
2148 3156 2174 3180 in
2191 3157 2236 3181 Ad
2254 3156 2404 3189 septimum.

1501 3190 1529 3224 μ.)
1548 3190 1638 3215 etiam.
1657 3204 1676 3209 -
1694 3190 1756 3215 Om.
1775 3190 1920 3216 BCDEFG.

1006 3286 1338 3320 Commentario.
1361 3286 1611 3320 Garamans
1634 3287 1833 3320 Caietam

330 3391 376 3453 ΙΝ
400 3381 503 3418 titulo,
522 3383 600 3414 scito
625 3383 714 3424 quod
732 3383 783 3414 hic
800 3390 846 3414 est
870 3384 1013 3424 quaestio
1038 3391 1068 3415 et
1091 3385 1129 3415 de
1145 3395 1192 3421 re,
1217 3394 1258 3415 an
1278 3385 1321 3415 ita
1336 3384 1391 3420 sit,

358 3426 473 3457 scilicet
495 3427 584 3467 quod
608 3428 698 3458 Pater
721 3434 751 3458 et
774 3427 873 3458 Filius
902 3428 964 3459 sint
988 3438 1090 3459 unum
1119 3438 1254 3460 nurnero
1278 3428 1393 3470 princi-

328 3469 417 3508 pium
434 3470 567 3511 Spiritus
578 3471 697 3502 Sancti:
723 3478 753 3502 et
769 3472 808 3502 de
827 3472 1046 3512 propositione
1062 3473 1131 3510 ista,
1147 3483 1187 3504 an
1204 3473 1252 3510 sit,
1265 3472 1392 3514 proprie

328 3520 463 3553 sumpta,
489 3524 570 3545 vera.

388 3557 421 3586 In
442 3567 573 3597 corpore
598 3559 662 3589 duo
688 3559 772 3590 facit:
799 3560 913 3599 primo,
939 3561 1110 3600 respondet
1125 3561 1269 3602 quaesito
1285 3560 1391 3602 quoad

328 3610 410 3637 rem;
435 3603 584 3639 secundo,
610 3604 717 3643 quoad
741 3604 966 3644 proprietatem
989 3605 1218 3645 propositionis
1229 3605 1256 3636 *.

1504 3385 1541 3415 11.
1566 3385 1684 3422 Quoad
1702 3386 1859 3426 primum,
1887 3391 1934 3416 est
1956 3385 2033 3416 haec
2053 3385 2234 3416 conclusio:
2258 3386 2349 3417 Pater
2368 3393 2398 3417 et
2416 3385 2515 3417 Filius

1445 3435 1519 3459 sunt
1535 3439 1638 3460 unum
1652 3429 1846 3470 principium
1872 3429 2006 3469 Spiritus
2021 3429 2165 3461 Sancti-
2178 3430 2219 3461 Et
2237 3430 2400 3470 probatur.
2423 3430 2514 3460 Pater

1445 3479 1475 3503 et
1490 3472 1589 3504 Filius
1613 3480 1687 3504 sunt
1711 3483 1814 3504 unum
1829 3473 1862 3503 in
1882 3472 2056 3504 omnibus·
2049 3484 2080 3504 m
2096 3473 2213 3514 quibus
2233 3484 2300 3505 non
2315 3474 2514 3523 distinguun—

1444 3523 1495 3547 tur
1510 3517 1636 3547 relativa
1648 3517 1867 3557 oppositione:
1885 3527 1960 3557 ergo
1974 3525 2047 3548 sunt
2059 3527 2161 3549 unum
2175 3517 2367 3559 principium
2379 3513 2514 3558 Spiritus

1445 3560 1559 3591 Sancti.
1578 3576 1602 3584 -
1614 3561 1655 3591 Et
1670 3567 1755 3591 tenet
1771 3561 1914 3601 sequela:
1932 3561 2007 3602 quia
2023 3561 2055 3592 in
2072 3562 2134 3592 hoc
2150 3563 2239 3603 quod
2256 3568 2302 3593 est
2317 3571 2383 3592 esse
2398 3560 2513 3602 princi-

1445 3604 1536 3644 pium
1559 3604 1694 3645 Spiritus
1714 3604 1829 3641 Sancti,
1856 3614 1921 3635 non
1939 3613 2149 3647 opponuntur
2165 3605 2291 3637 relative
2307 3604 2508 3636 adinvicem.

1900 3674 1916 3684 π

2549 1564 2558 1574 ·
2573 1563 2600 1586 In
2614 1564 2715 1593 rapaci
2727 1570 2755 1592 4.

2550 1802 2603 1825 ¹1).
2617 1808 2671 1832 ¹¹34·

2549 2205 2560 2215 ·
2573 2203 2600 2226 ln
2614 2209 2677 2234 resp.
2691 2204 2720 2227 nd
2734 2210 2753 2227 x.

2574 2579 2605 2602 D.
2618 2586 2661 2608 4¹¹,
2676 2585 2729 2610 ¹¹³³·

2547 2680 2649 2704 ·n.18.

1448 2722 1659 2759 secundum
1699 2722 1864 2758 formam
1903 2721 2152 2769 significatam
2173 2721 2204 2760 ³¹⁸.
2224 2744 2249 2751 -
2270 2723 2388 2771 Quod
2423 2735 2519 2762 vero
2548 2738 2557 2747 ·

2570 2737 2601 2760 D.
2615 2743 2666 2766 9²7·

2570 2842 2600 2866 D.
2614 2849 2656 2871 4ο.
