2768 4178
95 1512 105 1520 ·
119 1510 191 1532 Prosa
205 1516 237 1532 vt.

89 2415 100 2426 '
114 2415 182 2437 Vers.
192 2422 213 2438 2.

114 2503 181 2525 Vcts.
191 2510 223 2532 ²5-

325 279 376 316 94
1079 262 1348 320 QUAE'STIO
1377 274 1759 322 x,.ART1‹:ULUs
1789 275 1803 311 1

1047 437 1460 551 QUAESTio
1497 474 1811 530 DECIMA

923 592 1028 632 DE
1082 592 1226 632 DEI

1280 592 1927 633 AETERNITATE

1174 697 1209 722 IN
1238 698 1305 723 SEX
1331 698 1534 724 ARTICULOS
1561 699 1679 724 DIVISA

414 795 522 820 EtNDE
556 784 748 832 quaeritur
780 784 828 821 de
857 783 1087 821 aeternitate.
1117 784 1167 820 Et
1201 781 1299 821 circa
1327 785 1402 821 hoc

415 844 650 885 quaeruntur
677 849 754 875 sex.

386 890 532 927 Primo:
563 890 656 939 quid
685 891 731 928 sit
759 890 971 927 aeternitas.

386 943 584 980 Secundo:
614 951 743 981 utrum
771 945 878 981 Deus
907 943 953 980 sit
980 950 1168 980 aeternus.

385 996 534 1033 Tertio:
555 1004 682 1034 utrum
702 1009 785 1034 esse
806 1005 1004 1034 aeternum
1029 996 1075 1033 sit
1092 995 1294 1045 proprium
1315 995 1400 1033 Dei.

1511 784 1679 831 Quarto:
1708 792 1838 822 utrum
1867 785 2070 822 aeternitas
2099 785 2248 822 differat
2266 797 2288 822 a
2307 793 2483 835 tempore
2497 791 2527 823 ⁶¹.
2654 797 2672 815 α

1511 837 1672 884 Quinto:
1704 837 1751 874 de
1781 837 1993 875 differentia
2022 838 2107 876 aevi
2137 846 2173 875 et
2201 839 2397 888 temporis.

1512 890 1649 927 Sexto:
1678 898 1808 928 utrum
1836 891 1883 928 sit
1913 904 2037 928 unum
2066 903 2208 929 aevum
2236 899 2403 940 tantum,
2434 892 2530 929 sicut

1565 950 1622 980 est
1647 955 1771 987 unum
1799 948 1957 994 tempus·
1982 952 2019 982 et
2049 957 2128 982 una
2156 945 2370 983 aeternitas.

1153 1101 1473 1144 ARTICULUS
1503 1101 1711 1143 PRIMUS

476 1195 632 1227 UTRUM
657 1195 1001 1227 CONVENIENTER
1023 1195 1292 1226 DEFINIATUR
1314 1194 1601 1231 AETERNITAS,
1627 1194 1750 1232 QUOD
1775 1194 1856 1226 EST
1881 1194 2230 1227 INTERMINABILIS
2253 1195 2385 1227 VITAE

998 1239 1123 1271 TOTA
1147 1239 1278 1271 SIMUL
1302 1239 1361 1270 ET
1385 1238 1614 1270 PERFECTA
1637 1239 1860 1271 POSSESSIO

1040 1319 1049 1343 l
1065 1318 1148 1348 Sent„
1169 1319 1229 1344 dist.
1243 1326 1298 1349 vm,
1317 1326 1363 1351 qu.
1376 1325 1409 1349 n,
1428 1323 1474 1343 art.
1494 1325 1515 1349 13
1535 1318 1577 1343 De
1594 1318 1695 1347 Causis,
1715 1318 1774 1343 lect.
1787 1325 1815 1343 11.

363 1420 424 1461 ³025,ss
450 1402 567 1466 Μή((1)
596 1415 733 1441 ramum
761 1415 814 1440 sm
842 1415 1082 1441 Pkocanrrua.
1112 1402 1272 1440 Videtur
1296 1402 1402 1452 quod

357 1446 516 1517 'Vi-ff
545 1469 624 1494 non
644 1456 690 1494 sit
713 1457 948 1494 conveniens
968 1456 1139 1494 definitio
1159 1455 1401 1502 aeternitatis,

348 1510 396 1567 ἰῇ
407 1526 469 1554 *⁷4
484 1500 664 1558 saquam
679 1510 834 1547 Boetius
852 1510 962 1560 ponit
974 1510 1010 1547 V
1023 1510 1070 1547 de
1093 1509 1356 1547 Consolatione
1368 1508 1400 1556 ²¹⁸,

387 1538 447 1590 ὲ
500 1555 531 1597 K
546 1563 675 1602 dicens
695 1563 803 1612 quod
821 1563 1022 1601 aeternitas
1045 1569 1100 1600 est
1117 1562 1402 1600 interminabilis

332 1617 431 1654 vitae
444 1608 534 1654 'tota
561 1617 675 1654 simul
701 1623 738 1654 et
756 1618 928 1666 perfecta
946 1617 1143 1666 possessio,
1179 1615 1401 1654 Intermina-

332 1670 405 1707 bile
435 1670 537 1707 enim
566 1670 740 1719 negative
770 1670 914 1708 dicitur.
951 1670 1028 1707 Sed
1057 1670 1209 1718 negatio
1237 1682 1317 1707 non
1347 1677 1414 1707 est*

332 1723 380 1760 de
399 1723 544 1761 ratione
564 1723 634 1761 nisi
654 1735 791 1761 eorum
812 1736 912 1772 quae
932 1730 1020 1761 sunt
1038 1723 1270 1761 deficientia:
1295 1723 1401 1772 quod

331 1777 541 1814 aeternitati
560 1789 640 1814 non
669 1777 863 1827 competit.
893 1778 996 1826 Ergo
1025 1776 1064 1814 in
1093 1776 1315 1814 definitione
1339 1789 1401 1814 ae-

330 1829 511 1867 ternitatis
539 1843 618 1868 non
648 1830 762 1868 debet
787 1830 881 1879 poni
908 1829 1193 1868 interminabile.

385 1895 421 1920 2.
451 1884 685 1931 PRAETEREA,
707 1883 908 1921 aeternitas
937 1883 1179 1921 durationem
1203 1883 1398 1931 quandam

331 1936 526 1985 significat.
547 1937 706 1974 Duratio
723 1945 851 1974 autem
870 1937 992 1985 magis
1011 1936 1162 1986 respicit
1177 1949 1260 1973 esse
1281 1949 1398 1986 quam

330 1990 460 2027 vitam.
500 1991 602 2039 Ergo
632 2003 711 2027 non
740 1990 871 2028 debuit
898 1990 991 2039 poni
1019 1990 1057 2027 in
1086 1989 1307 2028 definitione
1337 2002 1399 2027 ae-

330 2043 512 2080 ternitatis
539 2044 628 2090 vita,
658 2043 725 2081 sed
754 2043 874 2092 magis
903 2055 991 2081 esse.

386 2098 420 2134 3.
442 2098 675 2144 PRAETEREA‚
696 2104 820 2134 totum
841 2097 976 2134 dicitur
994 2096 1100 2145 quod
1125 2097 1240 2133 habet
1257 2104 1398 2146 partes.

332 2151 418 2186 Hoc
447 2158 575 2187 autem
613 2150 822 2187 aeternitati
851 2163 930 2187 non
969 2149 1149 2187 convenit
1167 2148 1204 2196 Ρ,
1236 2162 1324 2187 cum
1354 2150 1401 2186 sit

331 2203 502 2252 simplex.
534 2204 636 2250 Ergo
664 2203 979 2240 inconvenienter
1008 2202 1143 2240 dicitur
1171 2209 1258 2240 tota.

383 2268 420 2303 4.
450 2257 692 2303 PRAETEREA,
721 2257 848 2304 plures
883 2256 964 2293 dies
1001 2268 1079 2292 non
1117 2263 1279 2304 possunt
1316 2268 1397 2292 esse

330 2309 454 2352 simul,
476 2321 546 2346 nec
569 2309 679 2358 plura
707 2317 893 2358 tempora.
925 2308 1003 2346 Sed
1022 2308 1061 2345 in
1080 2308 1297 2346 aeternitate
1315 2309 1398 2358 plu-

330 2362 455 2399 raliter
474 2367 487 2388 ⁷
516 2362 692 2399 dicuntur
720 2362 800 2399 dies
830 2370 865 2399 et
892 2369 1087 2411 tempora:
1127 2362 1262 2399 dicitur
1294 2362 1396 2399 enim

331 2415 505 2452 Micheae
524 2427 547 2452 v
561 2415 598 2452 *z
628 2427 800 2465 egressus
829 2415 908 2452 eius
930 2415 980 2452 ab
1008 2415 1124 2461 initio,
1144 2427 1168 2452 a
1188 2416 1317 2453 diebus
1335 2428 1397 2453 ae-

330 2469 528 2513 ternitatis,·
556 2477 593 2506 et
606 2469 658 2506 ad
669 2470 795 2515 Rom„
811 2481 870 2506 xvl
891 2480 973 2517 cap.
986 2466 1044 2505 ³²¹²:
1069 2469 1274 2506 secundum
1294 2481 1398 2506 reve-

329 2522 506 2559 lationem
526 2522 698 2571 mysterii
723 2522 952 2570 temporibus
970 2522 1131 2559 aeternis
1150 2522 1262 2560 taciti.
1293 2523 1397 2571 Ergo

330 2575 531 2612 aeternitas
560 2588 638 2613 non
667 2582 723 2612 est
749 2581 824 2612 tota
852 2575 975 2612 simul.

387 2629 419 2665 5.
450 2629 682 2676 Pammam,
711 2635 834 2665 totum
862 2635 899 2665 et
926 2628 1139 2678 perfectum
1163 2636 1251 2666 sunt
1278 2628 1394 2667 idem.

331 2681 459 2718 Posito
480 2681 589 2729 igitur
608 2681 713 2731 quod
733 2681 778 2718 sit
796 2687 884 2727 tota,
905 2681 1098 2731 superflue
1120 2681 1270 2720 additur
1289 2682 1395 2730 quod

330 2734 376 2771 sit
397 2736 577 2783 perfecta.

384 2788 419 2823 6.
450 2789 692 2834 ΡκΑετΕῐιεΑ,
727 2787 918 2836 possessio
957 2787 1006 2824 ad
1041 2787 1283 2826 durationem
1315 2800 1395 2826 non

328 2840 500 2889 pertinet.
530 2840 742 2877 Aeternitas
771 2848 898 2878 autem
927 2841 1120 2889 quaedam
1149 2841 1296 2878 duratio
1326 2849 1393 2879 est.

329 2894 431 2941 Ergo
462 2893 661 2930 aeternitas
689 2906 768 2930 non
798 2901 853 2930 est
874 2894 1071 2942 possessio.

382 2948 608 2984 RESPONDEO
627 2952 638 2966 ’
666 2958 850 2984 οιεΕΝῡυΜ
879 2948 995 2996 quod,
1023 2947 1118 2984 sicut
1145 2947 1183 2984 in
1213 2947 1394 2996 cognitio-

327 3012 417 3037 nem
446 2999 677 3049 simplicium
706 3007 856 3049 oportet
883 3012 955 3037 nos
978 3001 1109 3038 venire
1136 3013 1206 3050 per
1235 3013 1394 3050 compo-

326 3053 415 3099 sita,
446 3053 496 3090 ita
523 3052 562 3090 in
591 3053 848 3101 cognitionem
886 3053 1115 3091 aeternitatis
1144 3061 1294 3104 oportet
1322 3066 1394 3092 nos

325 3106 456 3143 venire
484 3118 554 3155 per
581 3114 753 3155 tempus;
784 3107 888 3155 quod
923 3106 1013 3143 nihil
1046 3107 1147 3144 aliud
1181 3114 1238 3144 est
1274 3119 1392 3155 quam

326 3171 506 3196 numerus
525 3165 648 3196 motus
667 3160 872 3196 secundum
887 3160 996 3208 prius
1014 3166 1050 3196 et
1060 3161 1259 3208 posterius.
1290 3160 1391 3197 Cum

326 3212 428 3250 enim
457 3212 496 3249 in
524 3211 696 3262 quolibet
723 3219 832 3250 motu
860 3212 905 3249 sit
923 3213 1127 3261 successio,
1148 3221 1185 3250 et
1206 3225 1284 3251 una
1303 3225 1392 3262 pars

324 3273 413 3314 post
440 3266 608 3313 alteram,
634 3278 680 3302 ex
708 3266 784 3302 hoc
811 3266 917 3314 quod
946 3278 1195 3304 numeramus
1222 3266 1327 3316 prius
1356 3274 1393 3303 et

324 3318 512 3366 posterius
537 3318 574 3356 in
594 3326 715 3366 motu,
736 3318 1059 3368 apprehendimus
1087 3327 1255 3368 tempus;
1286 3319 1391 3367 quod

378 3432 405 3463 α)
425 3431 532 3465 differat
546 3439 563 3456 a
577 3435 703 3464 tempore.
715 3445 734 3452 -
748 3431 856 3466 differat
867 3432 901 3456 ab
915 3439 980 3457 aevo
995 3435 1020 3457 et
1034 3435 1152 3464 tempore
1166 3433 1268 3458 codices
1283 3437 1310 3458 et
1322 3432 1390 3463 Pate,-

324 3466 371 3492 sed
391 3466 422 3491 cf.
441 3472 486 3491 art.
501 3475 527 3499 4.
545 3481 562 3485 -
580 3468 643 3492 Post
662 3471 780 3500 tempore
798 3467 896 3492 addunt
914 3467 1005 3492 ACDE
1025 3468 1094 3492 unde
1112 3469 1267 3494 aeternitas.

379 3500 405 3533 β)
424 3502 555 3527 convenit.
573 3516 591 3521 —
609 3503 735 3535 competit
752 3503 852 3528 ABCD.

377 3537 404 3570 γ)
415 3535 568 3569 pluraliter.
583 3551 602 3556 -
610 3538 702 3570 plures
715 3539 745 3563 B.
763 3552 782 3557 -
802 3538 874 3564 ldem
889 3545 936 3571 pro
950 3537 1049 3563 dicitur
1063 3538 1140 3568 enim,
1154 3538 1298 3564 secundum
1313 3537 1390 3563 illud.

377 3570 402 3604 ὃ)
421 3579 461 3597 xvr
473 3579 532 3604 cap.
550 3586 568 3591 —
588 3573 681 3598 ultimo
698 3573 808 3604 codices,
824 3573 904 3598 tertio
917 3573 958 3598 ed.
971 3581 997 3598 α.
1009 3587 1028 3593 -
1042 3573 1069 3598 ln
1081 3579 1150 3599 textu
1165 3574 1216 3605 cit„
1230 3579 1290 3607 post
1304 3573 1388 3603 taciti,

323 3606 472 3633 absconditi
490 3607 626 3638 ACEGsF,
645 3611 671 3633 et
689 3609 837 3634 absconditi
850 3609 880 3641 B,
894 3608 1044 3634 absconditi
1058 3609 1128 3641 quod
1143 3616 1212 3634 nunc
1222 3610 1388 3642 patefactum

324 3645 364 3667 est
382 3642 414 3667 D.

1455 1401 1546 1439 nihil
1565 1401 1671 1439 aliud
1691 1409 1747 1439 est
1775 1414 1892 1451 quam
1920 1414 2104 1439 numerus
2130 1402 2267 1452 prioris
2287 1410 2324 1441 et
2340 1403 2528 1453 posterio-

1456 1454 1505 1492 ris
1533 1454 1572 1492 in
1601 1462 1722 1492 motu.
1754 1456 1796 1492 In
1826 1468 1873 1493 eo
1902 1463 2031 1493 autem
2051 1454 2157 1505 quod
2176 1455 2191 1482 t
2219 1464 2322 1494 caret
2339 1464 2461 1505 motu,
2491 1464 2529 1495 et
2653 1461 2669 1492 t

1455 1520 1609 1557 semper
1637 1509 1777 1546 eodem
1806 1509 1925 1546 modo
1955 1521 1995 1546 se
2023 1509 2151 1558 habet,
2172 1521 2252 1547 non
2271 1517 2327 1547 est
2354 1510 2528 1561 accipere

1454 1561 1559 1611 prius
1579 1569 1616 1599 et
1632 1562 1835 1611 posterius.
1861 1562 1968 1600 Sicut
1985 1561 2098 1611 igitur
2116 1562 2211 1600 ratio
2230 1564 2417 1613 temporis
2437 1576 2527 1602 con-

1455 1614 1549 1652 sistit
1566 1614 1606 1652 in
1620 1615 1886 1653 numeratione
1899 1615 2037 1666 prioris
2056 1624 2093 1653 et
2110 1616 2332 1665 posterioris
2350 1616 2390 1655 in
2404 1625 2526 1667 motu,

1454 1667 1506 1705 ita
1533 1668 1573 1705 in
1600 1669 1908 1718 apprehensione
1934 1668 2201 1707 uniformitatis
2230 1670 2311 1708 eius
2340 1670 2447 1720 quod
2471 1678 2528 1710 est

1455 1721 1616 1759 omnino
1646 1730 1749 1760 extra
1777 1730 1942 1771 motum,
1963 1722 2132 1760 consistit
2160 1722 2255 1760 ratio
2284 1723 2525 1763 aeternitatis.

1510 1776 1626 1823 Item,
1663 1788 1708 1813 ea
1737 1775 1913 1814 dicuntur
1948 1783 2124 1825 tempore
2162 1777 2395 1827 mensurari,
2424 1789 2525 1828 quae

1454 1828 1686 1878 principium
1706 1836 1742 1866 et
1760 1829 1881 1866 finem
1899 1829 2044 1866 habent
2062 1829 2101 1867 in
2119 1837 2307 1880 tempore,
2327 1839 2369 1868 ut
2389 1830 2527 1870 dicitur

1454 1881 1493 1919 in
1521 1881 1574 1919 IV
1600 1883 1750 1931 Pliysic.
1771 1881 1808 1919 *ε
1843 1890 1880 1920 et
1906 1882 1982 1919 hoc
2009 1881 2119 1930 ideo,
2149 1883 2240 1932 quia
2265 1883 2306 1922 in
2334 1884 2442 1922 omni
2477 1897 2524 1923 eo
2553 1888 2768 1938 ’391ᾖῆξᾶψὲ-

1454 1935 1561 1983 quod
1589 1943 1789 1983 movetur,
1820 1943 1875 1973 est
1902 1935 2074 1984 accipere
2102 1936 2258 1985 aliquod
2294 1937 2525 1987 principium

1454 1995 1491 2025 et
1510 1987 1679 2038 aliquem
1698 1989 1830 2026 finem.
1862 1989 1981 2036 Quod
1998 2000 2095 2026 vero
2120 1997 2176 2026 est
2194 1990 2355 2028 omnino
2383 1990 2526 2029 immu-

1453 2041 1580 2089 tabile,
1601 2042 1697 2079 sicut
1715 2054 1787 2079 nec
1812 2042 2108 2091 successionem,
2128 2043 2179 2080 ita
2202 2055 2274 2080 nec
2295 2043 2525 2094 principium

1453 2102 1519 2132 aut
1537 2095 1658 2133 finem
1678 2101 1691 2118 ’¹
1719 2095 1861 2132 habere
1888 2103 2025 2144 potest.
2649 2110 2665 2134 η

1506 2147 1570 2184 Sic
1585 2160 1674 2196 ergo
1692 2160 1737 2185 ex
1753 2148 1906 2186 duobus
1921 2149 2139 2186 notificatur
2153 2149 2368 2188 aeternitas.
2380 2150 2523 2199 Primo,

1454 2212 1499 2237 ex
1517 2201 1593 2238 hoc
1621 2201 1727 2250 quod
1746 2201 1785 2238 id
1805 2203 1911 2249 quod
1931 2210 1988 2239 est
2006 2202 2044 2239 in
2065 2202 2298 2251 aeternitate,
2328 2212 2385 2242 est
2412 2204 2525 2242 inter-

1452 2253 1646 2301 minabile,
1675 2254 1773 2291 idest
1803 2254 1990 2304 principio
2025 2262 2062 2292 et
2089 2256 2167 2292 fine
2202 2268 2335 2294 carens
2364 2259 2427 2307 (ut
2452 2263 2524 2295 ter-

1452 2306 1577 2344 minus
1595 2307 1644 2345 ad
1662 2315 1870 2356 utrumque
1889 2308 2098 2355 referatur).
2121 2309 2315 2358 Secundo,
2334 2322 2404 2359 per
2417 2308 2431 2332 ⁰
2447 2311 2524 2348 hoc
2647 2311 2662 2337 ⁰

1452 2360 1558 2408 quod
1577 2360 1659 2410 ipsa
1679 2361 1879 2398 aeternitas
1903 2361 2146 2400 successione
2167 2370 2281 2411 caret,
2311 2368 2387 2401 tota
2411 2364 2525 2402 simul

1453 2414 1624 2451 existens.

1505 2469 1564 2504 AD
1594 2479 1730 2504 Palmum
1759 2479 1856 2504 ERGO
1886 2479 2070 2505 mcanoum
2099 2469 2205 2516 quod
2225 2469 2412 2519 simplicia
2431 2482 2522 2508 con·

1450 2528 1658 2557 sueverunt
1684 2532 1754 2569 per
1782 2520 2024 2568 negationem
2045 2521 2206 2569 definiri,
2236 2522 2334 2560 sicut
2356 2531 2521 2573 punctus

1451 2581 1506 2610 est
1524 2574 1630 2610 cuius
1643 2585 1739 2622 pars
1758 2585 1832 2610 non
1853 2579 1916 2610 est.
1947 2574 2066 2621 Quod
2085 2587 2164 2612 non
2184 2575 2272 2613 ideo
2294 2584 2366 2624 est,
2388 2579 2494 2627 quod
2513 2584 2521 2599 ‘
2647 2589 2656 2604 ²

1449 2626 1599 2676 negatio
1621 2626 1667 2664 sit
1686 2626 1734 2664 de
1755 2626 1917 2664 essentia
1937 2639 2091 2665 eorum:
2116 2628 2185 2666 sed
2204 2629 2294 2678 quia
2311 2629 2521 2669 Intellectus

1449 2687 1590 2727 noster,
1620 2679 1685 2730 qui
1714 2679 1840 2729 primo
1869 2680 2123 2730 apprehendit
2151 2683 2379 2732 composita,
2399 2683 2439 2722 in
2458 2696 2522 2722 co-

1447 2733 1658 2783 gnitionem
1687 2731 1919 2782 simplicium
1946 2734 2152 2783 pervenire
2179 2748 2259 2774 non
2285 2744 2424 2786 potest,
2449 2737 2521 2776 nisi

1447 2799 1517 2836 per
1544 2794 1802 2824 remotionem
1832 2787 2136 2835 compositionis.

1500 2841 1560 2877 Ar>
1593 2851 1782 2877 SECUNDUM
1820 2851 2004 2878 mcannum
2042 2841 2149 2890 quod
2185 2841 2279 2879 illud
2316 2843 2425 2892 quod
2462 2850 2519 2881 est

1446 2905 1538 2931 vere
1567 2900 1779 2940 aeternum,
1801 2905 1879 2930 non
1909 2894 2034 2931 solum
2064 2901 2120 2932 est
2144 2906 2231 2943 ens,
2261 2897 2330 2933 sed
2356 2895 2515 2934 vivens:

1448 2954 1484 2983 et
1520 2946 1648 2996 ipsum
1685 2946 1818 2984 vivere
1855 2958 1896 2983 se
1932 2947 2099 2985 extendit
2134 2947 2429 2996 quodammodo
2467 2949 2517 2987 ad

1448 2999 1726 3049 operationem,
1751 3011 1830 3036 non
1850 3007 1978 3037 autem
1999 3012 2093 3038 esse.
2123 3001 2324 3039 Protensio
2345 3007 2358 3022 ¹
2386 3009 2516 3040 autem
2644 3015 2660 3032 κ

1448 3052 1658 3090 durationis
1672 3052 1825 3090 videtur
1844 3053 1987 3090 attendi
2005 3054 2218 3092 secundum
2239 3054 2515 3104 operationem,

1447 3106 1569 3154 magis
1589 3118 1704 3155 quam
1734 3107 1948 3143 secundum
1976 3119 2078 3144 esse:
2107 3107 2211 3145 unde
2231 3115 2268 3144 et
2287 3115 2441 3158 tempus
2459 3116 2517 3146 est

1446 3171 1631 3196 numerus
1660 3166 1788 3196 motus
1808 3158 1838 3196 *.

1499 3213 1558 3249 An
1586 3223 1745 3250 Tannum
1779 3224 1963 3251 memnon
1998 3212 2103 3262 quod
2140 3214 2342 3252 aeternitas
2381 3214 2516 3253 dicitur

1445 3270 1533 3312 tota,
1553 3277 1632 3302 non
1651 3265 1740 3314 quia
1758 3266 1874 3303 habet
1892 3273 2018 3315 partes
2036 3265 2068 3314 *,
2093 3266 2162 3304 sed
2176 3266 2404 3316 inquantum
2423 3267 2516 3306 nihil
2540 3275 2552 3288 ⁶
2565 3275 2595 3298 D·
2609 3280 2659 3304 57²-

1446 3317 1479 3355 ei
1509 3318 1625 3355 deest.

2541 3170 2553 3181 ⁶
2566 3169 2597 3192 D.
2610 3175 2665 3198 7⁴³·

1498 3432 1520 3464 ε)
1541 3432 1708 3464 Respondeo.
1725 3447 1744 3452 -
1763 3433 1818 3458 Sed
1833 3433 1859 3458 in
1873 3432 2039 3458 contrarium
2054 3436 2094 3458 est
2107 3434 2256 3459 auctoritas
2270 3434 2358 3461 Boetia*
2371 3433 2424 3460 iam
2439 3434 2513 3461 dicta

1463 3468 1583 3492 raemittit
1602 3469 1632 3492 B.

1444 3475 1460 3500 Ρ
1498 3502 1524 3534 ζ)
1545 3503 1575 3527 In
1594 3510 1624 3528 eo
1642 3506 1732 3528 autem
1751 3503 1831 3536 quod.
1848 3517 1868 3523 -
1887 3503 1916 3527 In
1938 3503 1996 3528 Deo
2015 3507 2103 3529 autem
2123 3505 2169 3538 qui
2187 3504 2238 3530 BC.

1497 3538 1524 3570 η)
1543 3541 1591 3563 aut
1603 3539 1696 3571 finem.
1714 3551 1733 3557 -
1751 3538 1813 3563 Om.
1829 3538 1940 3564 codices.
2514 3554 2534 3572 0

1497 3571 1521 3605 θ)
1536 3580 1597 3605 per.
1615 3587 1634 3592 —
1651 3580 1689 3598 ex
1706 3573 1829 3599 ABCDE.

1497 3607 1516 3639 ι)
1535 3609 1616 3641 quod.
1633 3622 1652 3627 -
1671 3608 1733 3640 quia
1752 3609 1863 3634 codices.

1497 3643 1523 3676 κ)
1543 3643 1691 3669 Hotensio.
1709 3657 1728 3663 -
1746 3644 1883 3670 stocessio
1901 3645 1990 3670 ABDF
2011 3651 2036 3671 et
2055 3646 2114 3671 edd.
2132 3654 2149 3672 a
2160 3646 2182 3677 b,
2197 3645 2331 3680 professio
2350 3646 2379 3671 C.
