2768 4178
48 1037 60 1048 '¹
74 1035 112 1059 Cf.
125 1041 191 1059 num.
203 1042 227 1058 v.

943 249 1211 296 QUAESTlo
1240 249 1423 296 XXXIX,
1452 250 1749 287 ARTICULUS
1778 250 1830 286 ιν

291 351 295 353 -
351 329 391 360 V.
416 328 508 360 Circa
529 329 612 360 hanc
634 336 757 370 partem
780 329 916 360 dubium
941 329 1093 365 occurrit,
1122 328 1227 369 primo
1251 328 1290 358 de
1313 338 1359 358 re-

290 373 383 414 gula:
408 374 559 416 secundo,
584 374 622 404 de
646 373 783 404 efficacia
804 372 935 404 rationis
958 373 1122 404 adductae.

350 417 443 449 Circa
469 418 613 458 regulam
640 417 772 458 quidem
800 417 936 448 dubium
965 423 1024 453 est,
1051 424 1122 448 tum
1149 415 1243 457 quia,
1268 422 1304 447 ut
1326 415 1359 446 in

253 475 264 481 -
291 472 346 503 qu.
366 472 457 493 xxxv1
472 462 490 481 *
513 468 633 493 tactum
656 461 726 498 fuit,
750 461 892 492 Socrates
919 460 1038 498 habens
1061 460 1167 501 plures
1190 467 1270 491 artes
1292 470 1360 490 non

233 507 241 513 ⁰
291 506 405 537 dicitur
420 507 526 547 plures
545 505 687 536 artifices.
704 523 723 529 -
740 505 829 535 Tum
847 504 924 545 quia
946 515 970 535 s.
986 504 1130 535 Thomas
1147 514 1290 545 expresse
1313 504 1359 534 in-

292 551 397 587 ferius,
421 551 455 581 in
477 550 587 581 Tertia
607 550 708 586 Parte,
731 559 787 589 qu.
806 559 851 585 111,
876 555 932 579 art.
953 559 983 590 7,
1001 549 1040 578 ad
1061 558 1094 585 2,
1119 548 1194 579 dicit
1217 548 1316 589 quod,
1334 548 1359 578 si

291 596 435 627 Verbum
457 594 517 626 Dei
540 600 715 625 assumeret
736 593 815 623 duas
839 599 967 624 naturas
990 592 1161 628 humanas,
1186 602 1253 622 non
1277 592 1359 622 dice-

290 646 376 670 retur
391 639 457 670 duo
473 638 639 669 homines:
664 643 696 668 et
717 644 825 668 tamen
841 636 945 667 forma
961 636 1134 676 significata
1148 636 1288 667 hominis
1304 647 1361 667 no—

291 683 377 714 mine
400 681 640 723 plurificaretur.

347 727 402 759 VI.
419 726 512 758 Circa
529 725 687 756 rationem
704 735 789 761 vero,
806 724 962 766 quoniam
981 724 1104 761 Scotus,
1121 724 1155 754 in
1171 724 1198 760 1,
1219 724 1289 755 dist.
1306 735 1358 761 xn,

290 778 382 812 putat
404 771 486 801 hane
513 769 670 800 rationem
697 768 959 805 insufficientem,
991 779 1125 809 arguens
1156 775 1265 799 contra
1289 779 1359 799 eam

290 815 344 847 sic.
368 813 541 846 Terminus
556 813 728 844 numeralis
751 813 844 853 ponit
866 812 1078 854 significatum
1101 823 1198 844 suum
1222 813 1301 843 circa
1320 813 1359 843 si-

288 858 474 900 gnificatum
497 857 547 888 sui
566 857 826 888 determinabilis:
852 858 908 888 sed
930 857 1141 897 significatum
1162 857 1305 888 adiectivi
1329 864 1360 888 et

289 902 475 935 substantivi
492 908 538 933 est
555 902 652 938 idem,
669 902 824 943 quoniam
842 909 1016 943 utrumque
1031 901 1185 942 significat
1203 901 1357 932 formam:

289 957 364 987 ergo
394 946 564 987 utrobique
595 946 784 977 determinat
813 946 971 983 formam;
1003 956 1060 977 nec
1090 946 1152 976 hoc
1181 945 1208 976 ei
1237 945 1358 976 auferre

287 997 395 1032 potest
412 991 530 1021 modus
549 989 753 1031 significandi.
779 990 876 1030 Igitur
894 990 974 1021 ratio
990 990 1069 1021 nihil
1083 990 1175 1020 valet.

342 1035 411 1067 Vll.
426 1035 478 1066 Ad
493 1034 635 1076 primum
651 1034 787 1065 dubium
798 1034 815 1053 *
830 1034 1001 1065 dicendum
1014 1041 1068 1071 est,
1082 1034 1172 1075 quod
1188 1033 1359 1065 differentia

288 1079 369 1111 inter
384 1079 575 1110 adiectivum
591 1085 622 1110 et
637 1079 870 1110 substantivum
887 1078 1028 1110 consistit
1043 1079 1076 1109 in
1092 1079 1165 1114 hoc,
1181 1079 1271 1119 quod
1286 1079 1358 1119 plu-

287 1124 392 1156 ralitas
416 1123 603 1154 substantivi
619 1123 713 1163 exigit
730 1123 943 1164 pluralitatem
962 1122 1084 1153 formae
1101 1130 1131 1153 et
1145 1122 1358 1162 pluralitatem

288 1168 463 1209 suppositi:
488 1167 528 1198 ad
556 1167 700 1198 adiectivi
723 1177 798 1198 vero
827 1167 1040 1207 pluralitatem
1063 1166 1178 1198 sufficit
1196 1167 1358 1207 pluralitas

289 1212 542 1253 suppositorum.

343 1257 410 1287 Nec
426 1255 582 1291 diminuta
604 1262 652 1286 est
670 1261 838 1296 propterea
851 1254 1000 1286 Auctoris
1019 1254 1179 1285 doctrina:
1204 1253 1358 1295 quoniam

286 1310 362 1332 noa
377 1298 522 1341 oportuit
544 1300 595 1331 hic
618 1299 791 1340 exprimere
807 1299 867 1329 nisi
885 1299 917 1329 id
940 1298 974 1329 in
997 1308 1064 1339 quo
1088 1297 1190 1328 differt
1213 1298 1356 1328 substan-

287 1345 391 1377 tivum
421 1345 460 1375 ab
490 1344 656 1375 adiectivo.
689 1343 897 1383 Comparanti
929 1342 1015 1373 enirn
1043 1352 1080 1373 ea
1109 1341 1199 1372 facile
1228 1348 1358 1382 apparet

287 1389 377 1430 quod
400 1388 594 1420 conveniunt
615 1388 649 1418 in
672 1387 851 1428 pluralitate
874 1386 1130 1427 suppositorum,
1156 1393 1187 1417 et
1209 1386 1357 1417 differunt

287 1433 396 1474 quoad
424 1432 579 1463 unitatem
606 1438 638 1462 et
663 1431 876 1472 pluralitatem
906 1431 1046 1461 formae:
1076 1430 1242 1471 utriusque
1270 1430 1356 1461 enim

286 1476 449 1519 pluralitas
471 1475 602 1517 requirit
625 1476 716 1516 plura
740 1475 920 1516 supposita,
949 1475 1004 1505 sed
1027 1474 1170 1506 adiectivi
1193 1474 1377 1515 pluralitas'

286 1530 354 1552 non
369 1520 500 1562 requirit
514 1519 728 1560 pluralitatem
746 1519 877 1556 formae,
894 1518 1081 1550 substantivi
1097 1525 1205 1549 autem
1223 1519 1276 1549 sic.
1303 1518 1357 1549 Sat

287 1575 362 1606 ergo
381 1564 442 1596 fuit
459 1564 522 1595 hoc
537 1563 570 1594 in
589 1564 662 1594 loco
677 1564 758 1594 hanc
783 1563 968 1603 expressisse
992 1562 1208 1599 differentiam,
1226 1563 1264 1593 de
1281 1562 1356 1593 sub-

285 1607 428 1640 stantivis
444 1608 597 1639 concretis
611 1608 776 1649 loquendo
793 1614 829 1638 ut
845 1607 992 1638 differunt
1010 1608 1049 1638 ab
1069 1607 1237 1638 adiectivis.
1255 1624 1275 1630 -
1290 1607 1356 1637 Nec

45 1693 240 1724 ‘Atthua-

39 2507 241 2537 ’mmmmm

25 3456 123 3486 <⁸Cnp.
137 3464 156 3480 1.

285 1659 392 1688 tamen
420 1652 545 1684 reticuit
566 1652 722 1693 reliquam
745 1652 973 1683 conditionem.
1006 1651 1170 1689 Quoniam
1193 1651 1353 1691 superius,

285 1697 320 1731 in
342 1707 397 1738 qU.
415 1707 508 1728 xxxvr
523 1696 550 1734 *,
571 1696 638 1727 eius
659 1696 814 1733 meminit,
838 1696 871 1727 in
894 1696 1107 1727 destructione
1129 1695 1213 1726 illius
1237 1705 1355 1736 propo-

2402 263 2474 298 401

1414 328 1552 366 sitionis,
1586 331 1684 360 Pater
1706 335 1754 361 est
1770 331 1872 370 plura
1890 331 2062 371 principia.
2091 332 2132 362 Et
2156 331 2325 362 clarissime
2349 331 2482 361 eandem

1415 373 1524 404 docuit
1546 373 1580 404 in
1602 374 1676 404 loco
1700 374 1848 414 proprio,
1874 375 1928 405 ubi
1952 375 2069 406 scilicet
2097 386 2179 416 opus
2203 382 2286 412 erat,
2310 375 2427 406 scilicet
2448 374 2485 404 in

1414 416 1521 448 Tertia
1543 418 1647 454 Parte,
1671 418 1745 449 loco
1768 418 1920 458 allegato:
1945 419 2000 450 ubi
2024 426 2055 451 et
2076 420 2276 460 reprehendit
2299 420 2483 460 oppositam

1415 460 1611 501 opinionem,
1629 472 1728 502 quam
1743 462 1879 503 ipsemet
1894 470 2020 494 secutus
2036 463 2137 495 fuerat
2154 464 2187 494 in
2203 464 2244 494 111
2261 464 2361 502 Sent„
2379 463 2449 494 dist.
2460 474 2483 500 1,

1414 515 1469 545 qu.
1486 516 1521 541 11,
1546 513 1601 537 art.
1621 507 1635 536 5
1654 504 1680 542 *,
1705 506 1862 547 quidquid
1885 507 1936 537 alii
1960 508 2105 539 dixerunt
2127 507 2416 548 praetermittendo,

1470 549 1551 580 VIII.
1576 550 1628 580 Ad
1651 551 1823 581 secundam
1845 561 1921 582 vero
1949 552 2182 583 dubitationem
2196 553 2214 572 *
2237 553 2368 589 dicitur,
2392 551 2482 593 quod
2508 559 2519 570 ⁸

1415 593 1516 624 maior
1539 601 1585 624 est
1608 594 1742 625 omnino
1767 595 1854 626 falsa.
1879 596 2044 633 Quoniam
2066 606 2123 636 per
2145 607 2178 627 se
2201 597 2306 637 primo
2328 597 2481 628 terminus

1414 638 1585 668 numeralis
1608 639 1701 678 ponit
1723 638 1935 679 significatum
1953 650 2050 671 suum
2066 640 2147 671 circa
2161 643 2358 682 suppositum
2382 642 2481 672 deter-

1414 681 1590 719 minabilis,
1616 690 1646 714 et
1669 683 1730 714 hoc
1753 690 1820 714 tam
1842 683 1876 714 in
1900 684 2102 715 substantivis
2125 695 2223 725 quam
2247 685 2421 722 adiectivis,
2445 692 2482 716 ut

1413 732 1499 766 patet
1522 736 1559 756 ex
1582 726 1670 757 dictis
1685 727 1711 758 *.
1737 727 1798 758 Sed
1820 727 1854 758 in
1877 729 2030 759 concretis
2061 729 2278 766 substantivis,
2307 730 2383 770 quia
2406 730 2480 760 sub-

1414 769 1547 811 stantiva
1570 777 1653 807 sunt,
1678 771 1770 811 ponit
1793 771 1889 802 etiam
1912 772 2125 812 significatum
2148 783 2244 804 suum
2267 773 2347 804 circa
2363 773 2479 814 signifi—

1414 820 1519 844 catum
1543 814 1637 845 illius.
1663 816 1704 846 Et
1725 815 1770 846 sic
1793 825 1851 846 nec
1875 816 2011 847 obiectio
2031 817 2150 857 aliquid
2165 817 2264 848 valet:
2289 828 2347 848 nec
2363 818 2479 849 modus

1413 857 1608 897 significandi
1632 859 1776 890 exclusus
1805 867 1852 890 est
1880 860 1959 901 quin
1987 868 2135 901 operetur
2157 861 2246 902 quod
2269 862 2478 898 substantiva,

1414 902 1509 932 etiam
1532 903 1640 943 quoad
1662 903 1814 941 formam,
1840 911 2059 942 numerantur,
2085 915 2140 936 seu
2165 905 2301 936 termino
2325 906 2479 937 numerali

1413 946 1669 978 determinantur.

1469 991 1521 1021 IX.
1547 991 1689 1022 Stabilita
1711 991 1807 1031 igitur
1829 992 1937 1032 regula
1966 993 2151 1030 universali,
2174 994 2248 1024 loco
2272 994 2418 1030 maioris,
2443 1004 2480 1024 ex

1412 1034 1543 1071 ratione,
1563 1035 1743 1066 manifestat
1766 1045 1836 1066 eam
1858 1038 1980 1067 Auctor
2002 1037 2035 1067 in
2059 1038 2206 1068 creaturis
2221 1038 2248 1068 *.
2273 1038 2336 1069 Ubi
2360 1045 2391 1069 et
2413 1038 2479 1068 duo
2507 1047 2515 1056 ·

1413 1078 1514 1110 docet.
1538 1079 1683 1110 Primum
1702 1086 1757 1116 est,
1774 1081 1864 1121 quod
1879 1080 1960 1111 inter
1978 1082 2131 1112 unitatem
2150 1082 2271 1113 formae
2286 1082 2320 1112 in
2336 1082 2480 1123 pluribus

1413 1123 1586 1162 suppositis
1610 1123 1733 1160 divinis,
1758 1132 1789 1155 et
1811 1124 1844 1155 in
1868 1126 2040 1166 suppositis
2064 1126 2184 1164 creatis,
2201 1133 2326 1157 tanturn
2341 1127 2478 1163 interest,

1413 1167 1502 1207 quod
1528 1167 1562 1197 in
1585 1168 1730 1207 pluribus
1757 1169 1931 1209 suppositis
1960 1170 2068 1201 creatis
2096 1180 2162 1201 non
2189 1170 2349 1201 invenitur
2376 1171 2479 1201 forma

1413 1220 1477 1240 una
1499 1214 1634 1241 numero
1659 1211 1718 1242 nisi
1742 1212 1861 1244 unitate
1885 1214 2021 1244 ordinis:
2045 1214 2078 1244 in
2103 1214 2214 1245 divinis
2234 1221 2341 1245 autem
2357 1225 2479 1255 suppo-

1412 1254 1479 1284 sitis
1501 1254 1660 1286 invenitur
1684 1266 1748 1286 una
1771 1266 1905 1287 numero
1927 1258 2130 1289 essentialiter
2153 1265 2184 1289 et
2206 1258 2442 1290 indivisibiliter.
2460 1276 2478 1282 -

1412 1298 1597 1329 Secundum
1621 1306 1675 1335 est,
1700 1301 1789 1340 quod
1814 1301 1908 1331 etiam
1924 1301 1957 1331 in
1971 1302 2030 1332 ista
2046 1302 2179 1332 minima
2194 1303 2313 1333 unitate
2333 1310 2478 1334 attestan-

1411 1348 1463 1373 tur
1485 1352 1533 1372 res
1557 1350 1676 1374 creatae
1699 1344 1856 1384 praefatae
1880 1345 2020 1385 regulae,
2046 1353 2081 1376 ut
2103 1353 2189 1386 patet
2211 1347 2244 1376 in
2266 1348 2454 1388 collegiatis.

1469 1387 1507 1417 X.
1532 1387 1683 1424 Demum,
1708 1388 1896 1429 subsumpta
1919 1389 2042 1420 minore
2055 1389 2084 1426 ὓ,
2109 1391 2198 1431 quod
2222 1391 2353 1422 essentia
2375 1391 2478 1422 divina

1411 1437 1458 1460 est
1480 1430 1614 1471 simplex
1638 1438 1668 1462 et
1690 1431 1826 1463 maxime
1857 1443 1920 1463 una
1943 1433 1975 1463 in
1999 1434 2098 1464 tribus
2126 1435 2288 1472 Personis,
2319 1436 2479 1466 concludit

1411 1474 1548 1515 primam
1571 1475 1821 1514 conclusionem,
1847 1477 1963 1508 scilicet
1978 1478 2018 1508 de
2041 1479 2252 1510 substantivis.
2277 1480 2318 1510 Et
2341 1480 2478 1520 applicat

1411 1528 1482 1549 eam
1510 1519 1550 1549 ad
1574 1519 1780 1551 differentiam
1811 1521 1891 1552 inter
1917 1521 1975 1552 tria
1997 1522 2160 1553 individua
2187 1524 2342 1562 hominis,
2367 1530 2397 1554 et
2419 1524 2477 1554 tria

1411 1563 1577 1603 supposita
1604 1563 1718 1595 divina.
1735 1582 1755 1587 -
1771 1565 1892 1596 Deinde
1916 1566 2017 1597 infert.
2033 1567 2271 1598 conclusionem
2294 1568 2475 1605 secundam,

1411 1607 1450 1637 de
1473 1607 1633 1638 adiectivis
1660 1608 1810 1639 adiective
1838 1611 1991 1650 sumptis;
2020 1618 2149 1651 propter
2170 1612 2395 1648 Athanasium,
2421 1612 2476 1652 qui

1410 1652 1604 1683 substantive
1631 1663 1709 1683 usus
1733 1660 1779 1684 est
1801 1654 1960 1685 adiectivis
1983 1655 2016 1685 in
2040 1655 2205 1696 Symbolo.
2236 1657 2302 1686 Nec
2325 1666 2408 1696 opus
2431 1663 2478 1687 est

1410 1695 1557 1736 ampliori
1580 1697 1800 1728 declaratione.

1073 1851 1390 1900 ARTICULUS
1421 1858 1694 1910 QUARTUS

518 1952 676 1983 UTRUM
698 1951 871 1983 NOMINA
893 1950 1172 1983 ESSENTIALIA
1196 1950 1436 1982 CONCRETA
1458 1951 1637 1982 PosslNT
1660 1952 1911 1984 SUPPONERE
1934 1954 2019 1985 PRO
2043 1954 2239 1986 PERSONA

980 2031 989 2056 1
1009 2031 1091 2061 Sem„
1112 2031 1170 2056 dist.
1190 2038 1223 2060 tv,
1243 2038 1288 2063 qu.
1306 2037 1328 2060 1¹
1348 2035 1394 2055 art.
1416 2038 1444 2061 2;
1464 2031 1522 2056 dist.
1536 2039 1560 2063 v,
1580 2039 1624 2064 qu.
1643 2039 1664 2062 1,
1684 2037 1731 2057 art.
1753 2040 1776 2058 2.

327 2152 346 2178 --.·
374 2146 380 2158 ι
407 2169 410 2174 ,
437 2156 447 2163 s
499 2141 522 2165 D
543 2140 716 2172 QUARTUM
735 2141 788 2166 sxc
808 2140 1047 2166 raom-:mrum
1071 2129 1230 2167 Videtur
1249 2129 1354 2177 quod

314 2175 361 2225 ἱ(
425 2181 477 2242 ⁸5⁰
499 2182 659 2219 nomina
683 2182 894 2219 essentialia
919 2182 1135 2219 concretiva
1163 2194 1243 2219 non
1265 2195 1355 2232 pos-

284 2235 341 2292 'ff'
361 2226 587 2291 jrgsrssunt
613 2247 831 2284 supponere
859 2248 930 2284 pro
958 2247 1139 2284 persona,
1169 2235 1220 2272 ita
1248 2235 1353 2285 quod

344 2263 433 2316 ζ-’·θ”’
456 2280 487 2323 K
499 2289 596 2325 haec
614 2288 661 2325 sit
677 2300 782 2336 vera,
803 2290 908 2326 Deus
924 2289 1059 2339 genuit
1073 2290 1211 2326 Deum.
1238 2289 1352 2336 Quia,

281 2347 324 2379 ut
349 2341 543 2390 sophistae
572 2340 712 2388 dicunt,
742 2342 923 2379 terminus
948 2342 1156 2392 singularis
1183 2341 1280 2379 idem
1304 2342 1352 2378 si—

281 2394 440 2444 gnificat
475 2400 511 2431 et
539 2395 724 2443 supponit.
765 2394 843 2432 Sed
876 2395 952 2432 hoc
985 2408 1131 2432 nomen
1163 2396 1269 2432 Deus
1296 2395 1352 2432 vi-

283 2447 392 2485 detur
430 2459 513 2484 esse
550 2447 735 2485 terminus
772 2448 968 2496 singularis
985 2478 994 2496 ,
1033 2461 1122 2485 cum
1160 2449 1353 2496 pluraliter

281 2500 494 2550 praedicari
514 2513 593 2537 non
610 2500 742 2549 possit,
761 2509 804 2537 ut
823 2501 967 2538 dictum
989 2509 1043 2538 est
1061 2501 1092 2538 ²¹⁶.
1123 2502 1238 2549 Ergo,
1262 2513 1350 2538 cum

282 2553 467 2601 significet
495 2554 719 2600 essentiam,
748 2553 899 2591 videtur
926 2554 1032 2603 quod
1060 2561 1254 2603 supponat
1280 2567 1351 2603 pro

282 2606 456 2653 essentia,
487 2613 524 2643 et
551 2618 631 2643 non
658 2618 730 2655 pro
757 2619 935 2655 persona.

337 2671 373 2696 2.
394 2660 632 2706 PRAETEREA,
653 2660 838 2696 terminus
857 2659 895 2696 in
915 2659 1086 2697 subiecto
1105 2660 1252 2709 positus
1272 2672 1351 2697 non

282 2712 515 2760 restringitur
532 2724 602 2761 per
628 2712 836 2749 terminum
854 2712 1024 2762 positum
1052 2713 1091 2750 in
1118 2713 1349 2762 praedicato,

282 2765 428 2802 ratione
447 2765 751 2813 significationis3
773 2766 840 2803 sed
859 2766 985 2803 solum
1004 2766 1148 2803 ratione
1168 2766 1351 2815 temporis

283 2818 568 2867 consignificati.
599 2818 677 2855 Sed
697 2831 786 2855 cum
807 2819 905 2867 dico,
925 2821 1030 2856 Deus
1049 2826 1163 2866 creat,
1187 2820 1263 2856 hoc
1282 2831 1351 2856 no-

281 2883 374 2909 men
401 2873 506 2909 Deus
533 2872 712 2920 supponit
738 2884 810 2921 pro
844 2872 1017 2910 essentia.
1048 2873 1149 2920 Ergo
1180 2885 1267 2909 cum
1299 2872 1350 2909 di-

283 2925 387 2972 citur,
407 2926 512 2962 Deus
529 2925 670 2975 genuit,
691 2937 770 2962 non
789 2932 915 2974 potest
942 2925 1009 2963 iste
1029 2925 1214 2962 terminus
1232 2927 1348 2972 Deus,

282 2977 427 3014 ratione
455 2978 662 3027 praedicati
690 2978 905 3027 notionalis,
925 2991 1143 3028 supponere
1170 2991 1351 3028 pro—per-

283 3042 390 3067 sona.

338 3084 374 3120 3.
403 3084 646 3131 PRAETEREA,
677 3084 707 3120 si
734 3085 830 3120 haec
859 3091 915 3121 est
941 3096 1045 3132 vera,
1075 3085 1179 3121 Deus
1204 3085 1347 3134 genuit,

282 3135 372 3184 quia
400 3137 512 3173 Pater
538 3145 708 3184 generat;
737 3137 819 3186 pari
852 3137 997 3174 ratione
1025 3138 1120 3174 haec
1149 3137 1217 3174 erit
1243 3150 1348 3184 vera,

281 3189 386 3225 Deus
410 3201 484 3226 non
502 3196 671 3239 generat,
693 3190 781 3239 quia
801 3190 916 3227 Filius
944 3203 1023 3228 non
1051 3198 1215 3239 generat.
1246 3191 1348 3238 Ergo

283 3249 338 3278 est
365 3243 470 3278 Deus
498 3254 696 3290 generans,
719 3251 755 3280 et
781 3244 887 3280 Deus
907 3256 986 3280 non
1005 3256 1201 3291 generans.
1232 3244 1281 3280 Et
1298 3244 1349 3280 ita

281 3294 433 3331 videtur
460 3295 568 3343 sequi
595 3296 702 3345 quod
730 3296 803 3333 sint
830 3297 904 3333 duo
933 3297 994 3333 dii.

335 3359 372 3394 4.
402 3348 642 3396 PRAETEREA,
677 3349 708 3386 si
735 3350 840 3386 Deus
876 3350 1009 3399 genuit
1042 3350 1185 3395 Deum,
1215 3357 1281 3386 aut
1308 3362 1348 3386 se

282 3401 423 3447 Deum,
457 3408 522 3437 aut
549 3401 665 3438 alium
698 3402 828 3439 Deum
847 3408 875 3439 α.
907 3403 984 3439 Sed
1012 3415 1092 3439 non
1124 3415 1164 3439 se
1197 3403 1348 3439 Deum:

282 3453 387 3503 quia,
416 3461 458 3490 ut
485 3454 718 3502 Augustinus
747 3455 850 3503 dicit,
881 3455 920 3492 in
948 3455 1029 3492 Ide
1060 3456 1096 3492 T
1092 3455 1163 3492 rin.
1184 3455 1216 3501 ⁹¹²,
1246 3455 1349 3492 nulla

335 3568 363 3600 α)
383 3569 477 3594 Deum.
496 3582 516 3589 -
535 3569 596 3594 Om.
610 3569 709 3594 ACDE.

336 3603 361 3637 β)
381 3607 541 3637 supponunt.
558 3618 577 3623 —
595 3604 720 3636 supponit
739 3604 839 3630 ACDE.

423 3659 533 3682 Summus
552 3658 653 3682 Timon.
674 3658 703 3682 D.
717 3657 831 3682 TuonAE
850 3657 883 3683 T.
903 3658 920 3682 1.

1409 2141 1469 2166 res
1495 2135 1657 2179 generat
1681 2130 1853 2178 seipsam.
1890 2132 2027 2179 Neque
2066 2131 2182 2167 alium
2211 2132 2358 2168 Deum:
2388 2133 2475 2181 quia

1408 2194 1488 2220 non
1507 2190 1563 2220 est
1582 2182 1652 2220 m‘si
1673 2195 1772 2220 unus
1791 2185 1908 2221 Deus.
1936 2185 2038 2232 Ergo
2058 2185 2153 2221 haec
2173 2192 2228 2220 est
2247 2185 2350 2232 falsa,
2371 2187 2476 2222 Deus

1407 2236 1541 2284 genuit
1565 2237 1702 2272 Deum.

1466 2289 1498 2326 5.
1520 2290 1755 2336 PRAETEREA,
1776 2289 1806 2326 si
1825 2291 1930 2326 Deus
1948 2290 2080 2339 genuit
2095 2290 2233 2336 Deum,
2255 2298 2319 2327 aut
2346 2292 2473 2328 Deum

1407 2341 1472 2389 qui
1502 2349 1557 2378 est
1585 2343 1691 2379 Deus
1720 2343 1844 2389 Pater,
1866 2351 1929 2380 aut
1954 2344 2081 2380 Deum
2103 2343 2167 2391 qui
2191 2355 2270 2380 non
2294 2352 2350 2380 est
2368 2346 2474 2381 Deus

1407 2395 1530 2432 Pater.
1562 2395 1601 2432 Si
1630 2396 1758 2432 Deum
1779 2396 1843 2444 qui
1878 2403 1933 2433 est
1960 2397 2066 2432 Deus
2094 2397 2217 2443 Pater,
2249 2409 2336 2444 ergo
2366 2398 2472 2434 Deus

1408 2448 1521 2485 Pater
1554 2455 1610 2485 est
1637 2444 1796 2496 genitus.
1837 2449 1877 2486 Si
1909 2450 2037 2486 Deum
2071 2448 2135 2497 qui
2164 2461 2243 2486 non
2280 2458 2336 2486 est
2366 2451 2472 2487 Deus

1407 2501 1539 2547 Pater,
1575 2513 1664 2548 ergo
1693 2503 1798 2538 Deus
1827 2510 1882 2538 est
1910 2502 1973 2550 qui
2001 2514 2080 2538 non
2118 2509 2173 2538 est
2204 2503 2311 2539 Deus
2339 2503 2471 2540 Pater:

1407 2554 1512 2601 quod
1532 2561 1588 2590 est
1606 2554 1756 2591 falsum.
1778 2555 1869 2591 Non
1889 2567 1978 2603 ergo
1998 2562 2124 2603 potest
2144 2554 2217 2591 dici
2236 2556 2342 2603 quod
2368 2558 2473 2593 Deus

1405 2607 1538 2656 genuit
1562 2608 1700 2643 Deum.

1461 2660 1535 2696 SED
1569 2671 1715 2696 CONTRA
1751 2671 1817 2696 Esr
1854 2660 1959 2708 quod
1995 2661 2034 2698 in
2070 2662 2257 2709 Symbolo
2286 2661 2306 2683 *
2339 2662 2472 2699 dicitur

1405 2713 1531 2749 Deum
1559 2713 1605 2749 de
1631 2714 1725 2749 Deo.

1459 2766 1685 2802 RESPONDEO
1723 2777 1906 2803 DICENDUM
1948 2767 2053 2815 quod
2097 2766 2255 2815 quidam
2299 2767 2470 2804 dixerunt

1405 2818 1512 2866 quod
1530 2818 1605 2855 hoc
1633 2831 1777 2855 nomen
1796 2820 1912 2865 Deus,
1934 2827 1969 2856 et
1988 2819 2134 2866 similia,
2155 2820 2308 2869 proprie
2337 2833 2470 2857 secun-

1406 2871 1499 2908 dum
1537 2884 1646 2908 suam
1684 2879 1860 2908 naturam
1898 2881 2118 2921 supponunt
2136 2871 2154 2901 β
2180 2885 2251 2921 pro
2288 2874 2469 2910 essentia:

1405 2924 1473 2961 sed
1492 2937 1538 2960 ex
1566 2923 1743 2962 adiuncto
1763 2925 1946 2962 notionali
1965 2926 2165 2962 trahuntur
2184 2926 2232 2962 ad
2252 2939 2472 2974 supponen-

1405 2977 1498 3014 dum
1526 2989 1596 3025 pro
1625 2990 1802 3026 persona.
1833 2979 1882 3014 Et
1900 2978 1996 3015 haec
2015 2979 2144 3027 opinio
2164 2980 2395 3027 processisse
2413 2979 2470 3016 vi-

1406 3030 1514 3067 detur
1534 3042 1579 3066 eX
1600 3030 1902 3067 consideratione
1923 3031 2073 3068 divinae
2094 3032 2348 3080 simplicitatis,
2371 3044 2468 3080 quae

1404 3083 1559 3131 requirit
1595 3084 1700 3131 quod
1733 3083 1771 3120 in
1804 3085 1890 3120 Deo
1922 3083 2026 3123 idern
2055 3085 2100 3121 sit
2126 3085 2271 3121 habens
2301 3092 2336 3121 et
2364 3086 2470 3132 quod

1402 3137 1583 3173 habetur:
1614 3143 1650 3173 et
1678 3136 1730 3173 sic
1761 3137 1902 3174 habens
1935 3137 2123 3184 deitatem,
2154 3138 2258 3186 quod
2286 3137 2471 3185 significat

1403 3190 1478 3225 hoc
1506 3201 1650 3226 nomen
1677 3190 1792 3236 Deus,
1823 3197 1879 3226 est
1906 3189 2009 3227 idem
2039 3190 2144 3238 quod
2171 3191 2298 3227 deitas.

1458 3242 1534 3279 Sed
1562 3242 1600 3278 in
1626 3242 2197 3291 proprietatibuslocutionum,
2223 3256 2303 3280 non
2322 3251 2469 3282 tantum

1403 3295 1632 3332 attendenda
1661 3303 1716 3332 est
1743 3307 1802 3332 res
1834 3296 2059 3343 significata3
2090 3296 2157 3333 sed
2187 3296 2300 3333 etiam
2329 3297 2469 3334 modus

1404 3348 1650 3396 significandi.
1680 3349 1730 3384 Et
1757 3348 1862 3396 ideo,
1891 3349 1979 3397 quia
2011 3349 2085 3386 hoc
2118 3361 2261 3386 nomen
2290 3350 2394 3386 Deus
2421 3350 2468 3387 si-

1403 3401 1555 3450 gnificat
1581 3401 1751 3438 divinam
1781 3401 1985 3438 essentiam
2012 3410 2054 3438 ut
2081 3402 2119 3438 in
2147 3403 2311 3438 habente
2331 3402 2473 3451 ipsam,-

1404 3455 1498 3491 sicut
1518 3455 1593 3490 hoc
1612 3466 1757 3491 nomen
1777 3455 1888 3491 homo
1904 3455 2178 3491 humanitatem
2199 3455 2382 3503 significat
2397 3461 2412 3482 ⁷
2430 3456 2467 3492 in

1455 3569 1481 3602 γ)
1501 3569 1644 3602 significat.
1662 3583 1680 3587 —
1699 3568 1760 3593 Om.
1774 3569 1954 3595 ACDEFGab.

2291 3659 2319 3684 51

2508 511 2518 520 ”
2531 511 2571 532 Ad
2584 515 2596 532 2
2611 517 2663 540 sqq'.

2533 558 2568 580 Cf.
2585 565 2650 582 num.
2664 566 2701 582 vi.

2506 736 2517 747 ⁵
2532 735 2602 757 Num.
2617 742 2700 764 praec>

2531 1045 2566 1068 ef.
2582 1052 2647 1069 num.
2662 1052 2698 1069 ιιι.

2505 1400 2513 1408 ·
2529 1398 2565 1420 Cf.
2581 1399 2640 1421 ibid.

2498 2673 2509 2684 ⁸
2523 2672 2633 2695 Nicaeno.
