2488 3938
721 244 1822 409 PRAEFATIO

311 1119 313 1121 ,
399 1098 419 1116 ⁸-
461 1095 610 1124 umma
630 1079 904 1135 Theologica
925 1077 1169 1120 s.Thomae
1192 1075 1439 1131 Aquinatis,
1463 1074 1672 1116 Doctoris
1697 1072 1910 1129 Angelici,
1930 1077 2095 1127 quanto
2121 1071 2272 1113 ceteris
2297 1071 2388 1113 eius

308 1182 316 1188 ,
334 1150 344 1187 f
369 1162 438 1206 ,5-
456 1142 813 1200 praeclarissimis
836 1140 1044 1196 operibus
1066 1145 1268 1195 praestat,
1293 1144 1414 1180 tanto
1439 1137 1592 1179 maiori
1615 1136 1760 1178 studio
1786 1136 1926 1190 ipsam
1949 1135 2082 1176 nitide
2101 1141 2143 1176 et
2161 1134 2389 1176 emendate

252 1214 265 1239 2
328 1257 335 1263 .
368 1209 443 1260 'f—
461 1207 680 1262 publicare
714 1203 913 1262 aggressi
946 1209 1048 1244 sunt
1081 1202 1327 1257 complures
1360 1200 1441 1242 viri
1476 1199 1674 1242 doctrina
1707 1205 1749 1241 et
1782 1198 2025 1240 eruditione
2060 1198 2293 1253 conspicui.
2329 1198 2391 1240 Ut

231 1266 242 1279 ⁴
322 1265 352 1291 ‘⁸'
415 1293 435 1326 ς
461 1269 722 1311 celebriores
756 1272 923 1308 tantum
948 1265 1175 1314 editiones,
1201 1265 1481 1320 ipsarumque
1510 1269 1731 1305 curatores
1755 1275 2163 1310 commemoremus,
2195 1261 2268 1316 qui
2295 1261 2389 1302 Ro-

463 1345 636 1374 manam
669 1330 770 1372 anni
801 1329 918 1384 1570
941 1328 1139 1370 omnium
1174 1341 1358 1383 operum
1390 1341 1425 1369 s.
1450 1326 1651 1368 Thomae
1686 1325 1934 1374 editionem,
1960 1325 2080 1366 iussu
2107 1330 2150 1366 et
2182 1324 2388 1379 impensis

172 1396 292 1439 sz'Pii
313 1395 368 1444 V,
403 1395 680 1444 adornarunt,
716 1392 1092 1449 quemadmodum
1125 1391 1238 1433 circa
1269 1390 1353 1432 alia
1385 1390 1522 1432 sancti
1556 1388 1764 1430 Doctoris
1798 1388 1957 1443 scripta
1989 1401 2157 1429 omnem
2180 1387 2389 1429 adhibue-

173 1461 282 1501 runt
298 1457 570 1512 diligentiam
584 1461 645 1501 ,ut
667 1471 720 1498 ea
741 1458 993 1511 expurgata
1021 1454 1221 1509 undique,
1250 1456 1525 1510 prorsusque
1544 1451 1773 1508 splendida
1797 1451 2034 1499 redderent,
2060 1451 2118 1492 ita
2141 1464 2264 1491 curas
2286 1463 2388 1491 suas

173 1521 218 1564 in
249 1535 302 1563 eo
334 1521 611 1576 potissimum
645 1525 896 1575 posuerunt,
931 1524 979 1560 ut
1005 1517 1280 1574 Theologica
1308 1516 1492 1558 Summa
1522 1529 1654 1571 quam
1684 1514 2034 1556 emendatissime
2063 1513 2388 1568 imprimeretur.

173 1584 473 1626 Veruntamen
505 1583 654 1625 «votis
687 1582 888 1638 curisque
917 1581 1121 1623 adhibitis
1155 1579 1272 1622 haud
1302 1580 1415 1621 bene
1439 1574 1579 1628 cessit,
1611 1591 1709 1620 cum
1735 1577 1887 1619 eadem
1922 1582 2084 1618 scateat
2118 1590 2206 1617 non
2240 1575 2388 1631 paucis

174 1646 346 1690 mendis
381 1647 584 1693 Romana
613 1645 759 1694 editio,
794 1644 1079 1701 purioresque
1113 1644 1247 1685 ferme
1281 1642 1367 1684 sint
1406 1655 1519 1697 quae
1553 1647 1681 1683 antea
1715 1640 1965 1696 prodierant
1994 1658 2009 1677 »
2046 1638 2119 1695 (1).
2161 1639 2296 1680 Cuius
2330 1638 2389 1680 rei

175 1709 280 1753 illud
313 1709 422 1751 forte
455 1709 499 1750 in
515 1723 648 1751 causa
668 1708 757 1757 fuit,
783 1708 905 1763 quod
928 1707 1049 1748 Piani
1085 1706 1275 1748 editores
1309 1706 1352 1747 in
1386 1704 1431 1746 id
1465 1705 1507 1746 in
1530 1704 1679 1760 primis
1703 1703 1846 1745 studia
1869 1717 1949 1744 sua
1971 1701 2265 1744 convertenda
2293 1715 2390 1743 esse

175 1772 472 1822 intellexerint,
508 1778 555 1814 ut
573 1785 712 1827 ,opera
733 1785 767 1812 s.
784 1771 997 1819 Thomae,
1021 1769 1205 1825 sparsim
1229 1774 1272 1810 et
1294 1767 1478 1810 diversis
1501 1767 1772 1823 temporibus
1797 1779 1968 1815 excusa,
2004 1766 2046 1806 in
2070 1778 2204 1806 unum
2233 1778 2389 1820 corpus

177 1835 443 1892 colligerent,
466 1835 614 1889 spuria
635 1841 678 1875 et
711 1833 845 1874 dubia
866 1847 892 1874 a
914 1832 1116 1888 genuinis
1140 1838 1183 1873 et
1205 1831 1331 1872 certis
1354 1836 1616 1886 separarent,
1640 1844 1691 1871 ac
1714 1829 1861 1871 omnia
1884 1829 2011 1870 simul
2036 1834 2078 1870 et
2100 1827 2257 1869 eodem
2281 1833 2390 1868 tem-

176 1911 285 1954 pore
315 1898 556 1954 vulgarent,
595 1910 684 1951 quo
719 1895 883 1937 facilius
918 1901 960 1936 et
993 1894 1149 1936 minori
1183 1894 1381 1949 impensa
1414 1893 1654 1948 comparari
1687 1893 1743 1934 ab
1776 1892 1981 1934 omnibus
2008 1897 2200 1946 possent.
2234 1891 2284 1931 In
2306 1890 2390 1931 hoc

177 1966 324 2002 autern
358 1973 502 2015 opere,
537 1959 675 2000 arduo
710 1959 753 2000 in
786 1957 936 2013 primis
970 1964 1013 1999 et
1045 1957 1280 2006 laborioso,
1315 1970 1394 2012 par
1427 1962 1493 1998 est
1525 1955 1699 1997 credere
1733 1961 1899 1997 tantum
1933 1954 2141 2009 temporis
2165 1960 2207 1995 et
2228 1954 2390 1995 laboris

178 2021 444 2078 impendisse
478 2021 670 2063 eruditos
703 2021 836 2070 viros,
861 2026 909 2061 ut
941 2034 1030 2062 non
1057 2020 1161 2061 satis
1185 2019 1261 2061 otii
1284 2019 1345 2060 eis
1369 2019 1622 2060 remanserit
1643 2018 1699 2060 ad
1721 2024 1887 2060 textum
1922 2031 2019 2058 cum
2042 2017 2235 2072 pluribus
2270 2016 2390 2058 codi-

179 2085 302 2127 cibus
332 2084 687 2140 comparandum‚
723 2097 773 2125 ac
796 2083 851 2124 ab
886 2083 1092 2124 omnibus
1126 2082 1345 2123 erroribus
1368 2081 1704 2137 repurgandum,
1735 2081 1808 2135 qui
1831 2080 2161 2121 amanuensium
2195 2085 2237 2121 et
2263 2085 2391 2134 typo-

178 2147 446 2206 graphorum
479 2147 692 2203 imperitia
721 2152 764 2188 et
792 2146 955 2187 incuria
987 2146 1030 2187 in
1064 2146 1207 2200 ipsum
1241 2145 1510 2200 irrepserant.
1547 2144 1693 2186 Satius
1718 2157 1824 2200 ergo
1848 2142 1952 2198 ipsis
1986 2142 2123 2184 videri
2158 2142 2317 2197 potuit,
2356 2142 2393 2183 si

180 2211 401 2266 exemplar
442 2209 565 2266 quod
599 2210 708 2251 inter
755 2209 902 2250 omnia
941 2208 1323 2265 castigatissimum
1365 2208 1601 2257 ferebatur,
1637 2207 1887 2263 seligerent,
1922 2219 1972 2247 ac
2012 2205 2156 2247 denuo
2197 2210 2393 2246 accurate

181 2273 444 2316 excuderent
478 2273 551 2329 (2).

307 2336 470 2378 Menda
493 2336 651 2391 quibus
675 2336 718 2377 in
741 2335 876 2377 Piana
905 2334 1095 2376 editione
1128 2334 1270 2376 adhuc
1303 2333 1573 2375 inficiebatur
1594 2332 1865 2389 Theologica
1889 2332 2083 2381 Summa,
2108 2330 2224 2372 haud
2245 2330 2395 2386 fugere

180 2405 382 2455 poterant
414 2399 607 2441 eruditos
640 2399 772 2440 viros.
816 2398 1021 2440 Protinus
1056 2411 1163 2454 ergo
1198 2397 1455 2438 Franciscus
1501 2396 1702 2446 Garcias,
1738 2409 1792 2437 ex
1827 2395 1992 2437 Ordine
2029 2394 2394 2442 Praedicatorum,

182 2462 418 2517 Hispanus,
455 2476 551 2504 eam
585 2461 904 2503 emendandam
930 2460 1138 2516 suscepit;
1163 2466 1293 2515 atque
1316 2460 1359 2501 in
1382 2460 1496 2501 hunc
1519 2473 1716 2516 scopum,
1750 2459 1942 2500 libellum
1965 2457 2213 2513 composuit
2241 2456 2396 2497 edidit-

184 2537 270 2580 que
293 2524 366 2580 (3),
391 2525 458 2566 cui
482 2525 645 2566 titulus:
677 2542 691 2561 ‹
714 2524 976 2566 Emendatio
1012 2537 1164 2565 eorum
1199 2529 1438 2564 erratorum
1472 2536 1597 2578 quae,
1632 2522 1904 2564 librariorum
1927 2527 2002 2563 aut
2023 2519 2397 2577 typographorum

183 2587 357 2637 incuria,
393 2588 436 2628 in
459 2587 644 2629 Summa
676 2601 708 2628 s.
729 2588 929 2629 Thomae
961 2587 1102 2629 adhuc
1136 2586 1328 2628 admissa
1360 2586 1695 2641 reperiebantur.
1719 2603 1734 2623 »
1765 2585 1910 2639 Quam
1932 2597 2039 2626 vero
2063 2596 2167 2625 suae
2191 2582 2397 2623 emenda-

183 2650 315 2692 tionis
348 2650 560 2692 rationem
582 2650 820 2699 instituerit,
856 2650 1045 2692 declarat
1073 2650 1166 2706 ipse
1189 2650 1232 2691 in
1254 2649 1463 2705 Prologo.
1494 2666 1510 2686 ‹
1528 2649 1785 2690 Doctrinam
1808 2648 2008 2690 traditam
2030 2647 2074 2688 in
2098 2646 2201 2687 divo
2225 2645 2399 2687 Thoma

185 2713 304 2768 prius
338 2719 488 2754 exacte
521 2713 846 2769 intelligendam
869 2713 1183 2755 curabamus...
1208 2713 1266 2754 Et
1287 2712 1427 2754 sicubi
1451 2712 1693 2753 obscuritas
1717 2718 1792 2753 aut
1814 2710 2114 2767 improprietas
2137 2715 2213 2750 aut
2237 2708 2398 2749 falsitas

185 2781 262 2817 aut
283 2775 562 2824 dissonantia,
598 2789 711 2830 quae
744 2791 770 2817 a
801 2789 909 2817 vero
944 2782 986 2817 et
1018 2776 1212 2832 genuino
1246 2775 1410 2817 litterae
1444 2788 1596 2825 sensu,
1633 2781 1676 2816 et
1707 2789 1734 2816 a
1767 2775 1903 2816 sancti
1936 2773 2144 2815 Doctoris
2178 2771 2398 2827 praeclaro

186 2837 364 2894 ingenio
391 2839 625 2880 abhorrere
656 2838 887 2889 videretur,
912 2839 1177 2888 occurrebat,
1201 2838 1345 2880 statim
1380 2837 1642 2893 exemplaria
1676 2837 1848 2879 diversa
1881 2836 2241 2884 consulebamus;
2275 2847 2400 2889 prae-

186 2901 334 2943 sertim
356 2901 574 2956 quaedam
596 2902 888 2957 manuscripta
909 2915 1023 2956 quae
1046 2901 1089 2942 in
1112 2901 1383 2942 Bibliotheca
1407 2901 1724 2942 Tarraconensi
1758 2906 1926 2956 reperta
1948 2905 2066 2949 sunt,
2101 2897 2402 2953 antiquissima

187 2963 365 3018 quidem
400 2965 484 3013 illa,
521 2970 563 3005 et
597 2978 709 3019 quae
744 2964 798 3005 de
832 2965 980 3019 primis
1014 2964 1258 3019 archetypis
1302 2977 1400 3005 esse
1433 2963 1744 3005 videbantur.»
1779 2964 1869 3004 -In
1904 2963 1984 3004 hac
2022 2968 2168 3004 autem
2211 2960 2402 3002 instituta

188 3026 352 3067 ratione
387 3027 492 3068 illud
526 3027 713 3068 maxime
746 3027 997 3082 probamus,
1034 3027 1155 3082 quod
1189 3027 1291 3068 nihil
1316 3026 1572 3068 mutandum
1595 3026 1638 3068 in
1661 3032 1782 3068 textu
1806 3025 2045 3068 decreverit
2068 3024 2259 3074 Garcias,
2283 3023 2400 3078 prius

189 3102 320 3143 quarn
352 3089 436 3130 sibi
469 3096 574 3131 nota
607 3095 650 3130 et
683 3095 831 3131 exacte
875 3090 1090 3131 intellecta
1128 3096 1244 3131 esset
1287 3089 1378 3131 divi
1411 3089 1612 3131 Thomae
1646 3089 1854 3131 doctrina.
1895 3088 2011 3130 Huic
2045 3087 2200 3130 canoni
2246 3092 2288 3128 et
2321 3099 2402 3127 nos

249 3275 290 3310 (1)
314 3274 479 3302 Bernardus
499 3275 540 3302 M.
556 3276 600 3303 De
621 3275 738 3311 Rubeis,
761 3276 809 3303 De
833 3275 932 3304 Gestis
953 3281 981 3304 et
1001 3276 1128 3314 Scriptis
1148 3285 1183 3304 ac
1204 3276 1268 3304 Do-
1321 3275 1451 3304 Venetiis
1473 3276 1610 3313 degebat,
1631 3275 1662 3304 in
1683 3277 1839 3305 Conventu
1860 3275 2030 3304 ss.10annis
2051 3281 2079 3303 et
2093 3274 2189 3311 Pauli,
2211 3283 2291 3303 anno
2311 3274 2402 3310 1574:

188 3314 284 3343 ctrina
306 3323 328 3342 s.
350 3314 402 3359 Th.
417 3314 482 3358 Ast„
504 3314 624 3343 Dissert.
640 3324 700 3351 xvr,
723 3325 786 3353 cap.
802 3324 821 3351 1,
843 3325 925 3344 num.
947 3326 970 3344 1.
1323 3325 1357 3344 ex
1379 3325 1438 3353 quo
1461 3315 1557 3353 colligi
1579 3323 1676 3353 potest
1690 3326 1780 3354 quam
1795 3325 1886 3353 parvo
1901 3322 2035 3352 tempore
2050 3315 2139 3343 editio
2161 3314 2246 3343 fuerit
2260 3313 2402 3343 absoluta.

250 3356 291 3391 (2)
313 3355 443 3382 Editloni
463 3357 645 3384 accurandae
661 3357 849 3393 praefuerunt
863 3357 909 3384 Fr.
922 3356 1092 3385 Vincentius
1107 3356 1266 3392 Iustiniani,
1322 3356 1366 3384 Cf.
1383 3355 1506 3393 Remigii
1528 3356 1665 3392 epistolas
1690 3357 1846 3385 familiares
1867 3365 1994 3385 annexas
2021 3355 2083 3384 eius
2104 3355 2202 3392 operi,
2227 3354 2403 3383 Considera-

189 3395 261 3423 Ord.
279 3395 391 3429 Praed.‚
408 3395 437 3422 S.
454 3395 487 3422 R.
503 3396 537 3423 E.
561 3396 732 3431 Cardinalis,
754 3403 782 3425 et
797 3398 842 3425 Fr.
855 3397 988 3425 Thomas
1003 3397 1175 3434 Marriques,
1191 3396 1267 3425 eius·
1312 3397 1401 3436 Nzioni
1417 3396 1506 3425 Civili
1527 3403 1591 3432 etc.,
1615 3398 1648 3425 In
1672 3398 1806 3437 Vena-fia,
1829 3405 1971 3435 appresso
1986 3396 2135 3424 Damiano
2158 3396 2285 3429 Zenaro,
2301 3391 2385 3422 1582
2392 3404 2404 3429 ‚·

189 3435 257 3463 dem
279 3434 517 3480 QrdinisRSacri
538 3436 639 3464 Palatii
659 3437 822 3474 Apostolici
844 3437 992 3474 Magister3
1017 3437 1123 3474 quibus
1145 3447 1266 3474 operam
1321 3446 1439 3465 necnon
1459 3436 1535 3465 illius
1555 3437 1684 3475 elogium
1698 3438 1778 3474 apud
1793 3437 1969 3472 Echardum,
1986 3437 2155 3474 Scriptores
2173 3435 2296 3464 Ordinis
2310 3435 2403 3462 Prae-

188 3485 272 3503 suam
293 3485 324 3503 in
345 3475 484 3503 ommbus
505 3483 648 3504 navarunt
669 3477 717 3505 alii
734 3487 767 3505 ex
782 3478 887 3505 eodem
909 3478 1012 3506 ordine
1028 3477 1190 3505 doctissimi
1203 3477 1265 3506 viri.
1322 3477 1496 3511 dicatorum,
1518 3478 1606 3506 Tom.
1623 3479 1655 3513 ΙΙ,
1677 3487 1742 3515 pag.
1766 3478 1834 3513 259.

188 3516 265 3561 Inter
279 3516 334 3544 hos
352 3515 405 3543 fuit
427 3514 574 3552 Remigius
589 3517 694 3551 Nanni,
710 3518 901 3546 florentinus
915 3527 932 3546 a
946 3517 1039 3554 patria
1053 3518 1140 3555 vulgo
1163 3518 1266 3553 dictus,
1384 3518 1425 3553 (3)
1447 3518 1642 3553 Tarraconae,
1665 3519 1745 3555 apud
1759 3517 1926 3554 Philippum
1946 3518 2022 3553 Mey,
2048 3517 2132 3553 1578.
2155 3518 2187 3544 In
2202 3517 2247 3544 ed.
2264 3516 2403 3543 Summae

189 3565 240 3593 qul
260 3557 298 3584 ad
319 3556 377 3584 hoc
405 3565 479 3592 opus
501 3555 629 3583 Venetiis
657 3566 736 3585 anno
763 3559 837 3594 1569
859 3559 986 3587 Romam
1011 3558 1134 3594 accitus,
1161 3558 1266 3586 iterum
1323 3557 1428 3586 Colon.
1449 3558 1534 3594 1604,
1556 3564 1669 3595 prostat
1690 3567 1793 3595 opusc.
1817 3557 1947 3593 Garciae,
1969 3563 2038 3594 post
2053 3557 2152 3593 Suppl.
2168 3557 2284 3585 Tertiae
2300 3554 2402 3583 Partis.

334 3614 445 3639 Sumus
464 3614 567 3638 Tutior.
586 3614 618 3639 D.
634 3613 749 3639 Tnomz
768 3615 801 3640 Τ.
821 3616 840 3640 1.
2244 3615 2258 3639 b
