2768 4178
27 1186 40 1197 ⁴
58 1185 96 1208 Cf.
110 1190 175 1208 num.
188 1191 224 1207 ur.

930 247 1196 293 QUAESTIO
1226 247 1400 295 xxxvl,
1429 248 1724 286 ARTICULUS
1755 250 1806 286 1v
2389 254 2462 290 383

276 333 319 363 ut
346 325 651 363 instrumentum.
681 326 829 363 Dicitur
856 334 985 363 autem
1010 326 1171 364 ballivus
1193 325 1342 375 operari
1397 328 1490 364 dum
1530 328 1705 365 ordinem
1749 330 2034 378 suppositorum
2073 332 2289 379 agentium,
2330 331 2466 370 dicitur

276 391 346 427 per
373 391 514 427 regem,
546 379 723 428 quamvis
750 380 846 416 haec
868 379 1100 428 praepositio
1123 391 1196 428 per
1224 379 1342 416 deno·
1396 392 1461 416 rex
1499 381 1648 429 operari
1684 394 1754 431 per
1792 382 1995 420 ballivum:
2035 384 2247 422 secundum
2286 385 2462 423 ordinem

276 439 329 468 tet
355 432 546 479 medium,
582 432 671 480 quia
704 439 848 481 quanto
882 432 1124 480 suppositum
1155 439 1210 468 est
1237 431 1341 480 prius
1395 445 1488 469 vero
1521 434 1724 481 virtutum,
1755 435 1887 472 dicitur
1920 436 2080 474 ballivus
2118 438 2267 485 operari
2303 449 2373 486 per
2405 451 2462 475 re-

276 484 315 521 in
336 485 497 533 agendo,
514 493 617 522 tanto
637 484 756 522 virtus
777 485 856 521 eius
877 492 932 521 est
950 484 1236 521 immediatior²
1253 485 1342 521 effe-
1395 498 1504 533 gem,
1541 487 1629 535 quia
1656 487 1775 524 virtus
1808 488 1904 536 regis
1942 489 2030 526 facit
2063 492 2167 538 quod
2205 491 2302 527 actio
2332 491 2461 528 ballivi

277 537 367 574 ctui:
388 537 478 586 quia
499 538 618 575 virtus
639 549 775 574 causae
798 537 944 586 primae
974 537 1167 585 coniungit
1186 550 1340 574 causam
1397 547 1651 588 consequatur
1671 540 1861 577 effectum.
1882 562 1906 568 —
1929 542 2036 579 Ordo
2057 551 2184 579 autern
2205 556 2284 580 non
2303 544 2462 581 attendi-

276 592 485 628 secundam
514 603 584 627 suo
615 590 785 627 effectui:
814 590 916 626 unde
946 597 982 626 et
1004 590 1129 638 prima
1157 590 1341 639 principia
1395 599 1456 628 tur
1482 591 1578 628 inter
1596 593 1748 630 Patrem
1770 601 1807 630 et
1826 594 1963 630 Filium
1985 602 2170 642 quantum
2191 597 2237 633 ad
2256 596 2457 643 virtutem;

277 642 452 680 dicuntur
492 643 707 680 immediata
741 642 781 679 in
822 643 1128 679 demonstrativis
1166 643 1342 680 scientiis.·
1396 644 1463 680 sed
1483 646 1608 682 solum
1638 654 1821 694 quantum
1851 648 1898 683 ad
1919 648 2126 696 supposita.
2149 650 2198 685 Et
2216 649 2303 686 ideo
2324 649 2460 687 dicitur

276 695 339 732 Sic
367 695 488 744 igitur,
509 696 734 744 inquantum
762 695 924 732 ballivus
951 703 1006 732 est
1029 696 1180 732 medius
1208 708 1342 732 secun·
1395 697 1500 745 quod
1519 698 1632 734 Pater
1655 698 1770 747 spirat
1797 711 1866 748 per
1890 699 2040 748 Filium,
2063 709 2099 737 et
2118 714 2196 738 non
2216 714 2235 738 e
2257 714 2457 740 converso.

326 827 353 861 κ)
373 827 562 853 immediatior.
582 841 596 846 -
617 827 760 852 mediatior
779 827 934 860 ACEGpDF
954 833 979 852 et
998 829 1038 852 ed.
1058 836 1083 853 α.

951 916 1285 949 Commentaria
1307 917 1559 950 Gardtnalis
1580 918 1782 951 Caietam

302 1015 322 1035 N
345 1004 439 1035 titulo
463 1004 542 1034 nihil
561 1011 607 1035 est
630 1004 827 1044 ambiguum,
853 1004 1036 1044 accipiendo
1059 1005 1167 1044 ipsum
1186 1005 1231 1035 sic
1252 1015 1339 1036 com·
1393 1005 1576 1036 affirmative
1593 1013 1652 1037 est:
1673 1007 1806 1047 Spiritus
1815 1007 1946 1039 Sanctus
1963 1010 2105 1048 procedit
2121 1020 2139 1040 a
2151 1010 2240 1041 Patre
2256 1021 2312 1050 per
2328 1011 2455 1042 Filium.

275 1017 442 1079 Imuniter
457 1055 492 1079 ut
509 1056 609 1085 sonat,
627 1049 746 1089 absque
763 1048 880 1079 scilicet
895 1049 1034 1079 dictione
1050 1049 1217 1085 exclusiva,
1236 1056 1292 1080 etc.
1392 1067 1412 1071 —
1425 1050 1465 1080 Et
1486 1051 1647 1089 probatur.
1676 1051 1775 1081 Filius
1799 1052 1894 1082 habet
1916 1063 1934 1082 a
1957 1053 2046 1084 Patre
2070 1054 2158 1094 quod
2182 1055 2220 1084 ab
2245 1065 2283 1085 eo
2307 1056 2458 1095 procedat

329 1093 365 1123 In
389 1103 522 1132 corpore
545 1093 610 1123 duo
635 1092 724 1123 facit:
754 1093 869 1132 primo,
883 1093 1021 1123 ostendit
1049 1100 1130 1132 quot
1157 1093 1261 1123 modis
1286 1103 1338 1123 su-
1393 1093 1526 1133 Spiritus
1543 1094 1693 1125 Sanctus:
1727 1105 1801 1135 ergo
1830 1103 1935 1136 potest
1958 1097 2020 1127 dici
2052 1098 2140 1138 quod
2163 1098 2254 1129 Pater
2281 1099 2377 1140 spirat
2400 1109 2457 1139 per

270 1137 368 1168 mitur
390 1137 423 1178 ly
440 1147 504 1177 per
527 1137 560 1166 in
584 1137 770 1167 huiusmodi
794 1137 1086 1177 propositionibus;
1110 1137 1265 1173 secunde,
1290 1147 1336 1167 re-
1392 1137 1510 1167 Filium
1533 1138 1686 1177 Spiritum
1702 1139 1863 1176 Sanctum,
1889 1147 1944 1171 etc.

271 1182 408 1222 spondet
431 1181 589 1222 quaesito,
613 1180 646 1210 in
671 1181 754 1211 calce
777 1181 898 1211 articuli
914 1181 940 1211 *.
1147 1208 1149 1210 .
1451 1181 1688 1222 Consequentia
1717 1189 1802 1213 tenet
1829 1194 1866 1214 ex
1893 1185 2034 1224 exposita
2061 1185 2288 1224 significatione
2311 1186 2344 1227 ly
2372 1196 2454 1227 per,

330 1226 367 1256 ΙΙ.
389 1225 506 1263 Quoad
516 1226 672 1265 primum,
689 1232 827 1265 quatuor
843 1225 1000 1255 dicuntur.
1014 1224 1158 1254 Primum
1174 1231 1229 1260 est,
1248 1225 1338 1265 quod
1391 1226 1521 1264 quando
1543 1226 1672 1256 denotat
1697 1227 1839 1257 medium
1863 1238 1900 1258 ex
1925 1235 2012 1268 parte
2035 1230 2199 1269 producti:
2229 1230 2345 1261 scilicet
2368 1231 2458 1271 quod

271 1269 304 1311 ly
330 1279 394 1310 per
429 1269 558 1311 denotat
581 1269 722 1309 aliquam
746 1269 961 1299 causalitatem
992 1268 1026 1298 in
1060 1268 1238 1298 accusativo
1263 1279 1336 1299 casu
1391 1268 1520 1299 denotat
1547 1270 1636 1309 quod
1664 1270 1703 1300 sit
1725 1271 1877 1307 medium,
1901 1272 2020 1302 habens
2044 1283 2062 1303 a
2085 1273 2249 1313 principali
2271 1274 2360 1314 quod
2382 1285 2456 1315 pro-

270 1322 367 1354 super
378 1320 476 1354 quern
493 1313 807 1344 cadit.-Secundum
823 1319 879 1348 est,
889 1313 978 1353 quod
993 1312 1046 1342 issa
1063 1312 1227 1343 causalitas
1239 1323 1337 1353 quan·
1391 1312 1494 1343 ducat.
1515 1313 1565 1343 Sic
1581 1313 1667 1343 enirn
1682 1314 1818 1344 sumitur
1836 1315 1869 1344 in
1885 1316 2062 1356 proposito,
2088 1324 2118 1347 et
2134 1327 2199 1347 non
2222 1318 2327 1357 primo
2345 1319 2454 1349 modo.

270 1357 377 1398 doque
393 1365 440 1388 est
454 1364 597 1397 respectu
621 1356 752 1387 actionis
780 1357 956 1387 secundum
972 1357 1062 1397 quod
1078 1356 1139 1387 exit
1158 1357 1197 1386 ab
1214 1363 1335 1396 agente.
1390 1356 1489 1386 Filius
1514 1357 1600 1386 enim
1623 1367 1689 1387 non
1705 1364 1751 1388 est
1768 1359 1910 1389 medium
1926 1370 1962 1389 ex
1978 1367 2064 1399 parte
2080 1361 2194 1391 Patris:
2220 1371 2286 1391 non
2306 1362 2389 1392 enim
2411 1369 2457 1393 est

269 1402 311 1432 Et
334 1401 508 1432 declaratur
529 1401 591 1432 hoc
614 1401 648 1431 in
671 1400 784 1440 triplici
807 1410 919 1440 genere
943 1400 1255 1431 causae.—-Tertium
1280 1407 1334 1437 est,
1390 1399 1469 1430 ratio
1494 1400 1672 1440 spirationis
1696 1408 1732 1432 ut
1755 1402 1816 1433 exit
1839 1413 1856 1432 a
1879 1403 1979 1439 Patre,
2004 1405 2057 1434 sed
2081 1404 2189 1444 potius
2214 1412 2249 1435 ut
2272 1406 2457 1436 terminetur

269 1446 360 1486 quod
381 1445 437 1476 illa
464 1445 627 1476 causalitas
650 1445 845 1486 quandoque
877 1451 924 1475 est
953 1451 1097 1485 respectu
1129 1444 1261 1475 actionis
1290 1454 1336 1475 se·
1390 1444 1430 1474 ad
1454 1444 1606 1484 Spiritum
1623 1445 1784 1477 Sanctum.
1814 1447 1855 1477 Et
1878 1447 1939 1477 hoc
1960 1448 2187 1478 considerando
2211 1449 2364 1489 Spiritum
2379 1450 2455 1480 San-

269 1490 412 1520 cundum
435 1490 525 1530 quod
548 1488 774 1520 determinatur
797 1489 836 1519 ad
859 1489 993 1525 factum;
1018 1496 1054 1519 ut
1076 1495 1162 1529 patet
1184 1489 1217 1519 in
1241 1488 1336 1519 artifi-
1390 1494 1478 1518 ctum
1493 1495 1530 1519 ut
1546 1496 1592 1519 est
1607 1500 1625 1519 a
1640 1490 1730 1520 Patre
1749 1491 1901 1522 mediate:
1926 1502 2015 1522 secus
2035 1492 2121 1522 enim
2141 1493 2309 1523 dice'ndum
2333 1500 2388 1530 est,
2407 1495 2455 1524 lo-

220 1559 225 1563 .
270 1533 400 1564 cialibus
423 1533 674 1564 instrumentis.-
690 1533 850 1570 Quartum
874 1540 937 1569 est,
963 1533 1052 1573 quod
1075 1533 1152 1563 haec
1176 1533 1335 1563 distinctio
1390 1533 1519 1572 quendo
1543 1533 1582 1563 de
1605 1533 1676 1573 ipso
1699 1540 1736 1564 ut
1759 1541 1805 1565 est
1827 1535 2008 1566 immediate
2030 1547 2047 1566 a
2070 1537 2169 1567 Patre.
2194 1537 2235 1567 Et
2257 1537 2329 1567 ideo
2353 1538 2455 1568 littera

269 1577 418 1608 coincidit
434 1587 508 1608 cum
526 1577 579 1607 illa
595 1577 742 1613 aliorum,
758 1577 874 1607 scilicet
890 1578 979 1618 quod
994 1577 1188 1618 quandoque
1207 1577 1337 1607 denotat
1390 1576 1463 1606 dicit
1486 1577 1575 1617 quod
1592 1583 1698 1617 potest
1714 1578 1774 1608 dici
1793 1579 1918 1609 Patrem
1942 1579 2057 1620 spirare
2082 1591 2137 1620 per
2160 1581 2278 1611 Filium
2302 1581 2455 1622 Spiritum

267 1621 487 1653 auctoritatem
510 1621 543 1651 in
566 1628 667 1658 recto,
692 1627 722 1652 et
745 1621 940 1662 quandoque
959 1621 991 1651 in
1012 1621 1156 1661 obliquo.
1389 1620 1554 1651 Sanctum:
1572 1628 1603 1651 et
1618 1631 1684 1652 non
1701 1622 1778 1653 dixit
1793 1623 1881 1662 quod
1901 1629 2023 1663 oportet
2039 1626 2169 1655 omnino
2186 1625 2229 1655 sic
2246 1625 2319 1662 dici;
2345 1636 2455 1656 secun-

326 1665 377 1697 111.
408 1666 526 1703 Quoad
554 1666 750 1703 secundum,
782 1665 945 1696 conclusio
978 1665 1162 1706 responsiva
1191 1664 1335 1706 quaesito
1389 1665 1467 1694 dum
1491 1675 1590 1695 unam
1614 1665 1699 1696 enim
1722 1667 1939 1707 acceptionem
1963 1674 2088 1699 tanturn
2110 1668 2299 1700 verificatur.

1054 1826 1372 1868 ARTICULUS
1403 1827 1675 1879 QUARTUS

611 1921 768 1952 UTRUM
790 1921 934 1951 PATER
957 1921 1015 1951 ET
1038 1921 1175 1951 FILIUS
1199 1921 1296 1951 SINT
1320 1921 1446 1952 UNUM
1469 1921 1718 1952 PRINCIPIUM
1741 1898 1931 1954 slelTiJs
1955 1923 2110 1955 SANCTI

815 2000 825 2024 1
844 2000 927 2029 Sent„
947 2000 1006 2025 dist.
1024 2008 1058 2029 x1,
1078 2005 1124 2024 art.
1146 2007 1168 2029 2,
1188 2008 1205 2032 4
1212 2008 1219 2031 ;
1240 2000 1298 2025 dist.
1316 2008 1381 2029 xxix,
1402 2005 1448 2025 art.
1467 2008 1498 2032 43
1518 2000 1552 2025 IV
1573 2001 1650 2026 Cont.
1672 2002 1758 2031 Gent„
1779 2009 1835 2034 cap.
1853 1997 1919 2027 xxvf

308 2103 363 2142 5313*
389 2107 444 2138 μς(
481 2101 504 2126 D
525 2100 699 2131 QUARTUM
718 2100 771 2125 sm
792 2099 1031 2126 PROCEDITUR.
1052 2088 1212 2125 Videtur
1231 2088 1336 2137 quod
1443 2101 1480 2135 4.
1516 2090 1754 2136 PRAETEREA,
1785 2090 1816 2126 si
1843 2091 1956 2127 Pater
1994 2099 2029 2128 et
2066 2092 2180 2129 Filius
2218 2101 2305 2130 sunt
2332 2107 2453 2131 unum

301 2128 462 2200 (7¹25
481 2143 595 2179 Pater
623 2149 659 2178 et
689 2141 804 2177 Filius
833 2154 911 2178 non
947 2141 1019 2178 sint
1052 2154 1173 2178 unum
1200 2142 1337 2190 princi·
1390 2141 1619 2190 principium
1658 2142 1816 2190 Spiritus
1855 2144 1999 2190 Sancti,
2028 2153 2092 2181 aut
2119 2158 2239 2182 unum
2267 2148 2371 2194 quod
2400 2155 2456 2184 est

288 2193 410 2248 ,2⁷5
425 2181 453 2234 ‘¹⁶
466 2189 589 2244 pium
606 2194 764 2243 Spiritus
785 2194 923 2231 Sancti.
947 2194 1047 2241 Quia
1063 2195 1223 2243 Spiritus
1244 2195 1337 2231 San·
1390 2196 1522 2240 Pater;
1553 2202 1617 2231 aut
1643 2208 1765 2232 unum
1794 2196 1900 2245 quod
1928 2209 2007 2233 non
2036 2205 2092 2234 est
2113 2199 2237 2235 Pater.
2269 2199 2344 2236 Sed
2364 2212 2454 2236 neu-

289 2247 291 2249 ’
328 2220 564 2285 C'chtus
592 2259 670 2284 non
698 2247 851 2284 videtur
876 2259 898 2283 a
917 2248 1027 2284 Patre
1057 2255 1094 2284 et
1122 2248 1219 2284 Filio
1250 2260 1336 2296 pro·
1390 2255 1491 2284 trum
1521 2255 1576 2284 est
1605 2247 1715 2284 dare:
1754 2249 1843 2296 quia
1881 2249 1910 2285 si
1944 2262 2065 2286 unum
2102 2252 2206 2298 quod
2225 2246 2296 2288 'est
2321 2253 2454 2300 Pater,

270 2301 405 2338 cedere
434 2300 660 2350 in'quantum
690 2307 777 2337 sunt
794 2312 938 2337 unum:
968 2313 1095 2349 neque
1123 2300 1162 2337 in
1190 2308 1335 2348 natura,
1391 2300 1561 2350 sequitur
1581 2300 1685 2349 quod
1705 2301 1820 2338 Filius
1840 2301 1886 2338 sit
1905 2303 2033 2348 Pater;
2063 2303 2093 2340 si
2112 2316 2233 2341 unum
2253 2305 2358 2353 quod
2377 2318 2456 2343 non

269 2353 359 2403 quia
388 2353 547 2403 Spiritus
577 2354 737 2390 Sanctus
767 2353 819 2390 sic
849 2353 962 2390 etiam
990 2354 1216 2402 procederet
1235 2366 1257 2390 a
1280 2366 1336 2390 se·
1392 2360 1448 2389 est
1485 2354 1617 2400 Pater,
1647 2353 1816 2401 sequitur
1852 2355 1957 2403 quod
1984 2356 2097 2392 Pater
2133 2369 2211 2394 non
2247 2366 2303 2394 est
2330 2359 2453 2396 Pater.

268 2407 374 2456 ipso,
405 2406 470 2456 qui
504 2415 560 2444 est
586 2419 708 2443 unum
745 2419 834 2443 cum
868 2406 921 2443 eis
950 2406 988 2443 in
1017 2414 1172 2453 natura;
1210 2419 1336 2455 neque
1392 2407 1483 2442 Non
1503 2418 1591 2454 ergo
1612 2406 1818 2443 dicendum
1849 2415 1904 2444 est
1931 2409 2034 2457 quod
2063 2410 2175 2446 Pater
2195 2418 2230 2447 et
2250 2411 2364 2447 Filius
2384 2412 2456 2448 sint

270 2459 383 2497 etiam
419 2460 644 2508 inquantum
678 2467 766 2496 sunt
791 2471 914 2496 unum
942 2459 980 2496 in
1008 2460 1133 2509 aliqua
1166 2460 1337 2508 proprie·
1390 2471 1511 2495 unum
1540 2459 1768 2507 principium
1794 2460 1953 2508 Spiritus
1983 2462 2121 2498 Sancti.

268 2520 356 2559 tate,
386 2513 475 2561 quia
499 2525 577 2550 una
595 2512 806 2561 proprietas
825 2525 903 2548 non
922 2520 1047 2561 potest
1067 2525 1149 2549 esse
1169 2512 1335 2549 duorum
1448 2513 1480 2548 5.
1515 2513 1757 2559 PRAETEREA,
1795 2513 1825 2549 si
1858 2513 1969 2549 Pater
2004 2521 2040 2550 et
2077 2514 2192 2551 Filius
2220 2523 2308 2552 sunt
2335 2529 2454 2553 unum

270 2565 568 2614 suppositorum,
597 2572 640 2601 ut
665 2565 826 2602 videtur.
858 2566 960 2612 Ergo
991 2565 1149 2614 Spiritus
1174 2566 1335 2602 Sanctus
1389 2564 1618 2613 principium
1644 2564 1802 2613 Spiritus
1823 2566 1962 2613 Sancti,
1982 2566 2133 2604 videtur
2152 2580 2172 2604 e
2194 2581 2381 2606 converso
2402 2569 2455 2606 di-

269 2618 442 2667 procedit
470 2631 492 2655 a
521 2620 631 2655 Patre
670 2625 707 2654 et
744 2618 839 2655 Filio
872 2625 914 2654 ut
941 2626 1028 2655 sunt
1063 2619 1203 2667 plures.
1243 2620 1334 2655 Non
1392 2618 1556 2654 cendum
1590 2617 1695 2666 quod
1723 2630 1845 2655 unum
1876 2618 2105 2668 principium
2136 2621 2297 2669 Spiritus
2327 2623 2455 2659 Sancti

272 2683 360 2719 ergo
388 2672 502 2708 Pater
530 2679 567 2708 et
595 2670 711 2708 Filius
740 2678 827 2707 sunt
853 2683 975 2708 unum
1004 2671 1230 2721 principium
1253 2671 1335 2720 Spi-
1391 2670 1437 2706 sit
1455 2671 1567 2706 Pater
1596 2678 1632 2706 et
1659 2670 1786 2707 Filius.
1822 2671 1900 2707 Sed
1927 2672 2022 2708 haec
2050 2672 2202 2710 videtur
2229 2687 2312 2711 esse
2341 2675 2454 2712 falsa:

270 2724 362 2761 ritus
391 2724 530 2761 Sancti.
1391 2723 1480 2771 quia
1512 2724 1587 2759 hoc
1621 2723 1725 2771 quod
1760 2723 1844 2760 dico
1875 2725 2126 2773 principium,
2165 2735 2315 2776 oportet
2351 2729 2455 2777 quod

325 2789 360 2814 2.
391 2778 625 2824 PRAETEREA,
647 2788 735 2812 cum
765 2776 911 2823 dicitur,
931 2778 1046 2813 Pater
1064 2783 1100 2814 et
1115 2778 1234 2814 Filius
1252 2783 1339 2814 sunt
1391 2783 1582 2824 supponat
1599 2777 1661 2812 vel
1689 2788 1760 2824 pro
1783 2789 1949 2825 persona
1968 2778 2100 2826 Patris,
2120 2781 2183 2816 vel
2201 2793 2272 2829 pro
2290 2793 2455 2829 persona

270 2842 389 2867 unum
411 2830 642 2878 principium
671 2829 830 2877 Spiritus
857 2830 995 2876 Sancti,
1026 2843 1104 2867 non
1131 2838 1258 2878 potest
1285 2830 1336 2866 ibi
1392 2828 1494 2875 Filii3
1526 2837 1561 2865 et
1588 2837 1751 2878 utroque
1784 2829 1903 2866 modo
1938 2838 1993 2867 est
2029 2832 2132 2869 falsa.
2172 2834 2275 2881 Ergo
2306 2834 2419 2871 etiarn
2438 2833 2456 2863 β

270 2883 459 2931 designari
487 2883 610 2919 unitas
638 2882 863 2931 personalis:
894 2883 983 2931 quia
1011 2883 1063 2919 sic
1090 2884 1202 2920 Pater
1222 2890 1258 2919 et
1277 2883 1336 2919 Fi·
1391 2882 1487 2918 haec
1516 2889 1571 2918 est
1598 2882 1701 2929 falsa,
1722 2883 1835 2919 Pater
1862 2889 1898 2919 et
1922 2884 2041 2921 Filius
2067 2891 2155 2922 sunt
2181 2898 2297 2923 unum
2312 2888 2455 2935 princi-

270 2935 340 2972 lius
361 2943 486 2973 essent
512 2948 590 2973 una
608 2948 784 2984 persona.
815 2936 953 2983 Neque
974 2936 1088 2972 etiam
1107 2936 1230 2972 unitas
1249 2948 1337 2984 pro-
1385 2935 1493 2983 pium
1522 2935 1680 2982 Spiritus
1708 2936 1845 2972 Sancti.

270 2988 458 3037 prietatis:
479 2989 569 3037 quia
588 2989 623 3031 si,
636 2996 793 3037 propter
806 3001 923 3025 unam
938 2989 1210 3038 proprietatem
1225 2990 1338 3025 Pater
1446 2989 1481 3024 6.
1511 2989 1744 3035 PRAETEREA,
1774 3001 1894 3025 unum
1923 2989 1961 3026 in
1990 2991 2198 3028 substantia
2226 2991 2312 3028 facit
2338 2992 2453 3029 idern.

271 3048 309 3078 et
336 3041 451 3078 Filius
479 3049 566 3078 sunt
593 3054 714 3078 unum
750 3041 978 3090 principium
1008 3042 1167 3090 Spiritus
1197 3041 1337 3089 Sancti,
1393 3040 1433 3077 Si
1461 3040 1570 3088 igitur
1597 3041 1710 3077 Pater
1738 3049 1774 3078 et
1802 3041 1917 3079 Filius
1953 3050 2040 3079 sunt
2070 3056 2192 3080 unum
2225 3045 2454 3094 principium

270 3094 351 3143 pari
381 3094 538 3141 ratione,
568 3102 724 3143 propter
752 3095 846 3131 duas
873 3095 1123 3143 proprietates
1151 3096 1264 3131 Pater
1281 3094 1338 3131 vi-
1393 3094 1553 3142 Spiritus
1583 3093 1729 3140 Sancti,
1765 3095 1934 3142 sequitur
1961 3097 2066 3144 quod
2094 3097 2167 3133 sint
2194 3097 2291 3134 idem
2314 3099 2455 3146 princi-

272 3147 381 3184 detur
409 3159 492 3184 esse
521 3148 597 3184 duo
626 3147 811 3196 principia
839 3147 921 3183 Filii
950 3155 986 3184 et
1010 3148 1169 3196 Spiritus
1190 3147 1337 3193 Sancti3
1385 3147 1506 3195 pium.
1543 3146 1620 3183 Sed
1648 3147 1723 3183 hoc
1751 3159 1773 3183 a
1801 3148 1929 3184 multis
1957 3157 2125 3196 negatur.
2162 3150 2264 3197 Ergo
2293 3163 2371 3187 non
2401 3160 2456 3188 est

272 3199 377 3248 quod
407 3207 462 3237 est
488 3200 775 3238 inconveniens.
806 3201 897 3237 Non
927 3213 1015 3248 ergo
1037 3202 1149 3237 Pater
1168 3208 1204 3237 et
1224 3201 1338 3237 Filius
1393 3199 1682 3237 concedendum
1718 3201 1823 3248 quod
1855 3201 1968 3238 Pater
2006 3210 2041 3238 et
2075 3202 2188 3239 Filius
2225 3203 2298 3240 sint
2333 3216 2454 3241 unum

272 3260 359 3290 sunt
385 3265 507 3289 unum
535 3253 763 3302 principium
793 3253 951 3302 Spiritus
981 3253 1119 3290 Sancti.
1391 3252 1619 3301 principium
1650 3252 1808 3300 Spiritus
1838 3254 1976 3291 Sancti.

329 3307 363 3343 3.
393 3307 626 3353 PRAETEREA,
648 3306 762 3343 Filius
782 3319 861 3343 non
881 3306 1000 3354 magis
1021 3306 1231 3343 convenit*
1251 3319 1339 3344 cum
1447 3318 1482 3354 7.
1509 3306 1747 3353 PRAETEREA,
1778 3307 1889 3343 Pater
1918 3315 1954 3344 et
1982 3307 2097 3344 Filius
2126 3315 2162 3344 et
2182 3308 2339 3356 Spiritus
2360 3310 2455 3346 San-

272 3360 383 3396 Patre
405 3371 520 3407 quam
541 3359 700 3407 Spiritus
717 3360 889 3396 Sanctus.
908 3360 986 3396 Sed
1002 3359 1162 3408 Spiritus
1179 3360 1339 3397 Sanctus
1394 3366 1494 3405 ctUS,
1525 3358 1614 3406 quia
1643 3366 1730 3395 sunt
1756 3371 1878 3396 unum
1905 3360 2133 3409 principium
2161 3369 2370 3408 creaturae,
2401 3362 2454 3399 di-

274 3419 310 3448 et
328 3412 441 3448 Pater
459 3423 539 3448 non
558 3419 645 3449 sunt
662 3424 785 3448 unum
813 3412 1041 3461 principium
1071 3420 1244 3461 respectu
1275 3413 1339 3450 ali·
1393 3419 1527 3448 cuntur
1547 3423 1628 3448 esse
1647 3424 1747 3448 unus
1768 3412 1936 3449 Creator.
1960 3413 2036 3450 Sed
2056 3414 2168 3450 Pater
2187 3422 2223 3450 et
2243 3414 2357 3451 Filius
2376 3427 2455 3452 non

274 3464 380 3501 cuius
397 3464 548 3502 divinae
562 3477 760 3513 personae.
778 3466 880 3514 Ergo
897 3478 1022 3514 neque
1033 3467 1146 3502 Pater
1161 3473 1197 3502 et
1212 3466 1337 3503 Filius.
1393 3472 1480 3502 sunt
1497 3477 1596 3501 unus
1617 3464 1786 3512 spirator,
1809 3465 1876 3502 sed
1895 3466 1968 3502 duo
1987 3467 2206 3514 spiratores,
2227 3475 2268 3504 ut
2287 3480 2309 3504 a
2329 3468 2455 3505 multis

326 3588 354 3622 α)
373 3589 503 3614 convenit.
521 3602 540 3608 -
557 3591 597 3614 est
616 3596 696 3614 unum
710 3589 874 3621 principzum
894 3590 926 3615 G.
1364 3584 1367 3623 Ι
1447 3588 1472 3622 β)
1491 3589 1580 3614 etiam.
1598 3603 1617 3608 -
1635 3589 1697 3614 Om.
1716 3589 1825 3614 codiceS.
