2768 4178
91 924 215 973 asw-

187 986 204 1003 α

105 1770 114 1779 ·
130 1768 162 1790 111
172 1767 316 1795 Metaphys„

104 1801 156 1823 cap.
178 1800 212 1820 ιι,
230 1800 255 1815 n.
269 1799 316 1847 5¹.V·‚

105 1822 130 1843 S.
147 1821 193 1842 Th.
214 1820 255 1842 lib.

104 1848 158 1869 lect.
172 1853 197 1869 n.

207 2084 222 2118 β

206 2142 223 2167 γ

111 2252 120 2261 ·
137 2250 162 2272 Iu
178 2249 300 2278 symbolo.
308 2245 313 2251 ”

114 2406 124 2416 ·
139 2404 196 2432 Cap.
211 2411 250 2426 xx.

129 3098 139 3109 ⁸
154 3097 182 3119 D.
198 3103 254 3125 ¹055-

320 256 395 292 358

991 255 1257 304 QUAESTIO
1287 255 1466 301 XXXIII,
1495 252 1792 290 ARTICULUS
1822 252 1835 288 I

808 515 1220 596 QUAESTIO
1259 512 2025 571 TRIGESIMATERTIA

1033 644 1126 684 DE
1169 643 1506 684 PERSONA
1548 641 1808 683 PATRIS

1116 764 1151 788 IN
1181 763 1355 794 QUATUOR
1381 762 1583 787 ARTICULOS
1610 762 1727 786 DIVISA

411 886 675 917 ONSEQUENTER
703 871 1022 910 considerandum
1052 878 1108 907 est
1140 870 1186 907 de
1216 869 1393 906 Personis

332 885 450 967 Cin
479 927 630 976 speciali
649 926 680 964 ³⁸.
711 927 759 963 Et
783 926 908 974 primo
940 924 986 961 de
1014 935 1179 973 persona
1195 929 1211 944 ⁰²
1233 922 1365 960 Patris.

333 981 443 1018 Circa
471 993 588 1029 quam
618 987 849 1028 quaeruntur
877 985 1051 1026 quatuor.

385 1034 535 1071 Primo:
564 1041 692 1069 utrum
713 1031 812 1069 Patri
832 1037 1024 1079 competat
1049 1042 1130 1066 esse
1154 1028 1394 1078 principium.

387 1086 584 1123 Secundo:
614 1093 741 1122 utrum
769 1096 935 1133 persona
962 1083 1083 1120 Patris
1106 1082 1258 1131 proprie
1288 1080 1397 1129 signi-

439 1140 575 1176 ficetur
602 1139 677 1175 hoc
705 1137 860 1174 nomine
888 1138 1012 1174 Pater.

1500 868 1653 905 Tertio:
1697 874 1826 904 utrum
1869 879 1939 916 per
1974 867 2078 916 prius
2117 867 2261 904 dicatur
2297 866 2335 903 in
2379 865 2515 904 divinis

1555 922 1668 957 Pater
1709 919 1922 957 secundum
1964 920 2069 969 quod
2107 920 2267 957 sumitur
2306 919 2515 969 personali-

1556 981 1628 1020 ter,
1668 985 1785 1021 quam
1813 972 2026 1010 secundum
2055 973 2161 1021 quod
2194 973 2356 1010 sumitur
2389 984 2515 1010 essen-

1557 1026 1701 1063 tialiter.

1506 1081 1671 1128 Quarto:
1700 1086 1828 1116 utrum
1866 1079 1912 1116 sit
1939 1077 2139 1127 proprium
2173 1078 2275 1116 Patri
2304 1090 2386 1116 esse
2414 1078 2516 1126 inge-

1560 1140 1694 1170 mtum.

1150 1242 1467 1286 ARTICULUS
1497 1241 1704 1284 PRIMUS
1804 1303 1807 1306 ,

946 1347 1102 1378 UTRUM
1127 1345 1366 1377 COMPETAT
1390 1345 1519 1376 PATRI
1542 1344 1642 1375 ESSE
1667 1343 1915 1374 PRINCIPIUM

592 1428 601 1452 1
621 1427 705 1458 Sent„
725 1427 784 1451 dist.
802 1434 846 1457 xn,
865 1430 911 1450 art.
932 1432 956 1456 ²,
975 1426 1007 1450 ad
1030 1432 1052 1455 1;
1073 1424 1131 1449 dist.
1150 1432 1215 1453 xxxx.
1235 1429 1281 1448 art.
1299 1431 1320 1454 1;
1339 1423 1379 1454 111,
1399 1423 1458 1448 dist.
1472 1430 1507 1453 ιι,
1526 1427 1573 1448 art.
1593 1431 1613 1453 ι,
1633 1422 1665 1447 ad
1686 1421 1716 1454 53
1739 1422 1781 1447 De
1799 1422 1867 1452 Pot„
1889 1429 1934 1454 qu.
1952 1430 1976 1452 x,
1997 1426 2044 1446 art.
2063 1429 2084 1453 ι,
2104 1422 2135 1446 ad
2154 1420 2171 1446 8
2190 1429 2265 1455 sqq.;

1195 1460 1295 1484 Contra
1314 1465 1420 1484 errores
1442 1459 1546 1488 Graec..
1567 1465 1624 1491 cap.
1642 1465 1661 1483 1.

371 1568 510 1611 '‘125³’‘ss
905 1603 912 1609 .
985 1602 1028 1609 ..
1114 1601 1222 1608 ...

366 1597 529 1664 Ῑὶξὲῐᾼῖξῆ
554 1606 665 1641 Pater
700 1615 779 1640 non
811 1610 931 1652 possa
958 1603 1032 1640 d1c1
1067 1613 1294 1651 principium
1324 1601 1405 1638 F1111

357 1642 521 1706 “ffurffg
535 1657 540 1662 “
554 1658 616 1695 vel
646 1656 806 1706 Spiritus
826 1656 965 1693 Sancti.
995 1654 1228 1704 Principium
1248 1654 1350 1691 enim
1372 1661 1408 1691 et

360 1705 372 1715 ”
396 1704 670 1748 fflcausa
707 1710 810 1747 idem
848 1717 954 1756 sunt,
985 1708 1197 1745 secundum
1234 1707 1407 1744 Philoso-

342 1765 464 1814 phum
484 1763 515 1801 ²¹².
546 1763 623 1800 Sed
651 1775 730 1800 non
758 1762 920 1799 dicimus
957 1762 1110 1798 Patrem
1141 1772 1223 1798 esse
1253 1772 1408 1797 causam

345 1817 438 1855 Filii.
478 1817 579 1864 Ergo
610 1828 688 1853 non
717 1815 831 1853 debet
859 1814 932 1852 dici
959 1814 1064 1863 quod
1092 1813 1247 1851 Sit'eius
1275 1813 1409 1862 princi·

337 1870 461 1928 pium.

400 1935 435 1960 2.
457 1923 690 1968 PRAETEREA,
710 1920 938 1970 principium
959 1919 1093 1957 dicitur
1112 1927 1286 1968 respectu
1309 1918 1410 1968 prin-

346 1975 480 2025 cipiati.
513 1975 553 2012 Si
571 1974 681 2023 igitur
699 1975 812 2010 Pater
831 1981 887 2010 est
913 1972 1142 2022 principium
1172 1972 1265 2019 Filii,
1287 1971 1410 2020 sequi-

346 2037 405 2066 tur
433 2027 571 2066 Filium
602 2039 683 2064 esse
711 2026 999 2075 principiatum:
1030 2033 1066 2062 et
1084 2038 1153 2074 per
1172 2037 1411 2074 consequens

349 2094 431 2119 esse
460 2089 638 2118 creatum.
670 2079 787 2127 Quod
814 2079 966 2116 videtur
994 2091 1075 2116 esse
1103 2077 1121 2107 β
1150 2090 1365 2115 erroneum.

403 2136 437 2172 3.
467 2135 708 2180 PRAETEREA,
743 2144 887 2170 nornen
922 2132 1094 2181 principii
1121 2136 1136 2158 ⁷
1165 2144 1187 2168 a
1221 2131 1412 2180 prioritate

349 2188 521 2225 sumitur.
552 2187 630 2224 Sed
648 2186 687 2222 in
706 2185 842 2223 divinis
861 2197 936 2222 non
956 2191 1010 2222 est
1020 2185 1131 2234 prius
1158 2190 1194 2221 et
1215 2185 1412 2234 posterius,

349 2249 392 2278 ut
418 2238 646 2277 Athanasius
675 2238 763 2275 dicit
780 2238 811 2275 ²⁸.
842 2239 944 2285 Ergo
967 2237 1007 2275 in
1026 2237 1164 2275 divinis
1191 2250 1270 2274 non
1298 2237 1413 2274 debe-

351 2305 437 2330 mus
465 2292 518 2329 uti
547 2291 703 2329 nomine
730 2290 916 2340 principii.

407 2347 482 2383 SED
511 2356 656 2382 CONTRA
683 2355 749 2380 EST
777 2343 882 2391 quod
911 2342 999 2380 dicit
1023 2341 1268 2391 Augustinus,
1297 2342 1335 2379 in
1363 2342 1415 2379 IV

353 2399 399 2436 de
430 2399 466 2436 T
462 2398 533 2435 rin.
553 2397 593 2434 *z
623 2398 736 2434 Pater
763 2402 818 2433 est
837 2396 1069 2445 principium
1097 2396 1206 2432 totius
1232 2395 1386 2432 deitatis.

407 2453 632 2488 RESPONDEO
660 2461 843 2487 DlCENDUM
872 2449 979 2497 quod
1006 2449 1082 2485 hoc
1107 2461 1252 2486 nomen
1274 2448 1415 2497 princi-

348 2505 457 2553 pium
485 2503 576 2540 nihil
604 2502 704 2540 aliud
733 2502 917 2550 significat
940 2513 1059 2550 quarn
1078 2500 1117 2538 id
1137 2513 1159 2538 a
1178 2514 1255 2550 quo
1275 2501 1417 2550 aliquid

354 2556 545 2606 procedit:
575 2568 692 2593 omne
712 2555 814 2592 enirn
834 2567 856 2592 a
876 2567 953 2603 quo
973 2554 1115 2603 aliquid
1132 2553 1304 2603 procedit
1323 2566 1418 2603 quo-

356 2622 521 2659 cumque
558 2610 699 2657 modo,
729 2608 888 2645 dicimus
926 2620 1009 2644 esse
1046 2607 1293 2656 principium;
1332 2615 1368 2644 et
1396 2619 1417 2644 e

356 2675 555 2700 converso.
595 2663 695 2699 Cum
734 2674 822 2710 ergo
860 2662 972 2698 Pater
1008 2660 1054 2698 sit
1082 2673 1104 2697 a
1133 2673 1211 2708 quo
1248 2660 1418 2710 procedit

354 2716 462 2763 alius,
492 2715 657 2764 sequitur
685 2715 789 2763 quod
815 2715 929 2750 Pater
957 2721 1012 2750 est
1038 2713 1279 2762 principium.

410 2771 468 2805 An
497 2780 632 2805 PRIMUM
661 2779 759 2804 ERGO
787 2779 970 2804 DICENDUM
1005 2766 1110 2814 quod
1139 2766 1275 2804 Graeci
1306 2773 1418 2803 utun-

357 2829 418 2858 tur
444 2820 483 2858 in
512 2820 648 2858 divinis
676 2820 933 2858 indifferenter
957 2819 1111 2857 nomine
1140 2831 1295 2866 causae,
1325 2819 1419 2856 sicut

359 2882 395 2911 et
413 2874 570 2911 nomine
588 2873 782 2923 principii:
812 2873 879 2910 sed
899 2872 1001 2910 latini
1021 2872 1196 2910 doctores
1211 2885 1290 2910 non
1308 2879 1419 2909 utun-

357 2934 419 2964 tur
446 2927 601 2964 nomine
631 2938 780 2973 causae,
801 2926 869 2963 sed
896 2926 1020 2963 solum
1050 2926 1204 2963 nomine
1233 2925 1415 2975 principii.

360 2980 478 3017 Cuius
507 2980 601 3017 ratio
631 2987 697 3027 est,
723 2979 811 3028 quia
833 2979 1062 3027 principium
1091 2978 1332 3016 communius
1365 2986 1420 3015 est

359 3045 475 3082 quam
495 3045 622 3079 causa,
652 3032 747 3069 sicut
766 3030 780 3053 δ
798 3044 912 3069 causa
941 3032 1184 3069 communius
1213 3044 1330 3081 quam
1349 3031 1420 3069 ele-

359 3092 524 3124 mentum
539 3085 575 3123 *:
595 3086 740 3135 primus
756 3084 858 3122 enim
877 3085 1073 3132 terminus,
1087 3086 1149 3123 vel
1171 3084 1283 3122 etiam
1298 3085 1421 3134 prima

359 3151 447 3188 pars
462 3139 515 3176 rei
531 3139 665 3176 dicitur
683 3138 923 3188 principium,
940 3138 1005 3174 sed
1024 3151 1103 3175 non
1119 3150 1245 3175 causa.
1267 3138 1421 3185 Quanto

360 3199 488 3229 autern
508 3192 664 3241 aliquod
683 3203 826 3228 nornen
851 3199 906 3228 est
935 3191 1188 3238 communius,
1209 3198 1312 3228 tanto
1333 3202 1422 3227 con-

415 3305 441 3338 α)
467 3306 500 3330 de
514 3312 639 3337 persona.
656 3318 676 3325 ·-
693 3305 764 3331 circa
783 3312 926 3337 personam
946 3305 1008 3330 Pab.
1025 3319 1045 3324 -
1062 3306 1112 3330 Pro
1134 3306 1212 3331 Circa
1229 3312 1322 3338 quam,
1344 3305 1422 3331 Circa

362 3341 432 3373 quod
450 3341 550 3370 ACEG,
570 3341 606 3366 Et
622 3341 695 3366 circa
713 3341 761 3366 hoc
780 3341 811 3365 D.

417 3374 441 3408 β)
460 3383 524 3401 esse.
540 3390 560 3395 —
577 3376 638 3401 Om.
653 3377 763 3401 codices.

416 3411 442 3444 γ)
462 3418 555 3436 nomen
569 3411 708 3443 principii.
724 3425 743 3431 —
761 3411 810 3437 hoc
827 3417 921 3436 nomen
936 3411 1100 3444 principium
1119 3411 1265 3437 ABCDEG.

417 3445 441 3479 δ)
460 3446 536 3471 sicut.
553 3460 572 3466 -
590 3450 615 3472 et
634 3447 687 3472 BD.

488 1575 528 1622 Ὗ
551 1563 574 1588 D
603 1562 740 1588 PR1MUM
768 1562 821 1587 Sic
848 1561 1088 1587 PROCEmTUR.
1118 1548 1276 1586 Videtur
1299 1547 1404 1597 quod
1457 1546 1671 1586 venientius
1700 1546 1902 1584 assumitur
1928 1552 1939 1567 ⁸
1968 1546 2007 1584 in
2036 1546 2193 1594 divinis,
2222 1554 2263 1584 ut
2291 1560 2406 1598 supra
2423 1547 2445 1571 *
2473 1548 2526 1586 di·
2553 1582 2565 1595 ,

1460 1608 1563 1637 ctum
1592 1608 1667 1637 est:
1698 1600 1786 1649 quia
1820 1599 1999 1647 nomina,
2029 1608 2173 1649 quanto
2201 1601 2321 1649 magis
2349 1601 2528 1651 specialia

1460 1661 1558 1701 sunt,
1578 1660 1683 1690 tanto
1703 1652 1823 1701 magis
1843 1653 2095 1690 determinant
2115 1654 2276 1691 modum
2296 1655 2527 1692 convenien-

1461 1715 1539 1744 tem
1569 1713 1773 1743 creaturae.
1803 1706 1915 1743 Unde
1943 1706 2019 1743 hoc
2056 1718 2200 1743 nomen
2228 1718 2344 1744 causa
2377 1707 2529 1745 videtur

1462 1760 1668 1808 importare
1703 1758 1960 1796 diversitatem
1989 1758 2003 1785 t
2030 1759 2260 1796 substantiae
2278 1789 2287 1807 ‚
2322 1768 2358 1797 et
2386 1761 2528 1810 depen-

1464 1812 1632 1850 dentiam
1661 1811 1817 1848 alicuius
1846 1812 1894 1848 ab
1914 1812 2052 1858 altero;
2083 1824 2199 1861 quam
2218 1817 2232 1836 ’²
2251 1825 2331 1850 non
2349 1813 2530 1863 importat

1464 1877 1608 1902 nomen
1629 1863 1819 1913 principii.
1851 1865 1893 1901 In
1913 1864 2093 1901 omnibus
2122 1865 2226 1902 enim
2251 1877 2388 1903 causae
2417 1878 2529 1914 gene-

1465 1918 1580 1965 ribus,
1609 1929 1763 1966 semper
1790 1917 1981 1954 invenitur
2002 1917 2176 1955 distantia
2202 1918 2300 1956 inter
2319 1931 2474 1957 causam
2494 1927 2531 1958 et

1464 1971 1502 2008 id
1532 1970 1639 2008 cuius
1669 1978 1725 2007 est
1752 1982 1877 2018 causa,
1907 1971 2119 2008 secundum
2147 1971 2314 2020 aliquam
2332 1972 2532 2021 perfectio-

1465 2036 1555 2061 nem
1583 2031 1649 2060 aut
1674 2023 1867 2061 virtutem.
1898 2023 1976 2060 Sed
2003 2024 2161 2061 nomine
2188 2025 2362 2074 principii
2388 2025 2532 2063 utimur

1466 2077 1580 2114 etiam
1599 2076 1638 2114 in
1665 2076 1722 2114 his
1751 2089 1849 2126 quae
1878 2077 2020 2114 nullam
2039 2077 2261 2115 huiusmodi
2281 2078 2532 2117 differentiam

1466 2131 1619 2178 habent,
1641 2129 1708 2167 sed
1732 2130 1858 2167 solum
1886 2130 2098 2168 secundum
2118 2130 2314 2180 quendam
2334 2131 2530 2170 ordinem:

1467 2183 1562 2220 sicut
1589 2195 1677 2221 cum
1715 2182 1875 2220 dicimus
1901 2190 2088 2232 punctum
2122 2196 2205 2221 esse
2233 2184 2462 2234 principium
2490 2185 2532 2223 li-

1468 2249 1584 2283 neae,
1618 2236 1681 2272 vel
1715 2236 1829 2272 etiarn
1868 2248 1956 2272 cum
1995 2236 2155 2273 dicimus
2191 2237 2356 2286 primam
2383 2245 2533 2288 partem

1468 2289 1590 2326 lineae
1619 2300 1701 2325 esse
1728 2287 1957 2337 principium
1986 2288 2105 2326 lineae
2125 2287 2149 2326 ⁰.

1521 2344 1580 2378 An
1608 2353 1798 2378 SECUNDUM
1825 2353 2010 2378 chaunum
2029 2342 2135 2390 quod
2163 2342 2267 2391 apud
2291 2343 2460 2381 Graecos
2478 2343 2534 2382 in-
2586 2350 2591 2356 '

1467 2394 1618 2432 venitur
1655 2393 1702 2431 de
1735 2394 1830 2430 Filio
1867 2395 1929 2432 vel
1968 2394 2108 2443 Spiritu
2146 2395 2286 2432 Sancto
2324 2396 2397 2433 dici
2428 2396 2535 2446 quod

1469 2447 1751 2496 principientur.
1782 2447 1860 2484 Sed
1878 2447 1952 2484 hoc
1981 2459 2059 2484 non
2087 2455 2144 2485 est
2169 2448 2208 2485 in
2235 2461 2307 2486 usu
2331 2449 2534 2487 doctorum

1470 2508 1700 2538 nostrorum.
1741 2499 1842 2547 Quia
1869 2500 1955 2537 licet
1981 2500 2229 2538 attribuamus
2257 2502 2360 2539 Patri
2392 2502 2535 2551 aliquid

1471 2553 1700 2591 auctoritatis
1720 2553 1864 2590 ratione
1884 2553 2066 2602 principii,
2083 2553 2175 2591 nihil
2194 2561 2323 2592 tamen
2343 2555 2392 2592 ad
2411 2555 2536 2593 subie-

1472 2606 1637 2644 ctionem
1651 2606 1714 2643 vel
1733 2605 2027 2643 minorationem
2047 2619 2294 2656 quocumque
2313 2609 2432 2647 modo
2451 2621 2536 2658 per-

1471 2659 1611 2706 tinens,
1640 2659 1876 2696 attribuimus
1904 2659 1999 2696 Filio
2027 2660 2090 2696 vel
2120 2660 2271 2710 Spiritui
2305 2662 2465 2710 Sancto,
2494 2669 2537 2700 ut

1471 2713 1610 2750 vitetur
1638 2712 1764 2749 omnis
1799 2712 1935 2749 erroris
1963 2713 2127 2750 occasio.
2167 2714 2388 2752 Secundum
2418 2727 2535 2764 quem

1473 2766 1634 2803 modum
1661 2765 1827 2804 Hilarius
1855 2766 1956 2812 dicit,
1988 2767 2040 2803 IX
2073 2766 2119 2803 de
2151 2768 2187 2804 T
2182 2767 2253 2804 rin.
2280 2767 2320 2805 *ε
2350 2769 2536 2806 Donantis
2562 2772 2574 2784 ⁶

1473 2819 1692 2856 auctoritate
1727 2819 1840 2856 Pater
1871 2819 1996 2856 maior
2032 2825 2106 2862 est‚·
2137 2820 2203 2857 sed
2228 2821 2354 2858 minor
2381 2833 2455 2859 non
2484 2827 2538 2859 est

1472 2873 1590 2909 Filius
1609 2871 1641 2920 *,
1670 2872 1732 2909 cui
1759 2884 1875 2909 unum
1904 2884 1982 2909 esse
2009 2872 2182 2910 donatur.

1527 2927 1585 2962 An
1613 2937 1772 2962 ‘reanum
1804 2937 1988 2977 melerinum
2016 2925 2142 2974 quod,
2171 2925 2256 2963 licet
2282 2927 2357 2963 hoc
2393 2939 2536 2966 nomen

1467 2979 1709 3027 principium,
1738 2985 1923 3027 quantum
1952 2978 2002 3016 ad
2028 2978 2068 3016 id
2096 2990 2118 3016 a
2146 2990 2223 3028 quo
2252 2978 2460 3029 imponitur
2487 2980 2537 3019 ad

1474 3031 1786 3080 significandum,
1821 3031 1996 3069 videatur
2029 3043 2051 3068 a
2085 3030 2278 3080 prioritate
2315 3041 2534 3082 sumptum;

1475 3097 1553 3122 non
1581 3092 1710 3122 tamen
1738 3083 1922 3132 significat
1948 3083 2202 3134 prioritatem,
2233 3086 2300 3123 sed
2335 3087 2534 3136 originem.

1476 3138 1567 3174 Non
1595 3137 1698 3175 enirn
1727 3137 1830 3174 idem
1860 3145 1914 3174 est
1936 3138 2041 3187 quod
2069 3137 2253 3185 significat
2281 3151 2437 3187 nornen,
2459 3147 2495 3177 et
2513 3152 2536 3178 a

1476 3202 1554 3238 quo
1582 3202 1724 3227 nomen
1751 3190 1970 3239 imponitur,
1993 3197 2036 3228 ut
2062 3202 2177 3240 supra
2194 3190 2215 3213 '⁸‘
2244 3191 2385 3230 dictum
2415 3199 2481 3231 est.

1530 3304 1552 3337 ε)
1571 3305 1726 3330 assumitur.
1743 3318 1761 3324 -
1779 3305 1909 3337 accipitur
1926 3304 2025 3330 ABCD.

1528 3339 1553 3372 ζ)
1574 3340 1763 3366 diversitatem.
1780 3354 1799 3359 -
1817 3339 2011 3365 distinctionem
2029 3341 2059 3365 B.

1528 3376 1555 3407 η)
1574 3383 1663 3408 quam.
1680 3389 1698 3395 -
1717 3376 1788 3408 quod
1807 3375 1916 3400 codices.

1528 3408 1552 3443 θ)
1572 3412 1612 3436 vel
1627 3411 1707 3436 etiam
1752 3411 1916 3443 principium
1936 3411 2028 3436 lineae.
2042 3425 2061 3430 —
2073 3411 2114 3436 vel
2127 3412 2240 3438 dicimus
2253 3412 2334 3438 etiam
2342 3411 2460 3445 primam
2467 3419 2535 3445 par-

1475 3448 1527 3471 tem
1547 3446 1631 3471 lineae
1650 3447 1691 3471 ed.
1709 3453 1726 3471 a
1731 3454 1740 3477 ,-
1759 3454 1806 3480 pro
1820 3447 1938 3478 primam
1953 3450 2070 3478 partem,
2083 3446 2205 3480 frontem
2224 3447 2254 3474 P.

2588 2771 2663 2797 Nun.
2676 2778 2715 2801 54.

2562 2873 2575 2886 ’
2587 2872 2617 2895 D.
2632 2872 2678 2901 ⁶¹7·

2563 3177 2767 3206 ‘memarta

2563 3203 2725 3232 adnm-8.
