2768 4178
0 405 3 432 ζ
43 406 56 418 ¹⁸
69 405 141 428 Num.
150 411 184 432 ιι,
198 410 241 427 xn.

207 1210 259 1245 im.

954 276 1222 323 QUAESTIO
1252 277 1394 323 XXIII,
1425 277 1721 315 ARTICULUS
1749 277 1800 313 VI

345 354 408 386 Sed
431 355 471 385 ad
494 355 556 386 hoc
571 354 720 386 facillima
736 361 782 386 est
796 355 972 395 responsio.
998 355 1191 395 Reprobatio
1208 355 1304 391 enim,
1319 361 1355 385 ut

286 398 351 429 iam
367 397 386 416 ⁸*
405 398 526 430 dictum
550 399 619 436 fuit,
646 399 755 440 quoad
778 398 929 430 ultimum
948 398 1104 436 effectum,
1128 399 1209 430 idest
1231 399 1353 439 punire,

286 442 424 474 iustitiae
448 449 555 474 actum
578 450 714 480 exercet;
744 443 777 474 in
801 453 882 484 qua,
911 450 948 474 ut
971 453 1113 483 expresse
1135 443 1238 474 littera
1260 443 1352 479 dicit,

287 497 355 518 non
374 487 447 518 licet
469 487 643 528 unicuique
666 487 767 518 facere
789 487 880 528 quod
899 487 978 518 vult.
1002 487 1120 524 Quoad
1139 487 1282 528 primum
1299 497 1355 518 au-

287 538 354 562 tem
369 531 526 568 effectum,
546 532 627 562 idest
649 531 893 571 permissionem
911 531 1042 571 peccati,
1058 538 1127 568 etc„
1151 532 1354 572 negationem

287 582 376 607 actus
399 575 632 607 misericordiae
646 585 702 606 seu
717 575 832 616 gratiae
847 581 977 606 exercet.
1000 575 1042 606 Et
1060 576 1136 616 quia
1158 586 1225 606 non
1249 576 1356 607 solum

2399 281 2470 317 281

1411 356 1584 396 gratuitum
1599 363 1645 387 est
1668 356 1742 386 dare
1765 356 1920 387 maiorem
1935 357 1986 387 vel
2002 357 2159 388 minorem
2175 357 2315 398 gratiam,
2333 359 2387 389 sed
2402 358 2475 389 sim-

1410 399 1532 440 pliciter
1547 401 1620 431 dare
1635 406 1666 431 et
1680 410 1747 431 non
1766 401 1839 431 dare
1855 401 1942 431 illam
1957 401 2036 432 infra
2051 402 2250 432 latitudinem
2265 403 2476 442 gratuitorum

1411 444 1741 484 comprehenduntur3
1765 444 1883 476 idcirco
1906 446 2073 485 reprobare
2097 453 2127 477 et
2149 447 2378 487 praedestinare
2396 447 2477 478 inter

1409 488 1544 528 gratuita
1567 489 1681 520 merito
1706 496 1994 526 connumerantur,
2018 490 2163 531 quamvis
2187 491 2412 527 diversimode,
2440 498 2476 522 ut

1410 539 1496 572 patet
1511 542 1547 563 ex
1564 533 1654 564 dictis
1665 533 1692 563 *.
1709 533 1751 564 Et
1766 541 1932 574 propterea
1951 534 2072 574 optime
2087 535 2126 564 ad
2143 544 2178 565 ea
2193 535 2345 566 sententia
2363 536 2476 566 Patris-

1410 576 1544 607 familias
1569 584 1615 608 est
1638 577 1804 618 applicata.

1105 722 1423 764 ARTICULUS
1454 723 1661 765 SEXTUS

971 814 1128 845 UTRUM
1151 815 1529 847 PRAEDEsrlNATlo
1554 816 1620 847 sn*
1645 815 1805 853 CERTAJ

769 894 779 918 1
799 893 882 924 Sent„
897 894 956 919 dist.
969 901 1009 924 ιι,
1025 901 1071 927 qu.
1082 901 1126 925 m;
1147 894 1189 919 De
1212 895 1300 924 Ver-it„
1316 902 1361 927 qu.
1374 902 1408 926 vr,
1423 900 1470 919 art.
1486 894 1516 927 33
1537 895 1634 926 Quodl.
1646 896 1689 926 XI,
1702 903 1748 928 qu.
1761 903 1806 927 m;
1825 896 1878 927 XII,
1892 904 1936 929 qu.
1948 904 1985 921 111.

407 1005 474 1045 sq<
503 993 525 1018 ι)
554 994 695 1020 saxi-um
724 994 777 1019 stc
802 994 1042 1020 paocnmrun.
1072 983 1233 1020 Videtur
1251 984 1356 1032 quod

417 1024 469 1096 {³50
483 1086 488 1090 .
501 1035 794 1084 praedestinatio
815 1048 894 1073 non
913 1036 959 1073 sit
978 1043 1090 1073 certa.
1121 1036 1223 1084 Quia
1242 1049 1357 1086 super

353 1136 355 1138 ι
441 1094 468 1131 “6
502 1089 594 1126 illud
607 1089 726 1138 Apoc.
738 1101 774 1126 111
784 1088 816 1137 ²¹⁸,
837 1095 919 1127 tene
937 1090 1039 1138 quod
1054 1090 1179 1136 habes,
1196 1102 1243 1127 ne
1261 1090 1356 1127 alius

310 1136 325 1147 ⁶
344 1136 441 1170 54Ὶῂ
458 1134 663 1191 accipiat
695 1154 877 1180 coronam
910 1149 1036 1189 tuam,
1065 1143 1154 1181 dicit
1179 1143 1357 1191 Augusti-

287 1207 361 1232 nus
378 1194 411 1243 *,
427 1196 534 1244 quod
557 1196 654 1233 alius
672 1208 748 1233 non
772 1202 826 1233 est
851 1202 1084 1245 accepturus,
1100 1197 1173 1233 nisi
1190 1197 1256 1233 iste
1272 1208 1356 1244 per-

287 1248 433 1287 diderit.
467 1249 600 1299 Potest
632 1261 722 1297 ergo
751 1256 788 1286 et
820 1249 964 1298 acquiri
992 1256 1030 1286 et
1054 1249 1163 1298 perdi
1192 1261 1355 1296 corona,

289 1299 470 1350 quaeest
487 1301 841 1352 praedestinationis
861 1302 1029 1339 effectus.
1060 1303 1152 1339 Non
1173 1310 1229 1339 est
1247 1301 1358 1350 igitur

286 1355 582 1404 praedestinatio
613 1362 725 1392 certa.

343 1420 379 1447 2.
404 1409 638 1456 Palmum,
662 1407 786 1457 posito
804 1408 986 1456 possibili,
1012 1409 1159 1446 nullum
1188 1408 1358 1458 sequitur

286 1461 534 1512 impossibile.
565 1461 751 1498 Possibile
780 1469 836 1498 est
863 1469 991 1499 autem
1012 1461 1178 1511 aliquem
1197 1463 1357 1511 praede-

287 1514 480 1562 stinatum,
499 1521 542 1551 ut
559 1515 730 1560 Petrum,
750 1527 923 1563 peccare,
945 1522 982 1552 et
1000 1522 1090 1552 tunc
1110 1515 1243 1552 occidi.
1272 1516 1357 1553 Hoc

287 1575 416 1605 autem
445 1567 583 1617 posito,
604 1567 774 1616 sequitur
792 1568 1147 1617 praedestinationis
1177 1569 1356 1606 effectum

286 1620 465 1658 frustrari.
506 1621 593 1658 Hoc
629 1621 741 1669 igitur
773 1633 853 1658 non
887 1629 944 1659 est
979 1621 1226 1671 impossibile.
1265 1623 1357 1659 Non

288 1685 378 1723 ergo
408 1681 464 1711 est
490 1673 784 1723 praedestinatio
815 1682 927 1712 certa.

343 1727 377 1765 3.
406 1728 650 1775 PRAETEREA,
684 1727 871 1777 quidquid
908 1729 1014 1765 Deus
1048 1728 1191 1777 potuit,
1219 1736 1356 1777 potest.

287 1779 367 1818 Sed
393 1780 516 1830 potuit
543 1792 623 1817 non
650 1780 933 1829 praedestinare
962 1793 1079 1830 quem
1102 1781 1359 1830 praedestina-

286 1833 353 1871 vit.
391 1834 494 1881 Ergo
524 1845 626 1870 nunc
652 1841 779 1882 potest
807 1846 887 1871 non
923 1834 1218 1883 praedestinare.
1254 1836 1357 1884 Ergo

286 1886 582 1936 praedestinatio
612 1899 692 1924 non
721 1894 776 1924 est
805 1894 917 1924 certa.

342 1939 418 1977 SED
447 1951 594 1977 CONTRA
611 1951 678 1978 EST
702 1941 808 1988 quod
826 1946 843 1961 ‘³‘
863 1952 977 1990 super
1004 1940 1096 1978 illud
1114 1942 1227 1979 Rom.
1247 1941 1357 1990 V111*,

289 2003 382 2042 quos
404 1993 619 2042 praescivit,
648 1999 684 2030 et
703 1993 999 2043 praedestinavit
1027 2001 1109 2042 etc.,
1137 1994 1222 2031 dicit
1251 1995 1360 2032 Glos-

247 2057 262 2086 '.'
289 2058 332 2083 sa
345 2044 382 2082 *ε
403 2046 699 2083 Praedestinatio
719 2052 772 2084 est
793 2047 1044 2095 praescientia
1065 2053 1100 2084 et
1110 2049 1357 2096 praeparatio

290 2099 558 2148 beneficiorum
584 2099 680 2146 Dei,
709 2111 785 2149 qua
813 2100 1016 2137 certissime
1043 2100 1252 2138 liberantur
1280 2102 1360 2150 qui-

289 2163 451 2202 cumque
478 2151 698 2190 liberantur.

343 2201 570 2243 Rsspoimzo
588 2217 773 2243 DICENDUM
792 2205 898 2254 quod
917 2206 1208 2255 praedestinatio
1236 2207 1360 2245 certis-

289 2257 386 2297 sime
415 2266 452 2296 et
477 2258 710 2296 infallibiliter
743 2259 989 2308 consequitur
1016 2272 1131 2297 suum
1160 2260 1358 2298 effectum:

290 2324 362 2350 nec
388 2319 518 2349 tamen
545 2311 707 2362 imponit
733 2312 1010 2360 necessitatem,
1039 2321 1080 2350 ut
1108 2313 1247 2350 scilieet
1269 2313 1358 2350 effe-

291 2373 371 2403 ctus
410 2364 492 2402 eius
528 2377 573 2402 ex
610 2365 833 2403 necessitate
866 2366 1078 2415 proveniat.
1112 2366 1266 2403 Dictum
1306 2375 1361 2404 est

292 2418 396 2456 enim
424 2430 540 2468 supra
558 2418 578 2440 '¹‘
602 2419 708 2467 quod
735 2418 1031 2468 praedestinatio
1070 2427 1126 2456 est
1151 2432 1239 2468 pars
1271 2433 1361 2469 pro-

289 2470 494 2510 videntiae.
535 2471 613 2509 Sed
649 2484 729 2509 non
753 2470 770 2500 Ρ
804 2472 933 2510 omnia
965 2485 1063 2522 quae
1096 2473 1359 2522 providentiae

291 2525 518 2572 subduntur,
539 2524 754 2562 necessaria
781 2533 885 2562 sunt:
916 2525 983 2563 sed
1003 2526 1195 2575 quaedam
1216 2526 1359 2563 contin-

291 2585 422 2628 genter
442 2578 633 2625 eveniunt,
650 2578 861 2615 secundum
882 2578 1142 2616 conditionem
1158 2592 1359 2617 causarum

290 2631 555 2681 proximarum
574 2636 600 2677 ⁷,
632 2643 726 2680 quas
755 2631 804 2668 ad
832 2632 925 2668 tales
945 2631 1102 2670 effectus
1122 2633 1247 2670 divina
1270 2645 1359 2682 pro-

291 2684 461 2722 videntia
499 2684 698 2721 ordinavit.
737 2685 786 2721 Et
813 2692 943 2721 tamen
969 2685 1234 2734 providentiae
1263 2686 1358 2723 ordo

293 2745 350 2775 est
377 2737 588 2784 infallibilis,
616 2744 659 2774 ut
678 2749 793 2786 supra
810 2737 830 2759 '¹‘
859 2745 1055 2776 ostensum
1077 2747 1143 2776 est.
1174 2740 1236 2777 Sic
1253 2739 1361 2787 igitur

294 2798 330 2828 et
357 2790 453 2828 ordo
482 2789 835 2840 praedestinationis
864 2798 920 2828 est
948 2799 1088 2838 certus3
1119 2800 1156 2829 et
1173 2801 1302 2830 tamen
1321 2793 1361 2830 li-

293 2845 419 2882 bertas
456 2843 595 2881 arbitrii
629 2856 709 2881 non
735 2844 894 2893 tollitur,
925 2856 970 2881 ex
997 2858 1074 2895 qua
1102 2846 1361 2893 contingenter

215 2950 222 2957 .
258 2942 264 2948 ,
291 2897 471 2947 provenit
497 2894 851 2946 praedestinationis
881 2897 1050 2935 effectus.

346 2951 410 2988 Ad
436 2951 512 2988 hoc
541 2951 653 2988 etiam
675 2949 949 2988 consideranda
976 2959 1064 2988 sunt
1087 2964 1187 3001 quae
1206 2964 1320 3000 supra
1339 2951 1360 2973 '³‘

346 3065 374 3097 α)
393 3064 473 3097 quod.
484 3078 503 3083 -
516 3065 588 3097 quod
601 3065 701 3090 dicitur
721 3064 823 3089 codices
838 3069 864 3090 et
877 3072 895 3090 a
904 3065 928 3090 b.
938 3079 959 3086 -
971 3066 999 3090 In
1014 3071 1083 3091 textu
1095 3067 1188 3099 Apost.
1203 3070 1262 3098 post
1275 3073 1358 3098 prae-

292 3099 370 3125 scivit
387 3100 486 3124 addunt
503 3099 551 3125 hos
569 3100 611 3125 PC
630 3105 656 3125 et
674 3100 715 3125 ed.
735 3100 758 3125 b.
775 3114 795 3118 -
812 3100 863 3125 Pro
881 3100 947 3126 dicit
963 3102 1066 3131 Glossa,
1086 3105 1115 3126 ut
1134 3101 1199 3126 dicit
1219 3101 1314 3126 Glossa
1328 3102 1358 3126 B.

347 3134 372 3168 β)
392 3135 448 3160 Sed
465 3142 527 3160 non.
545 3148 564 3155 —-
581 3136 642 3161 Non
661 3139 751 3161 autem
771 3136 882 3161 codices.

362 3171 372 3203 )
386 3170 592 3203 proximarum.
607 3185 627 3190 -
645 3171 708 3196 Om.
721 3172 753 3196 D.

345 3179 371 3239 ἔ)
390 3209 424 3231 et.
441 3219 461 3224 -
479 3209 505 3230 et
523 3206 603 3231 etiam
627 3207 738 3232 codices.
755 3221 775 3226 -
792 3207 843 3231 Pro
863 3213 938 3238 quae,
957 3207 1089 3239 quomodo
1107 3207 1232 3239 ABDEG,
1251 3215 1305 3232 om.
1325 3207 1360 3238 C;

292 3249 340 3274 pro
358 3241 578 3274 contingentiam,
596 3243 781 3275 contingentia
798 3242 943 3267 ABCEFG.

1411 983 1510 1020 dicta
1538 991 1626 1021 sunt
1653 984 1701 1021 de
1729 984 1859 1022 divina
1892 984 2046 1022 scientia
2075 993 2111 1022 et
2130 983 2144 1007 ⁸
2172 986 2220 1023 de
2250 986 2378 1024 divina
2405 1000 2474 1024 vo-

1410 1037 1563 1084 luntate,
1594 1049 1694 1085 quae
1723 1037 2016 1086 contingentiam
2037 1051 2059 1075 a
2079 1038 2192 1076 rebus
2220 1051 2299 1076 non
2327 1041 2483 1087 tollunt,-

1410 1090 1495 1127 licet
1523 1090 1732 1128 certissima
1759 1098 1796 1128 et
1823 1091 2026 1128 infallibilia
2054 1091 2137 1129 sint.

1463 1145 1522 1180 An
1551 1156 1687 1181 PRlMUM
1714 1155 1813 1181 ERGO
1841 1156 2025 1182 DICENDUM
2053 1145 2160 1194 quod
2179 1158 2322 1183 corona
2342 1146 2476 1184 dicitur

1411 1208 1492 1232 esse
1509 1196 1673 1244 alicuius,
1690 1197 1898 1246 dupliciter.
1910 1198 1996 1235 Uno
2013 1199 2143 1245 modo,
2161 1211 2206 1243 ex
2220 1199 2475 1248 praedestina-

1409 1249 1513 1286 tione
1539 1249 1682 1286 divina:
1711 1258 1748 1287 et
1775 1250 1828 1287 sic
1852 1251 1975 1287 nullus
1996 1263 2180 1288 coronam
2200 1264 2309 1288 suam
2329 1253 2474 1290 amittit.

1410 1301 1496 1338 Alio
1525 1304 1657 1350 modo,
1685 1315 1728 1339 ex
1758 1304 1894 1340 merito
1921 1303 2077 1351 gratiae:
2108 1305 2212 1353 quod
2232 1305 2332 1342 enirn
2354 1318 2475 1343 mere—

1410 1367 1518 1402 mur,
1557 1355 1849 1403 quodammodo
1887 1364 2061 1394 nostrum
2095 1365 2161 1394 est.
2200 1358 2249 1394 Et
2285 1358 2339 1394 sic
2365 1371 2475 1396 suam

1411 1420 1596 1446 coronam
1630 1409 1763 1458 aliquis
1800 1409 1971 1446 amittere
2008 1418 2134 1458 potest
2169 1423 2238 1459 per
2259 1419 2475 1459 ¹peccatum

1410 1462 1569 1498 mortale
1612 1474 1798 1510 sequens..
1831 1462 1939 1499 Alius
1979 1471 2107 1500 autem
2151 1463 2251 1500 illam
2294 1476 2476 1502 coronam

1411 1514 1592 1552 amissam
1621 1515 1766 1564 accipit,
1796 1515 2020 1564 inquantum
2050 1517 2135 1553 loco
2155 1525 2166 1541 ε
2192 1517 2272 1553 eius
2296 1517 2476 1566 subroga-

1411 1574 1482 1605 tur.
1521 1569 1614 1605 Non
1647 1569 1749 1605 enim
1786 1569 1967 1617 permittit
2003 1571 2108 1606 Deus
2146 1570 2290 1618 aliquos
2320 1571 2475 1618 cadere,

1412 1621 1505 1669 quin
1524 1621 1617 1658 alios
1633 1622 1760 1670 erigat,
1777 1622 1989 1659 seeundum
2006 1622 2095 1660 illud
2114 1624 2183 1659 Iob
2202 1635 2310 1659 xxxw
2323 1623 2358 1660 *ε
2389 1636 2475 1661 con-

1412 1680 1503 1711 teret
1529 1674 1665 1712 multos
1693 1681 1728 1712 et
1754 1672 2058 1721 innumerabiles,
2079 1682 2114 1712 et
2130 1682 2230 1713 stare
2240 1677 2364 1724 saciet
2382 1677 2477 1714 alios

1406 1739 1480 1776 pro
1509 1729 1572 1765 eis.
1608 1727 1670 1765 Sic
1699 1728 1802 1765 enIm
1830 1728 1869 1765 in
1897 1729 2026 1765 locum
2046 1728 2060 1755 ζ
2088 1730 2311 1777 angelorum
2341 1730 2477 1767 caden-

1411 1781 1507 1818 tium
1528 1781 1715 1818 substituti
1734 1788 1822 1818 sunt
1839 1781 2032 1828 homines;
2059 1789 2094 1818 et
2112 1782 2150 1819 in
2171 1783 2298 1819 locum
2318 1783 2477 1820 Iudaeo-

1413 1846 1512 1883 rum,
1533 1834 1713 1872 Gentiles.
1736 1835 1967 1872 Substitutus
1987 1842 2116 1872 autern
2144 1835 2182 1872 in
2212 1843 2350 1872 statum
2363 1842 2377 1858 '²
2396 1849 2478 1884 gra-

1412 1887 1506 1935 tiae,
1538 1888 1651 1925 etiarn
1685 1895 1870 1937 quantum
1903 1888 1952 1925 ad
1984 1889 2059 1925 hoc
2088 1901 2271 1925 coronam
2310 1890 2476 1926 cadentis

1413 1941 1558 1990 accipit,
1579 1941 1686 1989 quod
1706 1941 1753 1978 de
1774 1941 1882 1978 bonis
1906 1953 2004 1990 quae
2038 1941 2132 1978 alius
2152 1941 2249 1988 fecit,
2269 1941 2308 1978 in
2326 1949 2479 1991 aeterna

1412 1993 1490 2031 vita
1522 1993 1722 2042 gaudebit,
1756 1994 1794 2031 in
1822 2007 1899 2043 qua
1931 1994 2192 2043 unusquisque
2225 1995 2403 2043 gaudebit
2431 1995 2478 2032 de

1414 2047 1525 2084 bonis
1553 2055 1632 2084 tam
1661 2060 1684 2084 a
1711 2060 1752 2084 se
1780 2060 1898 2095 quam
1927 2048 1975 2084 ab
2004 2047 2084 2085 aliis
2116 2047 2233 2085 factis.

1466 2102 1525 2137 An
1554 2112 1745 2138 SECUNDUM
1774 2113 1958 2138 DICENDUM
1986 2101 2103 2150 quod,
2124 2101 2208 2138 licet
2237 2101 2283 2138 sit
2300 2100 2478 2150 possibile

1415 2166 1503 2190 eum
1533 2153 1598 2202 qui
1618 2161 1673 2190 est
1690 2153 2004 2202 praedestinatus,
2024 2154 2124 2190 mori
2142 2154 2182 2191 in
2200 2162 2357 2203 peccato
2377 2167 2479 2191 mor-

1414 2206 1493 2253 tali,
1524 2206 1736 2244 secundum
1765 2219 1805 2243 se
1835 2206 2137 2253 consideratum3
2165 2215 2295 2244 tamen
2323 2208 2398 2244 hoc
2426 2215 2481 2244 est

1414 2259 1648 2308 impossibile
1668 2257 1691 2307 ⁰,
1720 2259 1846 2308 posito
1877 2263 2004 2309 (prout
2030 2260 2169 2297 scilicet
2193 2260 2360 2309 ponitur)
2391 2273 2479 2297 eum

1415 2325 1498 2350 esse
1533 2312 1868 2362 praedestinatum.
1908 2313 2019 2350 Unde
2054 2326 2134 2350 non
2171 2313 2340 2363 sequitur
2377 2314 2480 2363 quod

1414 2366 1708 2415 praedestinatio
1738 2366 1812 2403 falli
1839 2366 1968 2415 possit.

1468 2421 1527 2456 An
1546 2431 1707 2456 TERTmM
1730 2431 1914 2456 DreENDUM
1941 2419 2057 2466 quod,
2080 2432 2167 2455 curn
2188 2419 2479 2468 praedestinatio

1415 2472 1583 2510 includat
1601 2472 1771 2510 divinam
1789 2473 2039 2519 voluntatem,
2056 2472 2151 2509 sicut
2170 2485 2283 2521 supra
2297 2472 2317 2493 ’¹‘
2337 2472 2479 2510 dictum
2508 2480 2517 2488 ·

1416 2534 1470 2563 est
1506 2526 1611 2574 quod
1640 2533 1648 2546 ‘
1675 2526 1804 2562 Deum
1831 2526 1929 2562 velle
1959 2525 2099 2573 aliquid
2129 2533 2297 2562 creatum
2330 2533 2386 2562 est
2413 2538 2478 2563 ne-

1416 2578 1621 2616 cessarium
1652 2590 1697 2614 ex
1724 2578 1996 2626 suppositione,
2016 2586 2173 2627 propter
2197 2578 2478 2616 immutabilita—

1414 2640 1492 2669 tem
1512 2638 1524 2652 ’‘
1554 2631 1704 2669 divinae
1723 2631 1940 2678 voluntatis,
1966 2643 2043 2668 non
2063 2639 2191 2668 tamen
2210 2632 2399 2678 absolute;
2428 2633 2479 2670 ita

1416 2685 1621 2722 dicendum
1640 2691 1695 2721 est
1713 2684 1776 2720 hic
1809 2684 1856 2721 de
1884 2684 2239 2732 praedestinatione.
2270 2685 2380 2722 Unde
2400 2698 2478 2723 non

1416 2746 1566 2787 oportet
1594 2737 1719 2775 dicere
1752 2738 1857 2785 quod
1889 2739 1995 2774 Deus
2021 2738 2140 2786 possit
2168 2751 2247 2775 non
2274 2738 2478 2787 praedesti-

1415 2804 1507 2828 nare
1526 2803 1643 2840 quem
1661 2790 1968 2839 praedestinavit,
1993 2790 2031 2827 in
2050 2804 2164 2828 sensu
2184 2791 2398 2840 composito
2418 2805 2477 2828 ac-

1416 2844 1608 2894 cipiendo;
1629 2843 1725 2891 lieet,
1741 2843 1915 2880 absolute
1930 2843 2220 2892 considerando,
2236 2846 2342 2881 Deus
2360 2845 2478 2894 possit

1416 2897 1695 2946 praedestInare
1723 2897 1787 2933 vel
1815 2908 1894 2933 non
1921 2897 2213 2946 praedestinare.
2244 2898 2319 2935 Sed
2341 2910 2385 2934 ex
2403 2898 2478 2934 hoc

1415 2963 1494 2988 non
1522 2950 1660 2987 tollitur
1686 2949 2040 2999 praedestinationis
2069 2950 2264 2987 certitudo,

1467 3066 1490 3097 ε)
1510 3066 1576 3090 loco.
1593 3078 1612 3083 -
1630 3064 1656 3089 in
1677 3065 1762 3089 locum
1781 3064 1858 3095 ACE,
1876 3064 1903 3088 in
1923 3064 1980 3089 loco
1998 3064 2030 3089 D.

1466 3100 1491 3132 ζ)
1511 3101 1607 3125 locum.
1624 3114 1642 3119 -
1660 3099 1717 3124 loco
1735 3099 1841 3130 ACDE;
1861 3104 1886 3124 et
1904 3099 1937 3124 ita
1956 3099 2042 3132 BDpC
2060 3104 2119 3123 ante
2139 3099 2307 3124 Iudaeorum.

1466 3136 1493 3168 η)
1514 3136 1539 3160 in
1558 3138 1667 3160 statum.
1685 3149 1705 3154 —
1721 3134 1749 3159 in
1767 3138 1840 3160 statu
1852 3135 1934 3166 BFG,
1955 3135 1981 3159 in
2000 3133 2056 3159 sta‘t
2075 3135 2116 3159 ed.
2134 3141 2159 3164 a,
2179 3134 2334 3159 instantium
2354 3134 2395 3158 ed.
2409 3133 2433 3158 b.

1467 3170 1490 3204 θ)
1511 3171 1677 3202 impossibile.
1694 3184 1713 3189 -
1732 3170 1940 3202 incompossibtle
1959 3170 2024 3200 Gab,
2044 3170 2244 3202 incomponibile
2263 3169 2291 3194 F.

1467 3207 1485 3239 ι)
1505 3205 1583 3239 quod.
1601 3220 1620 3226 ·-
1638 3205 1700 3230 Om.
1719 3206 1748 3235 B,
1768 3210 1794 3230 et
1812 3210 1872 3238 post
1890 3208 2008 3230 creatum
2029 3205 2097 3229 addit
2116 3212 2179 3230 esse.

1466 3242 1492 3274 κ)
1511 3241 1761 3266 immutabilitatem.
1777 3254 1798 3261 ·-
1815 3241 2024 3266 immobilitatem
2043 3241 2152 3265 codices.

963 3330 1297 3363 Commentariun
1319 3330 1570 3363 Cardinalis
1593 3328 1794 3361 Caietani

324 3428 345 3448 N
362 3417 466 3454 titulo,
484 3417 618 3455 adverte,
639 3428 676 3449 ex
691 3419 755 3457 Qu.
779 3419 819 3450 de
843 3419 993 3457 Veritate,
1017 3429 1072 3460 qu.
1084 3429 1126 3455 vr,
1144 3426 1200 3450 art.
1217 3420 1244 3455 3,
1270 3419 1360 3460 quod

298 3429 358 3504 Ily
382 3467 470 3493 certa
493 3468 598 3501 potest
621 3462 787 3503 dupliciter
801 3463 947 3503 intelligi:
973 3463 1090 3494 scilicet
1106 3463 1290 3494 certitudine
1307 3473 1358 3494 co-

294 3507 460 3548 gnitionis,
478 3506 528 3536 vel
544 3506 730 3537 certitudine
752 3507 885 3538 ordinis.
910 3507 996 3538 Cum
1016 3507 1100 3538 enirn
1117 3508 1360 3548 praedestinatio

295 3551 361 3581 duo
385 3551 418 3580 in
442 3560 474 3580 se
505 3550 642 3586 claudat,
668 3550 784 3582 scilicet
806 3552 1097 3592 praecognitionem
1122 3559 1152 3583 et
1174 3562 1359 3592 praecausa-

296 3595 433 3631 litatem‚
464 3600 570 3635 potest
595 3594 712 3625 attendi
736 3595 889 3626 certitudo
914 3596 982 3626 eius
1012 3603 1043 3627 et
1072 3597 1181 3637 quoad
1204 3596 1360 3636 cognitio-

295 3649 386 3676 nem,
411 3645 447 3670 ut
470 3638 588 3669 scilicet
609 3638 723 3669 habeat
746 3645 863 3669 certam
891 3639 1107 3680 cognitionem
1131 3641 1169 3671 de
1192 3640 1359 3681 praedesti-

438 3702 548 3726 SUMMAE
566 3701 668 3725 Timor..
687 3701 718 3725 D.
733 3700 846 3725 ΤΗοΜΑΕ
861 3700 892 3725 T.
911 3701 929 3725 I.

1414 3418 1494 3449 natis
1519 3417 1678 3448 effectibus
1701 3423 1732 3447 et
1756 3416 1934 3448 eventibus:
1960 3423 1990 3447 et
2013 3422 2116 3457 potest
2140 3425 2246 3446 rursus
2269 3415 2387 3446 attendi
2410 3416 2478 3447 eius

1416 3462 1569 3493 certitudo
1593 3461 1702 3502 quoad
1725 3461 1949 3496 causalitatem,
1965 3468 2001 3491 ut
2016 3460 2131 3490 scilicet
2150 3460 2262 3490 habeat
2280 3458 2478 3490 infallibilem

1415 3507 1560 3537 ordinem
1572 3506 1604 3535 in
1620 3505 1803 3545 attingendo
1820 3515 1856 3535 ac
1871 3505 2073 3545 perducendo
2089 3505 2127 3534 ad
2142 3504 2388 3544 praedestinatos
2406 3504 2477 3534 effe-

1416 3558 1494 3582 ctus.
1523 3551 1564 3580 Et
1586 3549 1740 3590 quoniam
1764 3549 1866 3589 prima
1890 3548 2043 3579 certitudo
2068 3559 2133 3578 non
2158 3549 2218 3578 exit
2240 3548 2355 3578 limites
2379 3548 2477 3578 scien-

2503 543 2511 551 ·
2527 542 2587 564 lbid.

2505 1633 2515 1644 ⁸
2529 1632 2600 1654 Vers.
2614 1639 2650 1659 24.

2540 2478 2586 2506 Qu.
2595 2485 2642 2506 xix,
2658 2482 2699 2500 art.
2707 2484 2728 2507 3.

1416 3595 1475 3626 tiae
1493 3594 1624 3630 divinae,
1645 3594 1684 3624 de
1705 3603 1770 3634 qua
1792 3593 1864 3624 satis
1888 3593 2012 3623 abunde
2031 3599 2196 3623 tractatum
2217 3599 2262 3622 est
2275 3591 2302 3627 ἦ,
2324 3592 2476 3622 certitudo
2505 3599 2514 3609 ·
2556 3605 2569 3619 u
2620 3604 2634 3618 v

1416 3649 1490 3669 vero
1522 3638 1641 3669 ordinis
1671 3637 1814 3678 proprias
1843 3637 1936 3667 habet
1966 3636 2163 3667 difficultates
2191 3637 2222 3666 in
2251 3636 2309 3666 hac
2333 3636 2476 3672 materia;

2304 3696 2334 3722 36
