2768 4178
75 1539 87 1581 ἶ
95 1538 166 1587 scii.

176 1543 211 1565 xi,
231 1544 255 1559 n.
264 1544 287 1564 4.

175 1565 288 1587 lect.xvr1.

171 1606 192 1622 ω

311 237 388 283 480

313 317 351 354 in
384 316 517 363 aliam,
556 326 602 350 ex
636 312 847 351 differentia
874 311 1054 349 materiae
1088 310 1137 347 ad
1171 310 1382 348 materiam.

315 369 392 407 Sed
411 370 487 406 hoc
507 380 586 405 non
606 365 875 404 rationabiliter
894 364 1156 402 consideratur
1173 370 1189 384 ²·
1216 364 1256 400 in
1283 364 1382 411 Deo,

315 422 380 471 qui
399 422 510 458 simul
529 419 705 470 producit
723 420 889 455 formam
911 426 946 454 et
965 417 1182 454 materiam:
1203 417 1272 453 sed
1292 429 1382 454 con-

315 475 499 512 sideratur
526 472 796 510 rationabiliter
823 471 863 508 in
884 483 943 518 eo,
973 469 1079 519 quod
1099 469 1180 518 ipse
1205 469 1383 518 producit

315 527 514 565 materiam
535 537 744 574 congruam
763 525 911 561 formae
928 531 964 560 et
977 523 1055 560 fini.
1070 543 1094 550 -
1110 526 1239 570 Agens
1254 530 1382 574 autem

314 580 538 630 particulare
565 577 841 628 praesupponit
868 585 1040 625 tempus,
1076 575 1172 612 sicut
1201 584 1237 613 et
1263 583 1383 613 mate-

315 634 422 671 riam.
440 632 550 670 Unde
570 631 842 669 rationabiliter
862 629 1124 667 consideratur
1142 629 1181 666 in
1202 641 1260 676 eo,
1278 629 1384 678 quod

316 687 389 735 agit
416 685 455 722 in
483 693 657 734 tempore
685 683 884 733 posteriori
914 691 949 719 et
973 695 1052 719 non
1071 682 1110 719 in
1128 682 1245 731 priori
1266 688 1295 730 ⁰,
1326 695 1384 719 se-

315 740 483 777 cundum
501 738 814 786 imaginationem
830 735 1079 773 successionis
1094 735 1278 784 temporis
1297 743 1385 784 post

314 799 478 841 tempus,
500 791 578 829 Sed
597 792 635 828 in
655 798 789 839 agente
808 789 1024 835 universali,
1046 788 1153 836 quod
1167 793 1183 818 P
1206 788 1384 837 producit

315 857 397 882 rem
427 852 463 882 et
489 852 662 893 tempus,
698 856 777 881 non
806 851 862 880 est
891 842 1134 880 considerare
1163 842 1269 890 quod
1298 849 1383 889 agat

314 911 416 936 nunc
435 905 471 935 et
490 910 569 935 non
588 898 706 947 prius,
723 897 936 934 secundum
955 894 1267 943 imaginationem
1287 902 1383 931 tem-

313 951 417 1001 poris
435 959 523 999 post
541 959 704 999 tempus,
734 949 843 999 quasi
871 956 1024 997 tempus
1051 955 1383 997 praesupponatur

315 1005 395 1041 eius
415 1005 568 1042 actioni:
589 1004 658 1041 sed
678 1002 1000 1041 considerandum
1021 1009 1078 1039 est
1095 1001 1134 1038 in
1154 1014 1201 1038 eo
1221 1007 1249 1049 χ,
1277 1001 1381 1051 quod

315 1057 418 1095 dedit
445 1057 594 1095 effectui
613 1070 684 1094 suo
703 1064 856 1105 tempus
885 1063 1073 1104 quantum
1101 1055 1235 1102 voluit,
1266 1063 1303 1092 et
1325 1067 1382 1092 se-

315 1111 483 1148 cundum
503 1111 609 1161 quod
629 1110 863 1147 conveniens
883 1109 951 1145 fuit
970 1108 1020 1146 ad
1039 1121 1150 1145 suam
1169 1108 1382 1157 potentiam

315 1164 666 1202 demonstrandam.
697 1162 935 1200 Manifestius
965 1161 1068 1199 enirn
1089 1162 1258 1199 mundus
1281 1162 1384 1199 ducit

315 1217 354 1254 in
370 1218 626 1266 cognitionem
647 1217 798 1254 divinae
816 1215 1011 1265 potentiae
1031 1215 1204 1262 creantis,
1221 1215 1251 1252 si
1271 1228 1384 1253 mun-

315 1271 385 1308 dus
413 1284 492 1308 non
521 1282 674 1320 semper
702 1270 794 1318 fuit,
835 1281 953 1317 quam
982 1269 1013 1306 si
1048 1281 1202 1318 semper
1230 1269 1381 1306 fuisset:

315 1336 432 1361 omne
462 1324 563 1362 enim
592 1324 700 1373 quod
727 1335 807 1360 non
835 1335 990 1371 semper
1017 1322 1105 1369 fuit,
1136 1322 1382 1363 manifestum

316 1385 371 1415 est
397 1378 539 1415 habere
569 1389 743 1424 causam3
769 1376 838 1413 sed
857 1388 937 1413 non
955 1375 1006 1412 ita
1025 1375 1041 1404 Ψ
1061 1375 1306 1413 manifestum
1326 1383 1382 1413 est

315 1431 363 1468 de
392 1443 439 1468 eo
469 1431 575 1479 quod
604 1443 756 1479 semper
783 1429 862 1467 fuit.

367 1486 427 1521 An
456 1496 638 1521 SEPT1MUM
669 1495 854 1521 DICENDUM
891 1482 1020 1530 quod,
1054 1481 1150 1519 sieut
1182 1482 1318 1519 dicitur
1344 1483 1382 1520 in

316 1538 367 1574 IV
394 1538 543 1586 Physic.
563 1537 594 1585 ³⁸,
624 1537 729 1586 prius
759 1544 795 1573 et
821 1535 1011 1585 posterius
1040 1542 1096 1572 est
1123 1535 1162 1572 in
1190 1544 1381 1585 tempore,

315 1592 529 1628 secundum
558 1591 663 1639 quod
686 1590 792 1640 prius
812 1597 848 1626 et
866 1588 1056 1638 posterius
1080 1597 1137 1625 est
1155 1596 1174 1610 ω
1194 1589 1233 1626 in
1260 1598 1381 1627 motu.

315 1644 426 1682 Unde
456 1644 684 1693 principium
704 1651 740 1680 et
758 1643 844 1681 finis
873 1642 1095 1691 accipienda
1123 1650 1210 1679 sunt
1229 1642 1268 1679 in
1287 1651 1383 1680 tem-

314 1709 421 1746 pore,
439 1697 535 1734 sicut
551 1705 587 1734 et
600 1697 639 1734 in
654 1704 773 1734 motu.
790 1695 996 1745 Supposita
1015 1703 1144 1732 autem
1164 1696 1382 1733 aeternitate

314 1758 453 1798 motus,
483 1763 639 1788 necesse
660 1758 716 1787 est
735 1750 841 1799 quod
861 1749 1058 1798 quodlibet
1081 1757 1325 1786 momentum
1345 1750 1384 1787 in

315 1812 424 1841 motu
444 1811 644 1853 acceptum
664 1804 710 1841 sit
727 1803 956 1852 principium
975 1809 1012 1839 et
1030 1802 1217 1839 terminus
1237 1810 1382 1844 monis:

315 1857 421 1906 quod
450 1870 529 1894 non
558 1864 724 1906 oportet,
755 1856 786 1893 si
815 1863 943 1892 motus
972 1855 1136 1904 incipiat.
1167 1857 1217 1893 Et
1245 1856 1382 1894 eadem

315 1910 409 1947 ratio
430 1918 486 1947 est
505 1910 553 1947 de
573 1922 674 1948 nunc
692 1909 888 1958 temporis.
910 1910 960 1946 Et
973 1908 1027 1946 sic
1041 1916 1144 1958 patet
1159 1909 1266 1957 quod
1286 1910 1380 1948 ratio

318 1963 379 2001 illa
407 1963 578 2001 instantis
597 1975 709 2010 nunc,
735 1963 841 2012 quod
861 1974 1014 2011 semper
1033 1962 1079 1999 sit
1097 1962 1325 2012 principium
1347 1971 1383 2001 et

368 2117 393 2150 τ)
412 2117 608 2143 consideratur.
626 2130 644 2136 —
663 2116 769 2142 videtur
788 2116 883 2141 Pab.-
896 2116 947 2141 Pro
966 2117 993 2142 in
1014 2117 1080 2146 Deo,
1101 2117 1127 2142 in
1142 2123 1172 2142 eo
1190 2117 1381 2149 BCDEGpA.—

316 2154 367 2179 Pro
385 2153 438 2186 qui,
458 2153 529 2186 quod
547 2153 616 2185 CpB.

369 2190 394 2222 υ)
415 2189 441 2214 in
457 2188 556 2220 priori.
573 2202 593 2207 -
612 2188 638 2213 in
658 2190 776 2219 tempore
790 2187 882 2220 priori
900 2188 930 2217 A,
946 2187 1038 2220 priori
1055 2187 1118 2213 Pub.

369 2225 397 2258 φ)
417 2224 496 2257 quod.
513 2237 532 2244 —
550 2223 596 2256 qui
614 2223 715 2248 codices
735 2227 761 2247 et
778 2224 830 2248 ab.
848 2237 867 2242 —
886 2223 936 2248 Pro
956 2230 1020 2253 rem,
1040 2226 1066 2248 et
1086 2230 1141 2248 rem
1161 2224 1194 2249 G.

367 2260 397 2295 χ)
418 2260 444 2284 in
465 2266 503 2284 eo.
522 2273 541 2278 -
559 2258 661 2284 Omittit
680 2258 744 2284 Pab.
761 2271 780 2277 -
799 2259 863 2284 Post
882 2262 1011 2291 quantum
1031 2259 1101 2284 addit
1119 2262 1145 2283 et
1161 2259 1268 2292 quando
1286 2260 1322 2289 A,
1342 2259 1383 2284 vel

315 2296 422 2329 quando
440 2296 471 2320 B.

369 2330 398 2365 ψ)
417 2331 464 2357 ita.
482 2343 502 2350 ·-
519 2330 582 2356 Om.
600 2331 632 2357 D.

1007 232 1274 280 QUAESTIO
1303 233 1443 281 XLVI,
1473 234 1771 276 ARTICULUS
1801 236 1815 271 1

1439 314 1526 350 finis
1551 313 1747 362 temporis,
1767 314 2045 363 praesupponit
2063 320 2099 336 αα
2128 315 2389 353 aeternitatem
2417 324 2513 354 tem-

1438 366 1542 416 poris
1572 374 1607 403 et
1635 374 1776 404 motus.
1807 367 1919 404 Unde
1948 367 2168 404 Aristoteles
2197 368 2297 405 hanc
2326 369 2512 407 rationem

1438 419 1594 468 inducit,
1625 420 1663 456 in
1691 420 1779 457 VIII
1808 420 1957 469 Physic.
1979 420 2011 467 ²¹⁶,
2043 428 2175 458 contra
2204 434 2270 458 eos
2299 422 2364 471 qui
2391 435 2512 472 pone-

1439 473 1530 510 bant
1557 472 1818 510 aeternitatem
1847 473 2046 522 temporis,
2077 474 2144 511 sed
2174 475 2365 523 negabant
2393 483 2511 513 aeter-

1438 526 1595 563 nitatem
1625 534 1766 564 motus.
2198 552 2202 555 -

1491 581 1550 616 AD
1566 591 1740 617 oc‘rAvuM
1756 591 1942 617 DICENDUM
1957 580 2063 629 quod
2078 581 2185 617 Deus
2202 588 2258 618 est
2274 581 2381 630 prior
2400 594 2511 619 mun-

1438 632 1488 669 do
1519 633 1728 670 duratione.
1760 633 1838 670 Sed
1857 634 1896 682 ly
1916 634 2027 682 prius
2051 646 2131 671 non
2151 634 2321 682 designat
2339 634 2511 684 priorita-

1437 692 1515 722 tem
1545 686 1747 734 temporis,
1777 686 1846 724 sed
1875 687 2115 724 aeternitatis.
2146 709 2169 715 -
2199 688 2269 724 Vel
2305 687 2511 725 dicendum

1437 738 1543 786 quod
1563 738 1735 786 designat
1753 739 2013 777 aeternitatem
2041 741 2226 790 temporis
2250 741 2455 790 imaginati,
2476 748 2513 778 et

1437 803 1517 828 non
1545 792 1694 828 realiter
1722 791 1924 829 existentis.
1956 793 2072 840 Sicut,
2103 806 2192 831 cum
2218 794 2364 842 dicitur,
2393 806 2511 843 supra

1437 844 1583 881 caelum
1611 845 1704 882 nihil
1726 850 1789 892 est,
1814 845 1854 893 ly
1879 857 1996 894 supra
2026 846 2196 895 designat
2223 848 2353 885 locum
2380 847 2512 896 imagi-

1436 905 1569 934 natum
1589 905 1748 945 tantum,
1779 898 1991 935 secundum
2013 901 2119 947 quod
2138 901 2319 949 possibile
2340 901 2511 944 estima-

1436 950 1555 999 ginari
1584 950 1888 988 dimensionibus
1909 952 2078 989 caelestis
2107 954 2277 1002 corporis
2304 954 2512 992 dimensio-

1436 1016 1504 1041 nes
1533 1004 1623 1041 alias
1641 1003 1677 1033 ββ
1705 1004 1921 1054 superaddi.

1489 1059 1549 1094 AD
1577 1069 1705 1095 NONUM
1735 1070 1920 1095 DlCENDUM
1949 1059 2067 1107 quod,
2090 1058 2186 1096 sicut
2207 1059 2364 1097 effectus
2383 1060 2511 1108 sequi-

1435 1118 1496 1148 tur
1515 1123 1538 1148 a
1558 1123 1672 1148 causa
1700 1119 1835 1160 agente
1859 1111 2080 1149 naturaliter
2105 1113 2321 1150 secundum
2346 1113 2510 1151 modum

1437 1177 1529 1202 suae
1558 1165 1720 1212 formae,
1749 1165 1799 1202 ita
1827 1165 1997 1213 sequitur
2017 1166 2065 1202 ab
2086 1174 2221 1214 agente
2246 1178 2316 1215 per
2333 1167 2512 1204 volunta-

1436 1226 1515 1255 tem
1544 1217 1760 1255 secundum
1788 1218 1956 1255 formam
1985 1219 2033 1255 ab
2064 1231 2110 1256 eo
2130 1227 2454 1269 praeconceptam
2475 1227 2513 1257 et

1437 1271 1648 1318 definitam,
1679 1279 1722 1308 ut
1750 1283 1795 1308 ex
1814 1271 2075 1321 superioribus
2094 1272 2114 1294 ³⁸
2132 1280 2248 1322 patet.
2275 1273 2382 1310 Licet
2400 1273 2512 1321 igitur
2538 1284 2550 1296 ·

1437 1326 1543 1362 Deus
1559 1325 1607 1362 ab
1623 1332 1780 1362 aeterno
1795 1325 1905 1362 fuerit
1924 1325 2116 1363 sufficiens
2137 1338 2252 1363 causa
2266 1326 2414 1374 mundi,
2430 1339 2510 1364 non

1437 1386 1568 1415 tamen
1597 1386 1749 1428 oportet
1777 1379 1883 1426 quod
1906 1386 2074 1428 ponatur
2098 1380 2267 1417 mundus
2287 1381 2335 1417 ab
2356 1392 2403 1417 eo
2422 1392 2512 1429 pro-

1438 1432 1586 1479 ductus,
1610 1431 1682 1469 nisi
1702 1433 1914 1470 secundum
1935 1433 2041 1482 quod
2062 1440 2118 1470 est
2136 1433 2175 1470 in
2193 1433 2512 1483 praedefinitione

1439 1497 1529 1522 suae
1557 1485 1780 1532 voluntatis;
1810 1492 1852 1522 ut
1879 1485 2019 1523 scilieet
2046 1487 2187 1524 habeat
2215 1499 2299 1524 esse
2318 1494 2408 1536 post
2430 1498 2511 1524 non

1439 1550 1534 1586 esse,
1564 1546 1605 1575 ut
1631 1538 1866 1576 manifestius
1895 1539 2061 1576 declaret
2090 1552 2203 1577 suum
2231 1542 2455 1578 Auctorem.

1490 1593 1550 1629 AD
1566 1604 1729 1629 DECtMUM
1744 1604 1930 1630 DicENDUM
1946 1594 2050 1642 quod
2066 1597 2109 1641 ⁷⁷,
2129 1593 2255 1642 posita
2271 1593 2434 1641 actione,
2451 1605 2510 1631 se-

1438 1644 1565 1693 quitur
1584 1645 1743 1682 effectus
1762 1646 1977 1683 secundum
1999 1646 2224 1695 exigentiam
2244 1647 2392 1684 formae
2412 1658 2512 1695 quae

1439 1706 1495 1735 est
1522 1698 1751 1748 principium
1781 1699 1950 1737 actionis.
1986 1701 2028 1736 In
2056 1700 2256 1748 agentibus
2285 1707 2415 1737 autern
2443 1712 2514 1750 per

1436 1752 1688 1799 voluntatem,
1705 1753 1812 1801 quod
1833 1760 2063 1802 conceptum
2079 1761 2135 1790 est
2150 1761 2187 1790 et
2200 1753 2511 1803 praedefinitum,

1438 1805 1621 1854 accipitur
1648 1813 1691 1842 ut
1714 1806 1839 1842 forma
1868 1817 1968 1855 quae
1995 1813 2052 1843 est
2078 1805 2310 1856 principium
2339 1806 2510 1844 actionis.

1438 1859 1496 1895 Ex
1529 1858 1678 1895 actione
1712 1858 1823 1907 igitur
1856 1859 1929 1896 Dei
1958 1867 2113 1897 aeterna
2146 1871 2226 1897 non
2254 1859 2425 1909 sequitur
2459 1860 2512 1897 ef-

1437 1912 1557 1949 fectus
1586 1919 1784 1949 aeternus:
1815 1912 1884 1949 sed
1913 1913 2067 1962 qualern
2097 1914 2204 1951 Deus
2222 1913 2356 1962 voluit,
2382 1921 2424 1951 ut
2443 1913 2514 1951 sci-

1437 1964 1521 2002 lieet
1548 1965 1708 2002 haberet
1737 1977 1821 2003 esse
1849 1974 1937 2015 post
1965 1978 2045 2003 non
2074 1978 2170 2004 esse.

1488 2117 1519 2149 ω)
1539 2117 1611 2150 quod
1625 2117 1704 2150 prius
1723 2121 1749 2143 et
1763 2117 1901 2150 posterius
1915 2121 1962 2143 est.
1982 2132 2000 2137 -
2015 2117 2094 2150 prius
2111 2121 2137 2144 et
2145 2118 2282 2151 posterius
2296 2116 2420 2143 ABCDE.
2431 2131 2450 2138 -
2461 2117 2514 2143 Pro

1430 2153 1595 2185 principium
1616 2156 1642 2178 et
1653 2152 1721 2186 finis
1739 2153 1895 2186 accipienda
1914 2157 1991 2183 sunt,
2011 2156 2038 2179 et
2051 2153 2218 2186 principium
2238 2157 2264 2179 et
2275 2154 2362 2188 finem
2381 2153 2513 2186 accipien-

1436 2188 1500 2213 dum
1519 2191 1559 2214 est
1577 2188 1658 2217 FGa,·
1676 2192 1703 2214 et
1721 2189 1891 2221 praemittunt
1909 2189 1987 2214 etiam
2007 2189 2086 2214 ceteri
2106 2194 2133 2214 et
2150 2190 2191 2215 ed.
2206 2190 2230 2215 b.

1436 2259 1478 2292 ΡΑ
1491 2224 1758 2284 οὲεῐι)ες.ν·αέῗιῳμοηίε.
1776 2238 1796 2244 -
1813 2225 1941 2257 supponit
1965 2224 2131 2250 ACDEFGa.
2149 2239 2168 2244 -
2186 2229 2212 2251 et
2237 2228 2325 2250 motus
2348 2232 2402 2250 om.
2421 2224 2486 2251 CEF
2488 2224 2512 2250 G

1492 2292 1534 2326 ββ)
1553 2294 1631 2319 alias.
1649 2308 1669 2314 -
1687 2294 1749 2319 Om.
1768 2294 1864 2327 CEpA.

1491 2330 1534 2364 γγ)
1554 2330 1633 2362 quod.
1652 2343 1671 2348 —
1689 2329 1715 2354 in
1735 2334 1831 2363 agente
1845 2337 1897 2363 per
1916 2333 2043 2356 naturam
2062 2330 2133 2356 addit
2150 2331 2181 2356 B.

995 2436 1329 2470 Commentaria
1352 2435 1604 2470 Car-dinatus
1627 2435 1831 2470 Caietam:

376 2545 483 2565 nimus
499 2534 600 2565 clarus
617 2541 672 2566 est.
689 2551 707 2558 -
725 2534 761 2565 In
780 2544 913 2576 corpore
933 2534 1025 2566 unIca
1049 2541 1095 2566 est
1118 2534 1293 2571 conclusio,
1310 2544 1385 2565 cum

377 2579 503 2610 duobus
527 2579 708 2610 corollariis.

374 2623 549 2654 Conclusio
572 2630 636 2654 est:
661 2623 747 2654 Nihil
769 2630 892 2664 praeter
913 2623 1020 2654 Deum
1039 2622 1098 2654 fuit
1121 2623 1159 2654 ab
1185 2630 1322 2660 aeterno,
1342 2622 1386 2654 ita

315 2668 405 2709 quod
421 2668 483 2699 hoc
498 2677 565 2698 non
581 2675 627 2699 est
642 2667 847 2708 impossibile.
861 2685 882 2691 —
895 2668 958 2699 Ubi
975 2667 1100 2699 adverte
1116 2668 1206 2710 quod
1218 2667 1383 2698 conclusio

316 2712 390 2743 dicit
413 2714 490 2744 duo.
519 2712 639 2743 Asserit
666 2712 751 2743 enim
775 2712 899 2753 primo,
931 2712 1010 2743 nihil
1033 2712 1120 2744 aliud
1151 2723 1170 2743 a
1193 2712 1263 2743 Deo
1287 2711 1384 2743 fuisse

315 2766 449 2799 semper.
473 2757 514 2788 Et
536 2757 690 2797 quoniam
713 2757 775 2787 hoc
789 2767 827 2788 ex
841 2756 904 2788 fide
927 2763 1060 2795 tenetur,
1084 2766 1143 2788 nec
1165 2756 1227 2788 hoc
1247 2763 1293 2787 est
1308 2766 1382 2797 pro-

315 2801 475 2839 bandum,
500 2801 587 2832 addit
609 2802 795 2838 seeundum,
821 2801 938 2833 scilicet
961 2802 1051 2843 quod
1074 2801 1136 2833 hoc
1159 2807 1313 2832 assertum
1337 2807 1383 2832 est

315 2846 475 2886 possibile.

374 2890 416 2921 Et
438 2890 500 2921 hoc
523 2890 636 2931 probat
659 2889 712 2921 sic.
737 2890 895 2921 Voluntas
911 2890 970 2921 Dei
987 2897 1034 2921 est
1050 2899 1144 2920 causa
1167 2898 1287 2920 rerum:
1305 2899 1380 2930 ergo

315 2934 359 2965 sic
382 2944 508 2965 necesse
531 2941 578 2965 est
600 2934 706 2976 aliqua
729 2944 812 2971 esse,
838 2934 918 2966 sicut
942 2944 1069 2966 necesse
1093 2941 1140 2966 est
1169 2934 1276 2965 Deum
1302 2934 1382 2965 velle

314 2978 383 3009 illa:
409 2989 483 3019 ergo
507 2989 575 3009 non
598 2985 644 3010 est
666 2979 878 3009 necessarium
901 2979 1007 3010 Deum
1022 2978 1103 3010 velle
1127 2979 1217 3020 quod
1239 2978 1380 3010 mundus

315 3022 408 3054 fuerit
432 3032 571 3064 semper:
601 3033 676 3063 ergo
699 3030 833 3054 eatenus.
852 3023 992 3054 mundus
1016 3030 1078 3060 est,
1108 3030 1266 3064 quatenus
1293 3023 1382 3054 Deus

314 3067 384 3098 vult
401 3067 494 3098 illurn
514 3075 594 3098 esse:
620 3077 694 3108 ergo
711 3077 777 3098 non
794 3074 840 3099 est
854 3067 1065 3098 necessarium
1081 3068 1242 3099 mundum
1257 3077 1382 3109 semper

315 3121 391 3142 esse.
412 3129 432 3134 -
449 3111 647 3142 Antecedens
670 3118 756 3152 patet
779 3122 816 3142 ex
838 3122 933 3153 supra
956 3111 1056 3143 dictis.
1077 3111 1183 3143 Prima
1205 3122 1281 3143 vero
1306 3121 1381 3143 con-

315 3155 478 3198 sequentia
501 3156 668 3196 probatur:
697 3155 773 3197 quia
796 3155 962 3187 necessitas
986 3155 1113 3187 effectus
1137 3166 1174 3187 ex
1198 3155 1380 3187 necessitate

316 3209 426 3230 causae
450 3200 615 3240 dependet,
637 3209 674 3230 ex
687 3200 716 3231 V
730 3200 915 3241 Metaphys.
939 3200 1084 3231 Secunda
1106 3209 1197 3232 vero:
1223 3200 1298 3242 quia
1313 3209 1380 3231 non

316 3250 362 3275 est
385 3254 510 3275 necesse
526 3245 632 3275 Deum
646 3244 727 3275 velle
744 3244 864 3286 aliquid
879 3244 939 3275 nisi
958 3245 1109 3285 seipsum.
1128 3244 1236 3276 Tertia
1254 3247 1379 3276 autem:

316 3287 391 3328 quia
414 3298 480 3319 esse
504 3288 616 3319 mundi
641 3298 677 3319 ex
700 3289 863 3320 voluntate
888 3289 946 3319 Dei
971 3290 1087 3329 pendet
1110 3289 1190 3321 sicut
1214 3299 1251 3320 ex
1274 3299 1377 3320 causa.

373 3332 517 3363 Primum
534 3333 738 3364 corollarium
754 3341 813 3364 est:
829 3333 904 3363 Non
921 3340 1025 3373 potest
1041 3333 1287 3365 demonstrative
1306 3343 1380 3374 pro-

316 3375 381 3406 bari
397 3377 557 3407 mundum
573 3387 697 3417 semper
712 3376 817 3408 fuisse.
829 3395 850 3401 -
861 3377 1046 3408 Secundum
1056 3385 1115 3409 est:
1132 3378 1283 3409 Rationes
1299 3388 1379 3419 quas

316 3419 356 3449 ad
378 3419 441 3451 hoc
463 3421 666 3461 probandum
690 3421 817 3452 adducit
839 3421 1034 3458 Aristoteles,
1059 3432 1125 3453 non
1149 3429 1223 3453 sunt
1247 3422 1378 3453 demon-

316 3463 459 3494 strativae
475 3465 666 3505 simpliciter,
683 3466 738 3495 sed
754 3466 931 3496 secundum
943 3465 1030 3506 quid.
1047 3467 1146 3504 Quod
1161 3466 1380 3498 manifestatur

315 3507 490 3547 tripliciter:
516 3509 631 3540 scilicet
651 3519 687 3540 ex
704 3509 909 3550 opinionibus
934 3509 1113 3547 confutatis,
1138 3521 1174 3542 ex
1190 3510 1378 3542 testimoniis

315 3550 465 3589 inductis,
491 3559 521 3584 et
545 3563 581 3583 ex
605 3563 748 3594 expressa
772 3553 839 3585 eius
863 3554 1073 3586 confessione.
1096 3573 1116 3578 -
1141 3555 1259 3587 Omnia
1284 3554 1379 3595 plana

315 3602 389 3627 sunt
412 3596 444 3626 in
467 3596 578 3628 littera.

1499 2534 1536 2565 11.
1562 2534 1597 2565 In
1621 2533 1828 2574 responsione
1851 2533 1891 2563 ad
1916 2530 2092 2570 decimum,
2117 2532 2253 2564 dubium
2276 2540 2339 2570 est,
2365 2543 2404 2564 an
2428 2533 2511 2566 actio

1439 2578 1498 2609 Dei
1522 2578 1562 2610 sit
1585 2585 1656 2609 actu
1681 2579 1718 2608 ab
1739 2584 1866 2608 aeterno
1891 2577 2073 2614 formaliter,
2098 2577 2179 2608 idest
2201 2577 2395 2619 inquantum
2414 2577 2509 2615 actio;

1439 2632 1479 2653 an
1503 2623 1610 2654 solum
1634 2622 1852 2658 materialiter,
1886 2621 1966 2653 idest
1996 2622 2174 2653 secundum
2204 2622 2294 2665 quod
2324 2632 2373 2653 res
2397 2629 2452 2655 est.
2477 2621 2511 2654 Si

1439 2667 1524 2698 enim
1539 2667 1645 2708 primo
1661 2667 1761 2698 modo
1780 2666 1974 2706 intelligitur,
1993 2666 2137 2708 sequitur
2152 2667 2242 2708 quod
2257 2667 2344 2698 Deus
2359 2667 2398 2698 ab
2413 2674 2510 2699 aeter-

1438 2721 1481 2742 no
1498 2718 1545 2743 est
1567 2718 1639 2743 actu
1663 2721 1768 2751 agens,
1794 2721 1911 2747 creans,
1937 2721 2080 2750 causans,
2105 2717 2162 2742 etc.
2186 2711 2228 2742 Et
2243 2711 2345 2748 sisic,
2371 2721 2446 2752 ergo
2469 2711 2509 2743 ab

1437 2763 1565 2788 aeterno
1581 2762 1628 2787 est
1644 2755 1764 2797 aliquid
1781 2762 1931 2792 creatum,
1956 2762 2073 2792 actum,
2090 2763 2265 2792 causatum,
2283 2763 2341 2787 etc.
2366 2756 2408 2787 Et
2423 2762 2510 2788 tenet

1437 2801 1566 2842 sequela
1589 2811 1626 2831 ex
1649 2800 1678 2832 V
1700 2800 1885 2841 Metaphy&
1906 2799 1938 2830 *:
1971 2810 2083 2831 causae
2107 2799 2280 2840 singulares
2308 2800 2341 2831 in
2365 2807 2436 2832 actu
2458 2799 2508 2831 in-

1436 2851 1594 2887 quantum
1618 2854 1740 2881 causae,
1765 2851 1795 2875 et
1818 2844 1955 2881 effectus,
1981 2844 2076 2875 simul
2100 2850 2175 2876 sunt
2198 2851 2229 2876 et
2251 2854 2318 2875 non
2335 2850 2418 2876 sunt.
2436 2862 2457 2868 -
2473 2844 2507 2876 Si

1436 2896 1544 2921 autem
1567 2889 1708 2920 secundo
1732 2889 1833 2920 modo
1857 2895 1982 2920 tantum
2005 2888 2205 2930 intelligitur,
2230 2897 2304 2930 ergo
2324 2889 2363 2920 ab
2379 2895 2508 2920 aeterno

1436 2940 1483 2965 est
1506 2944 1600 2965 causa
1623 2943 1719 2974 agens
1742 2933 1774 2964 in
1798 2933 1959 2974 potentia,
1988 2939 2020 2964 et
2042 2933 2254 2974 postmodum
2282 2939 2328 2964 est
2357 2943 2452 2965 causa
2474 2933 2508 2964 in

1436 2985 1507 3010 actu
1531 2987 1643 3019 agens:
1668 2978 1758 3019 quod
1778 2985 1824 3008 est
1846 2977 2082 3010 inconveniens.

1495 3023 1547 3054 111.
1571 3023 1622 3054 Ad
1646 3022 1708 3054 hoc
1735 3022 1872 3053 dubium
1900 3032 1975 3053 cum
2003 3021 2126 3054 cautela
2153 3022 2416 3064 respondendum
2439 3028 2504 3059 est,

1435 3077 1475 3098 ne
1491 3067 1633 3098 dicamus
1656 3066 1706 3098 vel
1730 3066 1836 3098 Deum
1859 3067 1898 3097 ab
1922 3073 2050 3099 aeterno
2074 3076 2202 3098 causam
2225 3066 2258 3096 in
2276 3065 2420 3107 potentia
2438 3073 2507 3098 tan-

1435 3117 1515 3148 tum,
1532 3112 1622 3152 quod
1638 3111 1670 3142 in
1686 3111 1712 3142 11
1732 3111 1855 3142 Contra
1867 3111 1971 3149 Geni„
1989 3121 2104 3152 cap.vx,
2121 3111 2320 3152 reprobatum
2337 3110 2388 3142 vel
2400 3110 2508 3142 Deum

1435 3156 1474 3186 ab
1489 3163 1616 3187 aeterno
1632 3162 1791 3187 creantem
1807 3155 1976 3192 mundum,
1999 3155 2088 3197 quod
2103 3161 2227 3186 constat
2242 3165 2310 3186 esse
2324 3164 2505 3192 erroneum,

1435 3200 1590 3241 quoniam
1613 3210 1720 3231 creans
1753 3200 1794 3231 ad
1822 3207 1963 3232 creatum
1990 3199 2123 3236 dicitur,
2157 3199 2239 3231 sicut
2270 3199 2443 3231 creativum
2466 3199 2507 3230 ad

1435 3244 1576 3281 creabile,
1602 3251 1638 3276 ut
1661 3244 1775 3276 dicitur
1788 3245 1817 3275 V
1832 3245 2016 3285 Metaphys.
2032 3243 2051 3264 '⁸‘
2072 3243 2178 3275 Media
2202 3254 2277 3284 ergo
2301 3244 2368 3281 via,
2394 3243 2506 3275 distin-

1432 3289 1579 3330 guendo,
1611 3289 1754 3320 dicamus
1785 3289 1875 3330 quod
1899 3288 1980 3320 actio
2004 3287 2063 3319 Dei
2087 3295 2133 3319 est
2156 3288 2188 3318 in
2213 3295 2283 3319 actu
2313 3289 2352 3319 ab
2376 3294 2505 3319 aeterno

1434 3343 1500 3363 non
1516 3333 1623 3364 solum
1645 3332 1854 3370 materialiter,
1879 3333 1934 3364 sed
1957 3332 2142 3364 formaliter.
2165 3332 2228 3364 Sed
2250 3332 2313 3363 hoc
2336 3339 2442 3374 potest
2457 3332 2505 3363 in-

1433 3377 1531 3418 telligi
1550 3377 1732 3419 dupliciter:
1758 3377 1872 3418 primo,
1898 3383 1933 3408 ut
1956 3376 1996 3408 sit
2018 3376 2051 3407 in
2075 3383 2147 3408 actu
2171 3377 2350 3408 secundum
2367 3376 2401 3407 id
2416 3376 2505 3418 quod

1433 3421 1526 3462 ponit
1541 3422 1633 3458 actio,
1648 3422 1841 3462 inquantum
1857 3421 1949 3457 actio,
1966 3421 2000 3451 in
2012 3428 2137 3461 agente;
2155 3421 2307 3458 secundo,
2325 3421 2504 3452 secundum

1433 3466 1522 3507 quod
1538 3466 1631 3497 infert
1647 3476 1684 3497 ex
1699 3475 1732 3496 se
1746 3465 1928 3506 passionem
1939 3465 1991 3496 vel
2006 3465 2163 3497 effectum.
2178 3465 2287 3496 Primo
2299 3465 2410 3502 modo,
2421 3464 2504 3496 actio

1431 3509 1491 3541 Dei
1511 3517 1557 3543 est
1575 3509 1608 3540 in
1628 3517 1699 3542 actu
1716 3510 1754 3540 ab
1774 3515 1916 3541 aeterno:
1935 3509 2075 3540 secundo
2092 3509 2203 3547 modo,
2219 3519 2296 3541 non.
2317 3509 2358 3540 Et
2373 3515 2504 3550 propter

1432 3554 1583 3595 primum,
1608 3554 1696 3585 Deus
1719 3564 1786 3584 non
1810 3560 1856 3584 est
1880 3563 1973 3584 causa
1996 3553 2029 3584 in
2053 3554 2210 3595 potentia,
2235 3554 2290 3585 sed
2312 3553 2345 3584 in
2369 3559 2440 3584 actu
2464 3552 2502 3583 ab

1432 3605 1577 3630 aeterno:
1602 3605 1732 3639 propter
1755 3598 1933 3629 secundum
1956 3607 2046 3635 vero,
2070 3599 2158 3630 Deus
2182 3608 2249 3630 non
2273 3597 2387 3629 creavit
2409 3606 2503 3627 mun-

2627 333 2661 350 αα

2540 433 2552 444 ⁸
2566 433 2598 456 Ca
2619 439 2650 460 .r‚
2666 440 2690 456 n.
2708 440 2735 456 n.

2539 459 2565 482 S.
2575 460 2596 482 T
2614 475 2620 482 .
2636 461 2689 483 lect.
2704 467 2730 483 11.

2631 1018 2663 1053 ββ

2536 2808 2545 2818 ·
2560 2807 2594 2830 Cn
2613 2807 2750 2831 ,ΠΒ-ΠΝ.

2535 2833 2577 2856 lib.
2629 2850 2636 2862 ,
2652 2840 2704 2864 etp.
2718 2839 2748 2863 n,

2533 3249 2588 3273 'Cn
2605 3248 2746 3273 ,xm-md.

2531 3276 2573 3299 lib.
2621 3292 2629 3305 ,
2645 3281 2746 3305 etp-xv,

2760 3217 2768 3284 *m
2762 3129 2768 3210 ...—..-
2760 3022 2768 3118 ..n-1-..
2766 3010 2768 3016 .
2762 2951 2768 3004 --
2763 2901 2768 2942 .—-
2752 2849 2768 2894 2...
