2768 4178
142 368 157 384 κ

41 465 54 477 ’
67 464 122 486 Lib.
132 464 151 491 1,
162 469 214 491 cap.
224 470 256 486 ιν.

42 994 55 1007 “
67 993 106 1017 ef.
119 999 186 1016 num.
200 998 250 1021 seq.

31 3147 34 3150 -
49 3164 165 3220 'E'Htggih
174 3171 229 3187 xxvi
239 3165 263 3187 in

966 218 1234 266 QUAESTIO
1264 218 1346 265 XII,
1375 217 1672 255 ARTICULUS
1701 218 1788 254 XIII

282 299 455 347 sentiam,
487 311 576 336 cum
597 299 643 336 sit
669 311 739 348 per
766 298 936 347 gratiam,
966 309 1046 334 non
1076 297 1259 345 competit
1282 295 1354 332 nisi
1408 297 1576 344 approbo
1605 296 1708 344 quod
1726 297 1762 333 in
1784 297 1955 333 oratione
1973 297 1992 318 ’³‘
2011 298 2102 343 dixi,
2127 313 2145 330 «
2163 299 2278 345 Deus,
2308 299 2374 346 qui
2398 311 2472 335 non

282 353 415 390 bonis:
446 354 514 390 sed
544 352 708 401 cognitio
738 352 818 389 eius
841 359 856 375 κ
885 362 983 400 quae
1005 357 1060 387 est
1078 362 1148 398 per
1167 349 1354 386 rationem
1408 350 1480 386 nisi
1492 350 1652 386 mundos
1666 361 1800 386 verum
1815 348 1911 386 scire
1928 351 2078 387 voluisti
2089 364 2123 387 »:
2139 351 2358 399 responderi
2374 352 2474 388 enim

282 406 509 453 naturalem,
528 413 655 455 potest
674 411 893 454 competere
913 403 1023 440 bonis
1043 411 1080 440 et
1098 402 1220 439 malis.
1241 402 1353 440 Unde
1403 408 1534 451 potest,
1551 403 1686 440 multos
1705 403 1817 439 etiam
1838 414 1912 439 non
1941 404 2100 440 mundos
2119 405 2236 441 multa
2254 405 2350 441 scire
2368 415 2471 450 vera,

283 459 372 497 dicit
399 459 644 508 Augustinus,
674 458 712 496 in
741 458 836 495 libro
855 456 1181 494 Retractationum
1200 455 1235 492 *ε
1261 456 1352 492 Νοη
1408 456 1546 492 scilicet
1572 468 1641 504 per
1669 456 1856 493 rationem
1885 457 2107 493 naturalem.

2401 221 2471 268 137

337 591 362 623 κ)
382 591 446 616 eius.
463 604 483 610 -—
501 590 563 615 Om.
576 589 677 615 codices
697 593 722 614 et
740 588 791 613 ab.

967 675 1299 709 Commentaria
1322 675 1572 708 Cardinalis
1595 675 1795 708 Caietani

316 779 337 800 N
360 768 465 805 titulo,
489 776 684 808 cognoscere
709 776 776 797 non
802 766 877 797 dicit
903 767 1022 805 videre,
1053 774 1088 797 ut
1113 767 1272 807 superius,
1298 766 1353 796 sed

290 781 521 853 Icognoscere‚
556 811 636 842 idest
660 811 860 852 intelligere,
886 810 1194 852 quomodocumque
1221 810 1253 841 id
1278 820 1352 842 con-

285 857 395 897 tingat.
406 857 470 888 Per
483 857 641 887 rationem
659 856 853 893 naturalem,
867 855 948 886 idest
963 856 1097 887 naturali
1112 856 1233 886 lumine
1247 855 1353 896 acqui-

286 901 421 932 sibilem.

338 945 376 976 11.
394 945 430 975 In
443 954 576 985 corpore
592 954 657 975 una
673 944 846 980 conclusio,
862 944 1044 985 responsiva
1061 944 1204 985 quaesito
1220 943 1353 974 affirma-

284 989 356 1026 tive,
377 999 452 1020 cum
469 989 636 1020 corollario
648 988 676 1020 ὓ.
697 989 872 1020 Conclusio
890 996 951 1020 est:
973 989 1148 1020 Possumus
1170 989 1202 1019 in
1218 989 1276 1019 hac
1292 988 1355 1019 vita

284 1044 342 1075 per
359 1033 517 1064 rationem
535 1033 711 1064 naturalem
731 1043 920 1074 cognoscere
936 1034 1052 1070 Deum,
1070 1034 1247 1064 secundum
1266 1033 1355 1074 quod

285 1085 332 1110 est
353 1078 456 1119 prima
476 1078 625 1108 omnium
641 1088 735 1108 causa
751 1078 1020 1109 excellentissima.
1036 1095 1055 1101 -
1070 1077 1236 1108 Probatur.
1255 1078 1355 1108 Natu-

284 1122 357 1162 ralis
381 1128 488 1153 nostra
512 1122 651 1162 cognitio
676 1122 776 1153 oritur
799 1132 817 1152 a
840 1131 948 1153 sensu:
975 1132 1048 1162 ergo
1069 1128 1194 1153 tantum
1217 1122 1354 1153 extendi-

284 1173 346 1204 tur,
371 1173 530 1208 quantum
553 1166 711 1197 sensibilia
734 1167 971 1197 manuducunt:
993 1175 1068 1207 ergo
1087 1165 1272 1202 extenditur,
1290 1175 1355 1196 non

285 1211 326 1242 ad
348 1210 506 1244 visionem
521 1211 590 1248 Dei,
611 1211 667 1242 sed
685 1211 725 1242 ad
746 1210 963 1251 cognitionem
983 1210 1050 1241 eius
1073 1210 1251 1241 secundum
1267 1210 1356 1251 quod

268 1255 390 1297 *prima
411 1254 562 1286 bmnium
585 1265 679 1286 causa
703 1254 972 1286 excellentissima.

344 1300 560 1336 Antecedens,
590 1309 665 1331 cum
687 1300 790 1340 prima
813 1298 1056 1339 consequentia,
1085 1305 1181 1339 patet.
1211 1297 1357 1329 Secunda

285 1353 373 1381 vero,
398 1345 506 1386 quoad
528 1344 666 1385 primam
689 1349 822 1384 partem,
842 1343 1007 1384 probatur:
1025 1342 1183 1373 sensibilia
1200 1352 1266 1373 non
1283 1349 1357 1373 sunt

287 1389 482 1430 adaequatus
505 1387 632 1419 effectus
656 1387 780 1418 divinae
802 1386 942 1424 virtutis;
967 1396 1042 1427 ergo
1059 1397 1095 1418 ex
1110 1387 1154 1417 eis
1169 1397 1236 1418 non
1252 1394 1358 1428 potest

286 1437 354 1464 tota
375 1433 474 1464 'vir'tus
498 1432 604 1463 divina
627 1431 791 1472 cognosci;
817 1441 891 1472 ergo
915 1441 973 1462 nec
997 1431 1131 1462 essentia
1155 1431 1222 1462 eius
1246 1431 1356 1463 videri.

287 1477 405 1515 Quoad
427 1476 600 1508 secundam
615 1485 691 1507 vero
706 1482 828 1517 partem
843 1477 1009 1516 probatur:
1027 1475 1185 1507 sensibilia
1197 1483 1272 1507 sunt
1286 1474 1356 1506 effe-

1410 773 1477 797 ctus
1502 767 1714 807 dependentes
1737 777 1756 797 a
1778 766 1863 803 Deo,
1889 766 2005 797 scilicet
2027 773 2064 797 ut
2086 766 2188 807 prima
2208 775 2314 803 causa;
2340 777 2413 807 ergo
2438 778 2475 798 ex

1409 811 1452 841 eis
1469 817 1574 851 potest
1597 811 1684 842 Deus
1707 817 1743 842 ut
1761 810 1863 852 prima
1887 821 1981 842 causa
2004 810 2162 851 cognosci.

1464 855 1517 886 111.
1537 854 1751 886 Corollarium
1784 862 1846 886 est:
1871 855 1947 886 Tria
1970 854 2192 895 cognoscimus
2217 865 2253 885 ex
2276 855 2474 886 sensibilibus

1409 900 1447 930 de
1470 900 1554 937 Deo,
1583 900 1739 938 causalia,
1764 901 1915 940 negativa
1940 906 1970 930 et
1991 900 2271 940 supereminentia.
2294 899 2345 929 Ad
2370 909 2474 929 causa-

1408 944 1530 975 litatem
1552 944 1683 986 quidem
1706 944 1894 985 pertinentia
1925 951 2017 980 sunt,
2037 944 2214 974 secundum
2237 943 2348 984 triplex
2376 953 2475 983 genus

1410 998 1531 1025 causae,
1546 999 1613 1019 non
1630 988 1737 1019 solum
1753 988 1928 1029 praedicata
1945 988 2159 1019 causalitatem
2172 987 2385 1028 importantia,
2399 994 2476 1028 puta

1410 1034 1586 1073 exemplar,
1594 1033 1771 1074 factivum,
1779 1033 1872 1074 finis,
1891 1040 1960 1069 etc.;
1974 1032 2028 1063 sed
2040 1033 2216 1073 praedicata
2235 1032 2379 1062 absoluta
2394 1042 2476 1073 quae

1410 1087 1446 1107 ex
1470 1077 1649 1108 causalitate
1673 1088 1691 1108 a
1713 1077 1879 1118 posteriori
1902 1077 2089 1113 inferuntur,
2114 1084 2150 1107 ut
2173 1086 2251 1114 esse,
2270 1077 2387 1113 vivere,
2405 1086 2475 1107 nos-

1409 1131 1452 1158 se,
1467 1128 1524 1152 etc.
1542 1122 1583 1153 Et
1597 1122 1637 1152 ad
1652 1122 1728 1153 haec
1744 1122 1938 1153 reducuntur
1954 1121 2063 1151 omnia
2078 1121 2205 1152 relativa
2221 1121 2261 1151 ad
2277 1127 2441 1151 creaturas.
2455 1138 2475 1142 —

1409 1165 1562 1206 Negativa
1590 1172 1716 1202 autem,
1748 1176 1830 1207 quae
1858 1176 1894 1196 ex
1918 1165 2153 1196 conditionibus
2177 1164 2339 1196 antedictis
2368 1174 2476 1195 conse—

1411 1216 1567 1250 quuntur:
1585 1217 1621 1241 ut
1636 1211 1725 1251 quod
1743 1210 1959 1251 incorporeus,
1976 1210 2065 1251 quod
2087 1209 2239 1245 infinitus,
2257 1209 2346 1250 quod
2360 1209 2476 1239 immu-

1411 1253 1524 1285 tabilis.
1539 1271 1560 1276 —
1584 1255 1635 1285 Ad
1654 1254 1955 1295 supereminentiam
1978 1261 2084 1285 autem
2104 1253 2275 1294 spectantia
2298 1263 2335 1283 ex
2358 1253 2477 1283 eisdem

1412 1305 1668 1340 consequuntur:
1689 1306 1725 1329 ut
1740 1299 1829 1340 quod
1844 1306 1890 1330 est
1905 1308 2000 1339 super
2014 1308 2111 1329 omne
2127 1308 2208 1334 esse,
2229 1304 2259 1328 et
2273 1297 2476 1338 intelligibile,

1412 1350 1443 1374 et
1466 1342 1673 1374 intellectum.

1466 1388 1554 1418 Haec
1573 1387 1659 1418 enim
1684 1387 1793 1417 omnia
1812 1396 1849 1417 ex
1867 1386 2049 1417 necessitate
2069 1392 2308 1427 consequuntur
2332 1394 2368 1415 ex
2390 1385 2478 1416 habi-

1412 1431 1522 1462 tudine
1557 1431 1638 1463 inter
1661 1431 1768 1462 Deum
1795 1438 1826 1462 et
1849 1430 2016 1462 sensibilia.
2045 1431 2180 1472 Reliqua
2204 1437 2310 1461 autem
2346 1429 2479 1460 obscura

1412 1483 1487 1507 sunt
1509 1476 1690 1507 naturaliter
1713 1475 1805 1506 nobis
1829 1475 1861 1506 in
1881 1476 1938 1506 hac
1961 1475 2034 1506 vita.

966 1638 1285 1681 ARTICULUS
1316 1638 1799 1681 DECIMUSTERTIUS

633 1741 790 1772 UTRUM
813 1741 896 1771 PER
919 1740 1119 1772 GRATIAM
1143 1741 1382 1772 HABEATUR
1405 1740 1572 1772 ALTIOR
1597 1740 1810 1772 COGNITIO
1835 1741 1906 1771 DEI
1932 1741 2057 1778 QUAM
2081 1740 2138 1770 EA

882 1785 1001 1822 QUAE
1026 1785 1235 1816 HABETUR
1258 1785 1341 1816 PER
1363 1785 1594 1816 RATIONEM
1616 1785 1889 1816 NATURALEM

328 1901 449 1940 nam<
501 1895 523 1919 D
551 1894 874 1920 DECIMUMTERTluM
895 1894 947 1919 SlC
972 1893 1210 1919 PROCEDtTUR.
1240 1882 1355 1920 Vide-

317 1929 471 1994 §.115
501 1943 561 1973 tur
588 1935 694 1984 quod
722 1947 791 1984 per
810 1935 967 1983 gratiam
994 1947 1074 1972 non
1101 1936 1287 1973 habeatur
1306 1938 1357 1973 al-

306 1974 574 2044 ,ysi'rxss‘fftm
602 1988 765 2038 cognitio
793 1988 877 2036 Dei,
907 2001 1024 2037 quam
1046 2001 1091 2025 ea
1114 2001 1212 2037 quae
1239 1990 1357 2026 habe-

316 2038 319 2042 ’
345 2018 441 2071 ζ’*Ψν
457 2034 561 2080 &tur
578 2054 648 2091 per
666 2042 879 2079 naturalem
904 2041 1105 2078 rationem.
1135 2042 1236 2079 Dicit
1255 2043 1357 2079 enim

264 2126 267 2127 γ
287 2092 508 2144 Dionysius,
529 2095 568 2133 in
587 2095 683 2132 libro
698 2101 715 2116 α
730 2095 776 2132 de
789 2095 958 2144 Mystica
978 2095 1014 2131 T
1009 2095 1184 2145 heologia
1199 2095 1230 2143 ³¹⁸,
1251 2096 1358 2144 quod

286 2148 348 2186 ille
368 2149 432 2197 qui
459 2149 596 2186 melius
623 2149 752 2186 unitur
780 2149 865 2184 Deo
895 2148 933 2185 in
960 2148 1033 2185 hac
1055 2147 1146 2195 vita,
1176 2149 1303 2186 unitur
1323 2149 1357 2185 ei

287 2201 384 2238 sicut
401 2202 561 2239 omnino
588 2201 736 2249 ignoto:
767 2202 873 2250 quod
893 2201 1008 2238 etiarn
1030 2201 1076 2238 de
1098 2202 1235 2250 Moyse
1258 2202 1356 2250 dicit,

287 2254 354 2303 qui
371 2262 500 2292 tamen
526 2254 787 2293 excellentiam
816 2254 1012 2304 quandam
1037 2254 1199 2291 obtinuit
1218 2255 1258 2292 in
1277 2268 1359 2304 gra-

286 2307 361 2345 tiae
389 2308 615 2357 cognitione.
646 2308 724 2346 Sed
753 2307 931 2356 coniungi
954 2308 1039 2344 Deo
1069 2307 1281 2356 ignorando
1311 2310 1358 2347 de

288 2373 335 2399 eo
359 2359 376 2390 β
404 2362 495 2410 quid
521 2368 589 2408 est,
618 2363 694 2399 hoc
723 2361 904 2410 contingit
932 2361 1046 2398 etiam
1074 2374 1143 2410 per
1172 2362 1358 2400 rationem

287 2415 512 2453 naturalem.
542 2416 646 2464 Ergo
665 2427 734 2465 per
753 2415 913 2464 gratiam
941 2426 1021 2452 non
1039 2415 1189 2464 plenius
1219 2428 1359 2464 cogno-

288 2467 402 2505 scitur
430 2481 452 2505 a
480 2468 591 2506 nobis
625 2470 752 2517 Deus,
783 2481 900 2518 quam
928 2480 998 2517 pet·
1025 2469 1212 2507 rationem
1251 2477 1359 2508 natu-

289 2521 418 2559 ralem.

345 2586 379 2611 2.
409 2575 644 2623 PRAETEREA,
672 2587 742 2624 per
769 2574 958 2612 rationem
986 2576 1198 2613 naturalem
1227 2577 1267 2613 in
1297 2588 1360 2613 co-

289 2626 498 2675 gnitionem
527 2628 746 2666 divinorum
774 2628 976 2677 pervenire
991 2633 1006 2654 ⁷
1033 2641 1113 2666 non
1140 2641 1358 2679 possumus,

253 2680 255 2682 ’
290 2679 360 2718 nisi
380 2692 448 2729 per
466 2681 752 2729 phantasmata:
768 2681 822 2718 sie
842 2681 955 2719 etiam
974 2694 1046 2719 nec
1065 2683 1280 2721 secundum
1298 2696 1360 2720 co-

289 2732 499 2782 gnitionem
519 2734 672 2782 gratiae.
693 2734 793 2771 Dicit
813 2734 916 2772 enim
935 2735 1156 2785 Dionysius,
1178 2749 1187 2773 1
1210 2749 1292 2786 cap.
1314 2738 1360 2773 de

294 2786 396 2824 Cael.
415 2787 541 2834 Ilien,
572 2787 678 2836 quod
707 2788 930 2836 impossihile
954 2795 1008 2826 est
1035 2790 1140 2826 nobis
1168 2790 1277 2837 aliter
1305 2790 1359 2827 lu-

290 2851 375 2877 cere
393 2840 562 2877 divinum
582 2841 745 2887 radium,
768 2842 841 2878 nisi
856 2842 1037 2879 varietate
1051 2840 1065 2863 ³
1082 2855 1281 2880 sacrorum
1298 2855 1360 2880 ve-

290 2893 474 2931 laminum
503 2894 823 2932 circumvelatum.
863 2895 965 2943 Ergo
993 2908 1064 2945 per
1090 2896 1251 2944 gratiam
1280 2909 1360 2934 non

289 2946 439 2996 plenius
467 2948 735 2996 cognoscimus
762 2948 902 2996 Deum,
927 2961 1045 2998 quam
1073 2962 1143 2998 per
1170 2949 1358 2987 rationem

291 3000 516 3038 naturalem.

347 3053 381 3089 3.
410 3053 651 3102 PRAETEREA,
682 3053 891 3091 intellectus
927 3062 1058 3093 noster
1093 3068 1164 3105 per
1197 3056 1357 3105 gratiam

291 3104 383 3142 fidei
401 3105 487 3143 Deo
507 3106 700 3145 adhaeret.
727 3107 841 3145 Fides
861 3115 989 3146 autem
1007 3122 1087 3147 non
1106 3109 1258 3147 videtur
1277 3122 1359 3146 esse

293 3157 473 3205 cognitio:
504 3159 593 3197 dicit
616 3160 719 3198 enirn
741 3161 958 3209 Gregorius,
979 3162 1018 3199 in
1037 3163 1180 3200 Homil.
1201 3164 1232 3211 *,
1254 3163 1360 3212 quod

293 3223 338 3248 ea
367 3223 464 3259 quae
493 3223 572 3250 non
598 3213 776 3252 videntur
789 3215 912 3263 fidem
931 3216 1079 3263 hahent,
1105 3222 1142 3253 et
1158 3229 1232 3254 non
1253 3217 1362 3266 agni-

292 3264 429 3301 tionem
459 3271 483 3301 ε.
521 3265 623 3314 Ergo
659 3280 730 3316 per
766 3267 926 3316 gratiam
952 3280 1033 3306 non
1068 3269 1220 3307 additur
1248 3269 1361 3307 nobis

293 3317 419 3366 aliqua
448 3318 687 3357 excellentior
715 3321 878 3370 cognitio
909 3321 956 3359 cle
984 3323 1082 3359 Deo.

347 3470 374 3502 α)
394 3470 419 3495 in
440 3470 517 3495 libro.
534 3483 554 3491 -
571 3469 589 3494 1
602 3469 671 3495 libro
689 3471 719 3496 P.

347 3504 372 3538 β)
392 3506 425 3530 de
443 3512 482 3530 eo.
500 3520 519 3524 -
537 3505 599 3530 Om.
611 3505 710 3530 ABCE.
726 3519 746 3525 -
763 3506 815 3531 Pro
833 3511 880 3537 est,
900 3508 935 3533 sit
954 3509 1012 3533 edd.
1031 3515 1048 3533 a
1059 3509 1082 3533 b.

346 3542 372 3574 γ)
387 3541 540 3573 pervenire.
557 3554 576 3559 -
595 3540 718 3565 devenire
737 3541 853 3574 CDEpA.
870 3556 890 3562 -
907 3543 958 3568 Pro
976 3544 1021 3572 sic,
1040 3544 1164 3569 similiter
1182 3544 1292 3568 codices.

346 3575 371 3609 δ)
391 3577 530 3601 varietate.
548 3591 568 3595 -
586 3575 700 3601 veritate
718 3576 747 3600 P.
765 3589 783 3597 -ι
801 3583 940 3603 sacrorum
959 3586 1012 3604 om.
1032 3579 1178 3604 ACDEFG.
1203 3609 1205 3611 ¹

436 3629 546 3654 Summa
565 3629 666 3653 Tuam..
686 3628 716 3652 D.
729 3628 844 3654 Tnouaa
863 3629 895 3654 T.
915 3630 933 3654 Ι.

1467 1881 1540 1917 SED
1561 1893 1706 1918 CONTRA
1721 1893 1787 1917 EST
1802 1880 1907 1928 quod
1929 1880 2016 1917 dicit
2035 1882 2254 1929 Apostolus,
2273 1881 2285 1916 I
2308 1881 2393 1917 Cor.
2407 1893 2428 1917 11
2443 1880 2479 1916 *z

1412 1934 1517 1971 nobis
1545 1934 1725 1971 revelavit
1751 1935 1855 1970 Deus
1872 1945 1946 1982 per
1974 1934 2152 1982 Spiritum
2172 1946 2294 1980 suum,
2323 1933 2384 1970 illa
2411 1934 2480 1971 sci-

1411 1987 1497 2024 licet
1525 2000 1624 2036 quae
1654 1999 1763 2024 nemo
1785 1987 2001 2035 principum
2030 1987 2139 2023 huius
2165 1987 2307 2023 saeculi
2333 1988 2436 2024 novit
2448 1987 2479 2034 ²⁸,

1411 2041 1507 2078 idest
1529 2041 1857 2088 philosophorum,
1886 2048 1928 2077 ut
1957 2040 2110 2089 exponit
2137 2041 2273 2077 Glossa
2287 2040 2319 2077 ³³⁶.

1467 2095 1692 2130 RESPONDEO
1722 2105 1905 2130 DICENDUM
1939 2094 2044 2142 quod
2071 2106 2141 2142 per
2168 2093 2330 2141 gratiam
2358 2094 2480 2142 perfe-

1415 2147 1509 2183 ctior
1529 2147 1692 2195 cognitio
1723 2147 1770 2183 de
1791 2147 1875 2183 Deo
1896 2148 2058 2183 habetur
2077 2160 2099 2183 a
2118 2147 2240 2195 nobis,
2270 2159 2386 2196 quam
2412 2160 2482 2197 per

1415 2200 1602 2237 rationem
1641 2200 1866 2237 naturalem.
1907 2200 2023 2247 Quod
2061 2200 2114 2237 sic
2149 2208 2264 2249 patet.
2305 2201 2480 2250 Cognitio

1415 2253 1519 2291 enim
1553 2266 1671 2303 quam
1704 2265 1774 2303 per
1809 2254 2020 2290 naturalem
2042 2254 2241 2291 ‘rationem
2269 2255 2479 2303 habemus,

1414 2307 1492 2344 duo
1508 2307 1522 2333 ζ
1538 2307 1711 2356 requirit:
1733 2307 1882 2354 scilicet,
1898 2308 2165 2357 phantasmata
2181 2320 2226 2344 ex
2241 2308 2481 2345 sensibilibus

1414 2368 1583 2410 accepta,
1606 2369 1642 2398 et
1661 2362 1793 2398 lumen
1813 2361 1981 2398 naturale
2006 2361 2251 2410 intelligibile,
2281 2362 2387 2399 cuius
2406 2362 2480 2399 vir-

1413 2422 1492 2452 tute
1511 2414 1761 2462 intelligibiles
1781 2415 2051 2463 conceptiones
2072 2416 2120 2452 ab
2140 2415 2193 2452 eis
2212 2415 2478 2452 abstrahimus.

1415 2469 1464 2505 Et
1492 2470 1678 2517 quantum
1708 2468 1756 2504 ad
1784 2475 2011 2516 utrumque,
2041 2469 2191 2505 iuvatur
2218 2469 2388 2506 humana
2418 2482 2479 2506 co-

1414 2521 1531 2570 gnitio
1563 2533 1633 2571 per
1660 2521 1934 2558 revelationem
1963 2522 2114 2569 gratiae.
2152 2522 2256 2558 Nam
2286 2530 2322 2558 et
2349 2523 2479 2559 lumen

1415 2575 1585 2612 naturale
1605 2574 1815 2612 intellectus
1835 2574 2069 2612 confortatur
2087 2587 2156 2624 per
2175 2575 2406 2612 infusionem
2424 2577 2479 2612 lu-

1414 2628 1528 2666 minis
1556 2628 1714 2676 gratuiti.
1740 2628 1789 2664 Et
1808 2627 1998 2665 interdum
2023 2629 2137 2665 etiam
2155 2629 2424 2677 phantasmata
2442 2630 2480 2666 in

1413 2681 1683 2730 imaginatione
1712 2681 1876 2718 hominis
1906 2681 2120 2718 formantur
2139 2681 2330 2730 divinitus,
2360 2683 2479 2731 magis

1415 2735 1662 2785 exprimentia
1690 2747 1748 2771 res
1777 2734 1947 2782 divinas,
1977 2747 2107 2783 quarnx
2125 2747 2170 2772 ea
2199 2748 2296 2784 quae
2330 2744 2479 2773 natura-

1413 2790 1495 2826 liter
1523 2802 1545 2826 a
1573 2788 1814 2826 sensibilibus
1853 2788 2082 2837 accipimus;
2122 2789 2217 2825 sicut
2254 2797 2414 2838 apparet
2440 2789 2479 2826 in

1413 2842 1624 2880 visionibus
1652 2842 1950 2891 prophetalibus.
1980 2843 2029 2879 Et
2056 2842 2248 2879 interdum
2278 2842 2390 2879 etiam
2414 2842 2479 2879 ali—

1414 2908 1512 2945 quae
1533 2908 1592 2933 res
1612 2895 1808 2933 sensibiles
1837 2896 2051 2933 formantur
2070 2895 2261 2942 divinitus,
2282 2903 2347 2933 aut
2367 2895 2479 2932 etiam

1414 2962 1552 2996 voces,
1583 2949 1632 2986 ad
1660 2949 1801 2997 aliquid
1831 2949 2005 2987 divinum
2041 2949 2354 2997 exprimendum;
2384 2948 2480 2985 sicut

1414 3003 1451 3040 in
1471 3002 1661 3051 baptismo
1686 3011 1700 3032 η
1729 3002 1834 3039 visus
1859 3011 1915 3040 est
1934 3002 2094 3052 Spiritus
2114 3003 2275 3039 Sanctus
2294 3002 2332 3038 in
2351 3002 2477 3050 specie

1416 3056 1631 3103 columbae,
1661 3062 1699 3092 et
1715 3068 1794 3093 vox
1812 3056 1934 3093 Patris
1953 3055 2081 3093 audita
2101 3063 2168 3103 est,
2194 3055 2273 3092 Hic
2291 3060 2345 3091 est
2360 3055 2479 3091 Filius

1415 3122 1520 3146 meus
1547 3108 1699 3146 dilectus
1717 3108 1748 3145 ²¹⁶.

1468 3164 1526 3199 Αι)
1555 3173 1692 3198 patmum
1721 3173 1819 3199 ERGO
1847 3173 2031 3199 DICENDUM
2059 3161 2180 3210 quod,
2210 3160 2297 3196 licet
2322 3172 2393 3208 per
2420 3172 2476 3197 re-

1416 3215 1647 3253 velationem
1675 3214 1815 3262 gratiae
1835 3215 1874 3252 in
1893 3215 1966 3252 hac
1984 3214 2062 3252 vita
2088 3226 2167 3251 non
2189 3222 2476 3260 *cognoscamus

1418 3269 1464 3306 de
1489 3270 1573 3305 Deo
1602 3268 1693 3316 quid
1718 3274 1787 3314 est,
1818 3276 1854 3304 et
1881 3268 1934 3305 sic
1963 3268 1996 3304 ei
2025 3267 2132 3316 quasi
2160 3266 2288 3314 ignoto
2318 3266 2476 3303 coniun-

1417 3334 1552 3370 gamur
1570 3319 1598 3365 ⁰3
1628 3328 1757 3358 tamen
1784 3321 1932 3370 plenius
1960 3321 2087 3370 ipsum
2113 3319 2392 3368 cognoscimus,
2421 3319 2476 3356 in-

1467 3472 1489 3504 ε)
1509 3471 1680 3504 agnitionem.
1699 3484 1717 3491 -
1735 3471 1914 3504 cognitionem
1933 3469 2076 3495 ABCDEF.

1466 3507 1500 3540 Q·
1511 3507 1572 3532 duo.
1590 3520 1609 3525 -
1627 3506 1664 3531 ad
1683 3506 1769 3531 minus
1788 3506 1841 3531 duo
1859 3507 1889 3531 B.

1466 3542 1492 3574 η)
1513 3542 1651 3574 baptismo.
1669 3555 1687 3559 -
1708 3541 1808 3566 Christi
1825 3542 1894 3566 addit
1913 3541 1958 3566 sD.

1466 3576 1490 3610 θ)
1510 3577 1714 3610 coniungamur.
1731 3590 1750 3596 —
1768 3576 1955 3609 coniungimur
1974 3576 2074 3601 codices
2095 3581 2119 3601 et
2136 3575 2187 3601 ab.

2304 3628 2333 3653 18

2501 309 2509 317 '¹
2520 307 2630 336 Soliloq„
2643 308 2682 330 lib.
2692 309 2710 335 Ι,

2500 340 2551 361 cap.
2567 341 2583 355 1.

2508 1890 2516 1899 ·
2533 1889 2600 1911 Vers.
2616 1896 2647 1911 10.

2509 1994 2518 2002 ‘
2534 1992 2592 2014 lbid.
2607 1997 2667 2013 vers.
2684 1992 2705 2013 8.

2509 2047 2517 2055 ·
2528 2045 2615 2067 Glossa
2624 2044 2725 2067 interlin.

2509 2079 2537 2094 ex
2553 2078 2571 2093 s.
2584 2071 2646 2093 Hier.

2604 3013 2618 3035 η

2504 3120 2513 3131 ⁴
2528 3119 2594 3142 Matt.
2610 3126 2642 3147 ιιι,
2659 3126 2690 3149 ι7.
