2768 4178
956 262 1223 309 QUAESTIO
1253 263 1449 309 XXXVII,
1478 262 1774 300 ARTICULUS
1805 263 1819 299 1

2410 261 2483 308 387

762 461 1171 537 QUAESTIO
1210 461 2027 518 TRIGESIMASEPTIMA
2061 468 2064 471 ’

572 583 662 623 DE
702 582 962 623 NOMINE
1001 582 1307 625 SPIRITUS
1350 583 1592 625 SANCTI
1635 584 1823 637 QUOD
1863 584 1986 625 EST
2025 584 2214 624 AMOR

1130 690 1165 715 IN
1193 690 1288 716 DUOS
1315 691 1518 716 ARTICULOS
1544 691 1663 716 DlVlSA

0 790 3 835 ξ
61 800 177 850 ἰῃὲἕὸἀᾳιι.
192 806 261 822 xxxvl
269 816 276 828 ,

0 873 7 912 l
160 889 177 906 α

387 803 495 828 EINDE
524 790 716 840 quaeritur
743 791 791 828 de
819 791 977 829 nomine
1004 792 1159 830 Amoris
1177 791 1208 829 ²¹⁸.

388 844 437 880 Et
465 843 564 880 circa
590 845 666 880 hoc
694 851 926 892 quaeruntur
954 845 1044 882 duo.

357 895 509 933 Primo:
537 903 666 933 utrum
695 896 741 933 sit
758 902 775 918 ¹²
803 897 1003 947 proprium
1035 910 1180 935 nomen
1209 897 1369 947 Spiritus

412 948 551 986 Sancti.

404 1338 405 1341 =
425 1334 496 1379 ff«
516 1328 539 1353 n
567 1328 705 1353 PmMUM
733 1328 786 1353 su:
814 1327 1053 1353 PROCEnl‘rUR.
1082 1317 1240 1354 Videtur
1263 1317 1368 1365 quod

335 1362 339 1369 ’
357 1363 381 1408 'f
440 1365 640 1426 ’ᾇξξΟΑηωτ
657 1381 737 1406 non
764 1369 811 1406 sit
827 1369 1026 1418 proprium
1045 1382 1190 1407 nomen
1209 1370 1368 1418 Spiritus

326 1448 345 1463 1.
435 1438 437 1440 ¹
462 1424 487 1459 ’ἦ
517 1421 656 1459 Sancti.
685 1421 786 1458 Dicit
813 1421 916 1458 enim
944 1422 1194 1470 Augustinus,
1223 1423 1296 1460 XV
1323 1423 1369 1460 de

306 1467 337 1481 “’“
364 1487 370 1505 t
386 1465 451 1503 '3'52
476 1463 557 1511 Τ
552 1474 624 1511 rin.
639 1473 675 1511 *ε
704 1474 844 1511 Nescio
877 1486 957 1520 cur,
985 1475 1082 1512 sicut
1105 1476 1287 1526 sapientia
1314 1476 1369 1513 di-

303 1527 402 1564 citur
418 1533 454 1564 et
470 1528 585 1563 Pater
602 1533 639 1563 et
654 1526 774 1564 Filius
792 1533 829 1564 et
845 1527 1004 1576 Spiritus
1018 1528 1188 1575 Sanctus,
1204 1534 1241 1565 et
1255 1529 1372 1566 simul

303 1590 433 1616 omnes
464 1591 539 1616 non
577 1585 651 1616 tres
683 1580 750 1616 sed
781 1592 857 1617 una
893 1580 1096 1628 sapientia,
1135 1594 1209 1618 non
1247 1582 1298 1619 ita
1335 1588 1372 1618 et

303 1631 442 1669 caritas
469 1632 617 1669 dicatur
641 1633 757 1669 Pater
777 1639 811 1669 et
828 1633 947 1670 Filius
966 1639 1002 1669 et
1019 1634 1178 1682 Spiritus
1197 1631 1369 1681 Sanctus,

303 1689 338 1721 et
361 1685 476 1722 simul
502 1696 632 1722 omnes
661 1697 737 1722 una
765 1686 914 1723 caritas.
946 1686 1024 1723 Sed
1051 1687 1198 1724 nullum
1223 1700 1368 1724 nomen

302 1737 409 1786 quod
429 1737 475 1775 de
496 1737 651 1786 singulis
668 1739 841 1787 personis
863 1739 1104 1787 praedicatur
1123 1748 1159 1778 et
1178 1740 1226 1777 de
1245 1741 1368 1778 ornni-

301 1789 375 1827 bus
393 1790 432 1827 in
452 1790 652 1828 communi
670 1791 916 1839 singulariter,
933 1799 988 1829 est
1006 1805 1150 1830 nomen
1168 1793 1369 1843 proprium

303 1842 460 1880 alicuius
495 1855 694 1892 personae.
731 1845 833 1892 Ergo
866 1845 942 1882 hoc
976 1858 1120 1883 nornen
1151 1858 1264 1883 amor
1290 1859 1369 1884 non

161 1900 177 1935 β
305 1903 360 1933 est
386 1896 586 1945 proprium
605 1894 623 1924 Ρ
651 1897 811 1945 Spiritus
840 1897 979 1935 Sancti.

358 1960 393 1985 2.
415 1950 647 1996 PRAETEREA,
665 1949 825 1998 Spiritus
841 1951 1002 1987 Sanctus
1022 1958 1078 1987 est
1095 1963 1262 2000 persona
1281 1951 1368 1988 sub-

304 2000 450 2038 sistens.
472 2001 549 2039 Sed
568 2014 679 2039 amor
696 2015 776 2039 non
795 2002 1027 2051 significatur
1039 2011 1081 2041 ut
1094 2016 1260 2053 persona
1279 2005 1368 2042 sub-

160 2063 178 2089 τ
304 2053 455 2091 sistens:
471 2054 539 2091 sed
552 2062 594 2091 ut
608 2055 706 2091 actio
722 2057 913 2104 quaedam
928 2057 977 2094 ab
992 2065 1145 2094 amante
1159 2057 1344 2095 transiens
1354 2062 1369 2084 ⁷

302 2106 343 2144 in
371 2114 552 2144 amatum.
583 2108 686 2156 Ergo
705 2120 816 2145 amor
834 2121 914 2146 non
934 2117 990 2146 est
1006 2109 1205 2159 proprium
1225 2122 1368 2148 nomen

305 2159 466 2208 Spiritus
495 2160 634 2197 Sancti.

359 2213 394 2250 3.
415 2213 648 2260 PRAETEREA,
669 2225 780 2250 amor
808 2221 864 2250 est
882 2226 1001 2251 nexus
1021 2215 1249 2252 amantium:
1278 2216 1368 2264 quia

17 2261 29 2267 ..
62 2274 74 2286 ·
88 2273 275 2327 s-Th-Bleet-xn·
303 2265 516 2302 seeundum
535 2265 777 2314 Dionysium,
790 2278 825 2303 ιν
841 2279 922 2315 cap.
938 2268 984 2304 de
1001 2268 1090 2304 Diu.
1104 2269 1222 2305 Nom.
1234 2268 1265 2315 *,
1287 2276 1343 2306 est
1356 2267 1370 2291 ὃ

18 2323 22 2327 ’
302 2318 489 2367 quaedam
507 2319 564 2355 vis
584 2319 737 2356 unitiva.
768 2319 846 2356 Sed
866 2332 986 2357 nexus
1006 2328 1061 2357 est
1080 2321 1252 2358 medium
1271 2321 1369 2358 inter

303 2382 349 2407 ea
367 2383 466 2419 quae
486 2372 696 2409 connectit:
725 2384 804 2409 non
824 2379 952 2409 autem
981 2373 1121 2422 aliquid
1138 2374 1185 2410 ab
1206 2374 1260 2411 eis
1278 2387 1369 2423 pro-

303 2423 455 2461 cedens.
494 2424 595 2460 Cum
627 2424 738 2472 igitur
766 2424 927 2474 Spiritus
956 2426 1117 2463 Sanctus
1144 2427 1328 2475 procedat
1346 2439 1369 2464 a

18 2516 19 2519 Ἰ
63 2479 274 2528 ;·Q¹²·¹=¹v¹2⁸n·
301 2476 414 2513 Patre
443 2483 480 2513 et
498 2476 607 2524 Filio,
628 2477 723 2514 sicut
742 2485 937 2515 ostensum
958 2486 1013 2515 est
1031 2478 1062 2526 ³²⁸,
1092 2479 1244 2516 videtur
1262 2480 1366 2529 quod

302 2541 382 2566 non
410 2529 457 2566 sit
483 2541 594 2566 amor
622 2537 686 2566 aut
713 2543 832 2567 nexus
860 2531 980 2567 Patris
1009 2539 1045 2568 et
1073 2531 1167 2569 Filii.

356 2593 393 2628 4.
432 2583 673 2629 PRAETEREA,
713 2582 912 2620 cuiuslibet
943 2584 1106 2621 amantis
1143 2592 1198 2621 est
1235 2585 1368 2634 aliquis

163 2644 175 2661 ε
304 2645 425 2671 amor.
460 2634 537 2671 Sed
576 2635 736 2684 Spiritus
765 2637 926 2672 Sanctus
962 2644 1016 2673 est
1054 2649 1186 2674 amans
1213 2643 1235 2674 ‘.
1266 2639 1367 2685 Ergo

304 2686 384 2723 eius
412 2694 469 2723 est
501 2687 635 2736 aliquis
663 2700 783 2725 amor.
815 2688 855 2725 Si
881 2688 992 2736 igitur
1020 2690 1178 2738 Spiritus
1207 2691 1368 2727 Sanctus

305 2746 359 2776 est
387 2751 508 2786 amor,
540 2740 608 2777 erit
635 2739 745 2777 amor
773 2741 926 2789 amoris,
948 2749 984 2779 et
1011 2743 1162 2791 spiritus
1181 2756 1204 2780 a
1223 2743 1366 2792 spiritu.

304 2792 421 2839 Quod
451 2799 506 2829 est
533 2792 819 2831 inconveniens.

75 2874 78 2877 Α
357 2846 432 2882 SED
447 2857 594 2882 CONTRA
608 2858 674 2883 EST
689 2847 793 2895 quod
809 2847 1013 2895 Gregorius
1030 2847 1128 2895 dicit,
1144 2848 1183 2885 in
1198 2848 1367 2885 Homilia

61 2905 275 2955 {ffimhmifl
302 2898 547 2935 Pentecostes
565 2898 600 2935 ²⁸:
630 2900 716 2947 Ipse
743 2900 901 2948 Spiritus
928 2901 1086 2937 Sanctus
1114 2907 1168 2937 est
1191 2901 1325 2938 Amor.

127 2938 150 2961 ε’
356 2951 580 2988 RESPONDEO
600 2964 783 2989 D1CENDUM
808 2953 913 3001 quod
932 2965 1076 2990 nomen
1094 2954 1236 2990 amoris
1254 2953 1293 2990 in
1313 2954 1366 2990 di-

161 3008 176 3038 t
301 3002 400 3040 vinis
421 3004 520 3041 sumi
547 3012 673 3053 potest
691 3012 728 3042 et
748 3005 991 3043 essentialiter
1010 3006 1024 3032 ζ
1052 3014 1088 3043 et
1106 3006 1364 3055 personaliter.

262 3083 264 3085 ψ
303 3056 592 3107 Etsecundum
621 3058 726 3106 quod
746 3059 993 3106 personaliter
1011 3059 1182 3106 sumitur,
1205 3067 1260 3095 est
1277 3072 1366 3108 pro-

301 3108 429 3156 prium
456 3122 601 3147 nomen
629 3110 788 3159 Spiritus
817 3111 962 3158 Sancti;
991 3111 1087 3148 sicut
1112 3112 1285 3149 Verbum
1310 3120 1365 3149 est

301 3161 501 3210 proprium
538 3175 683 3200 nomen
721 3163 813 3201 Filii.
856 3164 918 3201 Ad
959 3164 1064 3201 cuius
1106 3164 1335 3202 evidentiam
1354 3194 1363 3211 ,

22 3234 25 3235 ν
61 3222 274 3277 ι’(ξυέιινιωπ-
303 3213 501 3251 sciendum
529 3223 585 3252 est
616 3216 743 3264 quod,
775 3229 861 3254 cum
897 3217 937 3254 in
965 3217 1113 3264 divinis,
1142 3225 1184 3254 ut
1212 3230 1326 3267 supra
1345 3218 1365 3239 ’Β

107 3264 114 3274 ’
141 3264 148 3270 '
303 3273 498 3303 ostensum
528 3275 603 3315 est,
639 3269 712 3306 sint
740 3270 838 3307 duae
870 3269 1154 3319 processiones,
1187 3282 1266 3307 una
1295 3283 1365 3319 per

355 3379 382 3411 α)
402 3379 446 3404 sit.
461 3392 482 3399 -
498 3380 582 3404 Amor
600 3381 635 3405 sit
653 3382 683 3405 B.

355 3413 380 3446 β)
395 3414 548 3446 proprium.
565 3429 585 3435 -
603 3423 696 3440 nomen
716 3417 753 3446 Α,
772 3417 915 3449 proprium
940 3424 1033 3442 nomen
1053 3418 1073 3442 C
1080 3436 1087 3448 ‚
1100 3418 1244 3450 proprium
1268 3426 1362 3444 nomen

295 3456 430 3481 personae
448 3450 477 3473 B.

353 3485 380 3518 γ)
400 3484 541 3509 transiens.
558 3499 579 3504 -
597 3485 658 3510 Om.
671 3486 702 3511 Β.

354 3519 379 3552 ὂ)
399 3523 446 3544 est.
464 3534 484 3538 —
501 3527 580 3544 amor
597 3523 636 3545 est
654 3520 683 3545 B.

300 3597 403 3620 amans,
422 3597 487 3623 ergo
506 3591 536 3615 B.

1480 811 1680 848 Secundo:
1720 818 1849 848 utrum
1883 811 1996 848 Pater
2033 818 2069 848 et
2107 810 2222 848 Filius
2261 811 2414 859 diligant
2446 823 2486 848 se

1532 870 1671 919 Spiritu
1701 871 1854 907 Sancto.

1114 1059 1431 1101 ARTICULUS
1464 1059 1670 1101 PRIMUS

788 1151 944 1182 UTRUM
967 1151 1093 1182 AMOR
1116 1151 1183 1182 sn*
1206 1151 1428 1183 PROPRIUM
1450 1152 1606 1183 NOMEN
1630 1153 1820 1184 SPIRITUS
1844 1153 1999 1184 sANcrl

927 1229 936 1253 1
956 1229 1039 1259 Sent„
1060 1229 1118 1254 dist.
1137 1237 1161 1260 x,
1181 1234 1227 1254 art.
1244 1237 1266 1261 1,
1286 1230 1318 1254 ad
1335 1237 1368 1261 45
1388 1230 1447 1255 dist.
1466 1237 1542 1261 xxvn,
1562 1238 1606 1263 qu.
1625 1238 1652 1260 11.
1671 1235 1718 1255 art.
1738 1238 1762 1262 2,
1782 1232 1829 1263 qu*
1846 1238 1870 1255 2.

1422 1317 1584 1354 modum
1612 1317 1832 1365 intellectus,
1853 1331 1951 1367 quae
1972 1326 2027 1356 est
2050 1320 2244 1368 processio
2263 1320 2388 1367 verbi3
2418 1321 2488 1358 alia

1422 1382 1492 1419 per
1519 1368 1682 1407 modurn
1705 1371 1922 1418 voluntatis,
1952 1384 2050 1420 quae
2080 1379 2134 1409 est
2161 1373 2355 1420 processio
2384 1386 2488 1410 amo-

1424 1423 1494 1459 ris:
1524 1423 1612 1472 quia
1639 1423 1764 1472 prima
1793 1431 1848 1460 est
1877 1424 1988 1460 nobis
2007 1424 2128 1472 magis
2153 1432 2254 1472 nota,
2275 1426 2324 1463 ad
2343 1426 2489 1474 singula

1423 1475 1670 1523 significanda
1699 1488 1798 1524 quae
1827 1477 1866 1513 in
1895 1489 1940 1513 ea
1961 1477 2192 1514 considerari
2210 1486 2381 1527 possunt,
2402 1487 2489 1516 sunt

1424 1528 1544 1576 magis
1563 1528 1719 1577 propria
1747 1529 1904 1566 nomina
1933 1529 2158 1577 adinventa;
2187 1543 2266 1568 non
2293 1539 2420 1569 autem
2449 1531 2488 1568 in

1422 1581 1669 1630 processione
1697 1581 1914 1619 voluntatis.
1952 1582 2063 1620 Unde
2093 1590 2129 1620 et
2157 1583 2388 1631 quibusdam
2420 1584 2489 1621 cir-

1425 1634 1771 1671 cumlocutionibus
1798 1634 1942 1672 utimur
1969 1635 2019 1672 ad
2047 1635 2335 1684 significandam
2355 1649 2487 1685 perso-

1423 1700 1514 1724 nam
1542 1687 1838 1736 procedentem:
1869 1695 1905 1724 et
1932 1688 2132 1726 relationes
2157 1689 2270 1726 etiam
2299 1701 2398 1737 quae
2428 1702 2488 1726 ac—

1425 1740 1614 1789 cipiuntur
1641 1739 1854 1777 secundum
1882 1741 1982 1777 hanc
2000 1741 2285 1790 processionem
2300 1747 2326 1790 ”,
2349 1749 2384 1779 et
2396 1754 2488 1791 pro·
2612 1750 2634 1779 η·

1424 1793 1598 1830 cessionis
1626 1800 1663 1830 et
1688 1793 1902 1841 spirationis
1929 1794 2149 1831 nominibus
2169 1795 2426 1843 nominantur,
2446 1803 2488 1832 ut

1424 1858 1539 1894 supra
1556 1845 1577 1868 *
1605 1846 1747 1883 dictum
1777 1853 1851 1892 est;
1882 1858 1980 1895 quae
2008 1855 2137 1884 tamen
2166 1855 2253 1884 sunt
2280 1848 2400 1896 magis
2419 1861 2487 1885 no-

1422 1898 1526 1936 mina
1546 1898 1698 1946 originis
1726 1911 1842 1948 quam
1863 1899 2065 1948 relationis,
2087 1901 2299 1938 secundum
2317 1901 2486 1950 proprie-

1423 1958 1540 1988 tatem
1569 1952 1760 1989 vocabuli.

1477 2005 1526 2041 Et
1562 2012 1691 2041 tamen
1728 2004 1898 2042 similiter
1933 2012 2135 2054 utramque
2159 2004 2172 2026 ⁰
2198 2006 2486 2055 processionem
2611 2018 2624 2043 ο

1424 2057 1654 2094 considerari
1674 2065 1835 2106 oportet.
1866 2057 1970 2094 Sicut
1998 2057 2101 2095 enim
2130 2071 2176 2095 ex
2202 2060 2277 2096 hoc
2300 2059 2405 2108 quod
2424 2060 2488 2096 ali-

1423 2110 1507 2159 quis
1527 2122 1609 2147 rem
1633 2110 1799 2158 aliquam
1818 2110 1996 2158 intelligit,
2016 2112 2194 2160 provenit
2212 2113 2403 2161 quaedam
2431 2112 2487 2149 in-

1423 2162 1641 2200 tellectualis
1662 2163 1860 2212 conceptio
1887 2163 1940 2200 rei
1963 2163 2172 2201 intellectae
2192 2164 2230 2201 in
2248 2165 2486 2213 intelligente,

1423 2228 1520 2264 quae
1542 2216 1676 2253 dicitur
1693 2216 1878 2262 verbum;
1899 2216 1949 2253 ita
1969 2229 2014 2253 ex
2033 2217 2108 2253 hoc
2128 2217 2232 2266 quod
2252 2217 2385 2266 aliquis
2405 2230 2487 2255 rem

1423 2268 1589 2317 aliquam
1610 2276 1724 2316 amat,
1740 2269 1916 2317 provenit
1935 2270 2125 2317 quaedam
2145 2270 2357 2318 impressio,
2376 2278 2419 2307 ut
2437 2271 2487 2307 ita

1422 2322 1568 2369 loquar,
1591 2321 1644 2358 rei
1664 2329 1812 2358 amatae
1831 2321 1870 2358 in
1889 2322 2028 2358 affectu
2048 2323 2208 2360 amantis
2223 2322 2254 2371 ³⁸,
2275 2323 2487 2361 secundum
2514 2334 2524 2345 ⁴
2539 2334 2637 2356 D-1201·

1423 2380 1540 2423 quarn
1560 2382 1729 2411 amatum
1758 2374 1892 2412 dicitur
1919 2387 2002 2412 esse
2021 2375 2059 2412 in
2080 2383 2242 2423 amante,
2264 2376 2359 2412 sicut
2378 2384 2413 2413 et
2431 2376 2486 2414 in-

1422 2427 1614 2464 tellectum
1642 2427 1680 2464 in
1709 2427 1946 2475 intelligente.
1986 2429 2040 2464 Ita
2076 2428 2202 2477 quod,
2238 2441 2324 2465 curn
2354 2429 2486 2478 aliquis

1423 2479 1591 2528 seipsum
1610 2479 1777 2528 intelligit
1797 2487 1832 2517 et
1851 2487 1964 2528 amat,
1987 2487 2042 2517 est
2061 2480 2099 2517 in
2118 2481 2243 2530 seipso
2263 2494 2341 2518 non
2361 2483 2486 2519 solum

1421 2544 1491 2581 per
1517 2532 1750 2569 identitatem
1780 2533 1851 2579 rei,
1882 2533 1949 2570 sed
1978 2533 2092 2570 etiam
2119 2541 2161 2570 ut
2187 2533 2418 2571 intellectum
2447 2535 2486 2572 in

1422 2585 1670 2632 intelligente,
1701 2593 1737 2621 et
1765 2593 1935 2622 amatum
1963 2585 2003 2622 in
2031 2594 2195 2623 amante.

1477 2638 1554 2674 Sed
1583 2649 1627 2674 ex
1659 2645 1765 2686 parte
1794 2638 2020 2686 intellectus,
2050 2647 2137 2676 sunt
2163 2639 2353 2676 vocabula
2380 2639 2485 2676 adin-

1421 2697 1534 2727 venta
1553 2690 1602 2727 ad
1631 2690 1923 2738 significandum
1943 2700 2159 2740 respectum
2178 2691 2416 2740 intelligentis
2436 2693 2485 2730 ad

1423 2755 1503 2780 rem
1531 2742 1770 2790 intellectam,
1799 2751 1840 2780 ut
1866 2751 1969 2792 patet
1990 2744 2028 2781 in
2047 2745 2122 2781 hoc
2141 2745 2246 2793 quod
2274 2745 2359 2782 dico
2384 2745 2486 2782 intel-

1421 2795 1562 2845 ligere:
1591 2803 1627 2832 et
1646 2803 1733 2832 sunt
1752 2796 1866 2832 etiam
1895 2796 1967 2833 alia
1995 2798 2184 2834 vocabula
2211 2797 2417 2835 adinventa
2436 2798 2485 2835 ad

1422 2849 1715 2896 significandum
1739 2861 1965 2898 processum
1993 2850 2250 2887 intellectualis
2270 2850 2485 2899 conceptio-

1421 2901 1490 2948 nis,
1511 2901 1650 2938 scilicet
1667 2901 1793 2950 ipsum
1813 2901 1947 2948 dicere,
1969 2910 2005 2940 et
2023 2904 2192 2940 verbum.
2222 2904 2332 2940 Unde
2361 2903 2398 2940 in
2429 2903 2485 2940 di-

1419 2954 1518 2991 vinis
1547 2953 1753 3004 intelligere
1780 2955 1905 2991 solum
1941 2956 2184 2993 essentialiter
2212 2956 2365 3002 dicitur,
2395 2956 2484 3004 quia

1420 3019 1498 3043 non
1512 3006 1692 3055 importat
1706 3006 1967 3045 habitudinem
1983 3008 2031 3046 ad
2046 3009 2208 3046 verbum
2227 3009 2441 3057 procedens
2455 3015 2483 3045 ⁴:
2616 3023 2623 3038 ι

1420 3059 1487 3097 sed
1522 3060 1684 3097 Verbum
1721 3060 1970 3108 personaliter
1998 3061 2149 3107 dicitur,
2184 3062 2272 3110 quia
2300 3061 2484 3109 significat

1419 3112 1457 3149 id
1486 3112 1589 3160 quod
1616 3112 1808 3161 procedit:
1837 3112 1964 3161 ipsum
1983 3126 2075 3151 vero
2104 3114 2227 3151 dicere
2254 3114 2388 3151 dicitur
2415 3126 2483 3150 no-

1419 3165 1624 3211 tionaliter,
1664 3165 1753 3213 quia
1789 3165 1969 3214 importat
2006 3167 2268 3204 habitudinem
2309 3167 2481 3215 principii

1418 3217 1535 3254 Verbi
1564 3218 1613 3254 ad
1631 3218 1804 3254 Verbum
1828 3219 1954 3267 ipsum
1974 3226 1997 3256 ².
2015 3241 2038 3247 -
2055 3221 2111 3256 Ex
2132 3227 2235 3268 parte
2265 3228 2392 3256 autem
2411 3232 2480 3256 vo·
2606 3235 2620 3251 κ

1419 3270 1580 3316 luntatis,
1597 3277 1745 3319 praeter
1764 3271 1921 3321 diligere
1941 3280 1976 3309 et
1994 3285 2138 3318 amare,
2159 3284 2256 3320 quae
2277 3272 2482 3321 important

2513 1861 2524 1872 ⁴
2536 1860 2583 1888 Qu.
2593 1866 2674 1889 xxvm,
2682 1864 2725 1883 art.

2513 1894 2537 1914 4.

1471 3383 1495 3416 ζ)
1515 3387 1542 3408 et
1559 3383 1743 3408 essentialiter.
1762 3398 1780 3404 -
1798 3385 1975 3410 essentialiter
1993 3386 2055 3410 Pab.

1471 3419 1498 3450 η)
1513 3419 1719 3450 processionem.
1737 3433 1756 3438 -
1774 3423 1800 3444 et
1818 3420 1991 3452 spirationem
2012 3421 2081 3445 addit
2099 3422 2129 3446 B.
2148 3421 2217 3446 Idem
2237 3430 2284 3455 pro
2299 3422 2479 3453 nominantur,

1419 3461 1593 3478 nommamus.

1471 3487 1494 3521 θ)
1514 3492 1663 3520 utramque.
1681 3503 1700 3508 -
1717 3490 1861 3514 secundum
1881 3494 2020 3523 utramque
2039 3491 2083 3516 Pb.

1472 3524 1490 3556 ι)
1510 3524 1547 3549 ad
1569 3524 1677 3549 verbum
1697 3525 1855 3556 procedens.
1873 3526 2035 3557 -principii
2058 3527 2131 3551 verbi
2154 3527 2191 3551 ad
2214 3527 2320 3552 verbum
2343 3527 2427 3559 ipsum
2448 3528 2480 3552 G.

355 3555 378 3587 ε)
399 3555 487 3580 Sed...
502 3563 605 3580 amans.
631 3556 714 3588 Ergo.
732 3569 751 3575 —
770 3556 802 3581 Si
826 3557 912 3590 igitur
935 3558 1054 3590 Spiritus
1081 3558 1195 3583 Sanctus
1219 3562 1258 3583 est
1286 3566 1363 3584 amor
1418 3560 1487 3584 Haec
1507 3564 1531 3583 et
1551 3560 1683 3591 sequentia
1701 3567 1786 3592 usque
1805 3561 1836 3584 ad
1855 3560 2034 3586 habitudinem
2054 3569 2108 3587 om.
2125 3562 2303 3588 ABCDEFab.

1471 3595 1496 3627 κ)
1522 3595 1631 3619 Verbum
1652 3595 1746 3626 ipsum.
1764 3608 1783 3614 —
1805 3595 1916 3621 Verbum
1939 3596 2047 3621 missum
2067 3597 2099 3627 G,
2119 3597 2203 3629 ipsum
2228 3598 2338 3623 Verbum
2357 3598 2479 3623 ABCDE.
