2768 4178
11 518 14 520 ’
28 523 42 536 ⁶
55 522 92 544 Cf.
99 527 152 550 sup.
162 525 210 544 not.
219 523 241 547 ὀ.

49 2257 68 2273 'f‘
98 2261 164 2280 nnn.
179 2262 212 2279 ix.

46 2308 69 2322 ¹2·
95 2310 162 2328 num.
177 2309 237 2328 niet

1002 221 1272 268 QUAESTIO
1303 222 1334 269 Ι,
1364 222 1662 261 ARTICULUS
1694 225 1744 261 IV

330 299 382 330 IV.
400 299 556 330 Probatur
568 300 663 340 igitur
680 300 844 331 conclusio
859 300 892 330 in
907 300 1008 331 littera
1020 300 1074 331 sic.
1089 300 1182 331 Sacra
1192 300 1343 336 doctrina,

272 353 336 374 una
360 343 503 380 existens,
528 344 667 375 extendit
690 354 723 375 se
746 345 786 375 ad
810 354 846 375 ea
866 354 947 385 quae
972 351 1114 385 spectant
1137 345 1176 375 ad
1200 345 1345 375 scientias

271 388 478 428 speculativas
502 395 533 419 et
556 388 720 429 practicas:
747 398 821 428 ergo
844 388 913 428 ipsa
937 395 983 419 est
1006 388 1114 424 altior,
1137 389 1344 429 comprehen-

271 432 348 462 dens
365 433 424 463 sub
445 443 477 462 se
494 433 909 474 utrumque.-Antecedens
925 433 1078 473 probatur
1095 443 1132 463 ex
1145 433 1344 473 praecedenti

270 476 414 507 articulo.
440 477 532 508 Sacra
556 477 700 508 doctrina
722 476 854 508 attendit
882 487 982 508 unam
1011 477 1167 508 rationem
1198 488 1343 508 commu-

270 521 372 551 nem*
382 521 627 561 speculabilibus
643 528 674 552 et
687 520 911 562 operabilibuS,
928 521 1046 552 scilicet
1062 522 1254 562 inquantum
1270 529 1345 553 sunt

270 564 420 596 divinitus
446 565 636 596 revelabilia:
664 575 750 606 ergo.
765 582 787 589 -
804 565 1043 606 Consequentia
1071 566 1239 606 probatur:
1269 566 1344 607 quia

268 609 457 640 huiusmodi
481 609 610 640 scientia
639 616 687 640 est
709 609 790 641 sicut
813 609 942 641 scientia
965 610 1034 646 Dei,
1061 610 1117 652 qui
1141 610 1270 641 scientia
1293 621 1342 642 ea-

270 654 345 684 dem
368 653 426 684 scit
449 663 483 683 se
506 659 537 684 et
560 663 657 694 opera
681 663 754 684 sua:
780 664 864 694 ergo.

323 698 361 729 V.
378 698 516 728 Adverte
535 697 596 734 hic,
613 708 672 738 pro
697 698 834 729 claritate
856 698 986 735 litterae,
1003 698 1071 730 tria.
1094 699 1238 730 Primum
1263 699 1343 730 circa

268 741 492 781 probationem
516 742 761 783 consequentiae
786 752 823 773 ex
846 743 1049 774 antecedente
1077 744 1229 784 probato:
1254 744 1344 785 quod

267 785 321 816 illa
345 785 492 826 probatio
517 793 564 817 est
587 787 719 827 optima,
735 793 767 818 et
789 797 807 817 a
830 787 938 827 priori,
967 794 998 818 et
1021 797 1087 818 non
1111 798 1167 828 per
1189 788 1300 819 locum
1323 799 1343 819 a

267 830 488 865 simili.,Cum
519 830 605 861 enim
627 831 789 872 theologia
823 838 930 862 nostra
953 831 1033 862 nihil
1066 832 1152 863 aliud
1175 833 1215 863 sit
1245 843 1344 874 quam

267 874 435 915 impressio
460 882 491 906 et
512 874 654 915 sigillum
668 876 838 916 proprium
861 876 1008 907 scientiae
1027 877 1150 908 divinae
1174 875 1343 919 (quoniam

268 925 403 960 utraque
427 926 474 950 est
497 920 536 950 de
559 920 630 950 Deo
653 919 846 961 inquantum
869 921 972 952 Deus:
998 928 1029 952 et
1051 921 1128 952 haec
1151 922 1190 952 ab
1213 922 1267 952 illa
1291 923 1343 953 de-

267 963 386 994 rivatur
401 964 460 994 sub
476 963 561 994 illius
580 964 712 995 luminis
735 965 873 1006 propria,
891 966 1037 1006 quamvis
1056 976 1161 1006 parva,
1178 966 1343 1007 participa-

266 1006 384 1050 tione),
409 1018 608 1049 consequens
632 1016 679 1040 est
703 1010 793 1050 quod
817 1010 920 1041 unitas
943 1010 1028 1041 illius
1056 1010 1211 1041 unitatem
1234 1011 1342 1048 istius,

267 1059 299 1083 et
312 1052 448 1083 altitudo
466 1052 562 1089 illius,
583 1063 647 1094 qua
662 1054 702 1084 ad
721 1061 896 1095 utrumque
919 1064 1019 1095 genus
1036 1055 1221 1091 extenditur,
1239 1055 1343 1086 altitu-

266 1096 375 1127 dinem
398 1096 489 1128 istius
512 1096 636 1129 inferat.
660 1098 702 1129 Et
724 1106 893 1139 propterea
921 1099 953 1140 ly
976 1100 1079 1136 sicut,
1104 1099 1137 1129 in
1160 1099 1262 1130 littera
1284 1109 1343 1140 pro

266 1141 455 1181 probatione
479 1142 675 1182 appositum,
692 1153 759 1174 non
779 1143 854 1174 dicit
877 1153 992 1184 puram
1015 1143 1268 1180 similitudinem
1288 1145 1343 1175 sed

265 1185 529 1217 assimilationem
541 1187 662 1228 proprii
675 1188 844 1228 exemplati
858 1188 899 1218 ad
918 1187 1086 1228 proprium
1101 1188 1271 1228 exemplar,
1285 1195 1343 1219 etc.

317 1229 501 1269 Secundum
512 1237 572 1267 est,
590 1232 680 1272 quod
696 1232 801 1262 media
816 1232 849 1262 in
865 1231 968 1263 littera
987 1232 1091 1272 posita
1107 1232 1152 1262 sic
1167 1242 1200 1263 se
1215 1232 1343 1269 habent,

257 1273 357 1316 ‘quod
379 1269 457 1305 haec
481 1275 624 1306 doctrina
647 1275 721 1306 ideo
746 1275 989 1316 comprehendit
1012 1276 1071 1307 sub
1095 1286 1129 1307 se
1152 1283 1343 1318 utrumque,

264 1318 384 1350 scilicet
399 1319 633 1359 speculativum
657 1326 688 1351 et
701 1320 887 1360 practicum,
904 1321 980 1362 quia
997 1331 1061 1352 una
1078 1321 1212 1352 existens
1236 1328 1342 1352 exten-

265 1363 313 1394 dit
334 1373 368 1394 se
391 1364 432 1394 ad
455 1363 575 1394 omnia.
599 1364 641 1395 Et
662 1363 726 1395 hoc
748 1365 833 1401 ideo,
857 1365 933 1406 quia
957 1366 1016 1396 sub
1040 1375 1105 1396 una
1134 1365 1256 1396 ratione
1280 1365 1343 1397 for—

260 1407 342 1439 mali
357 1407 467 1438 omnia
483 1407 670 1440 considerat.
687 1409 730 1440 Et
743 1409 807 1440 hoc
818 1409 902 1446 ideo,
913 1410 989 1451 quia
1001 1416 1047 1441 est
1062 1410 1199 1441 imitatio
1214 1411 1344 1451 propria

262 1451 413 1484 scientiae
431 1462 497 1493 qua
519 1462 553 1483 se
577 1458 608 1484 et
631 1459 733 1484 cetera
755 1454 843 1484 Deus
866 1454 934 1491 scit,
955 1461 1012 1485 etc.

322 1496 466 1527 Tertium
483 1503 529 1528 est
547 1496 628 1528 circa
643 1497 677 1539 ly
700 1498 793 1529 Unde
808 1499 881 1530 licet
904 1500 937 1530 in
958 1500 1111 1530 scientiis.
1130 1499 1239 1530 Potest
1255 1499 1342 1530 enim

264 1540 335 1572 elici
358 1539 420 1572 alia
442 1541 522 1572 ratio
546 1541 586 1572 ad
608 1542 809 1582 probandam
832 1543 967 1574 eandem
996 1543 1268 1585 consequentiam.
1292 1544 1341 1575 In-

261 1584 365 1617 tendit
388 1584 473 1616 enim
497 1585 603 1627 quod,
627 1586 704 1627 quia
728 1587 754 1618 si
770 1587 939 1619 affirmatio
964 1594 1011 1619 est
1040 1597 1134 1619 causa
1157 1587 1340 1619 affirmatio-

261 1629 323 1666 nis,
342 1629 469 1670 negatio
493 1630 551 1661 erit
574 1640 669 1662 causa
691 1632 879 1672 negationis,
904 1639 935 1663 et
954 1642 971 1663 e
987 1642 1152 1669 converso,
1170 1639 1206 1664 ut
1226 1632 1341 1664 dicitur

219 1699 227 1707 .
262 1673 296 1705 in
315 1674 328 1705 1
351 1675 474 1706 Poster.
489 1674 519 1711 *;
541 1684 616 1706 cum
631 1685 668 1706 ex
691 1677 895 1708 antecedente
914 1677 1068 1708 habeatur
1083 1677 1187 1709 unitas
1209 1677 1340 1708 rationis

262 1717 408 1752 formalis
423 1719 456 1750 in
473 1718 645 1760 theologia,
670 1730 745 1752 cum
771 1721 947 1752 diversitate
972 1721 1135 1752 rationum
1154 1721 1341 1753 formalium

262 1762 469 1805 physicarum
494 1763 713 1801 scientiarum:
743 1772 774 1797 et
799 1772 922 1797 constet
944 1766 1035 1807 quod
1059 1766 1222 1797 diversitas
1245 1767 1339 1798 ratio-

262 1817 344 1839 num
373 1807 562 1839 formalium
593 1808 781 1841 diversificat
812 1810 958 1852 physicas
991 1810 1024 1841 in
1057 1811 1286 1851 speculativam
1309 1818 1340 1842 et

262 1851 450 1894 practicam:
484 1852 628 1894 sequitur
658 1854 748 1895 quod
776 1864 813 1885 ex
836 1854 1115 1891 non-diversitate,
1147 1865 1202 1886 seu
1220 1855 1340 1887 unitate

262 1896 394 1928 rationis
417 1896 560 1928 formalis
583 1898 773 1939 theologiae,
794 1899 862 1940 ipsa
886 1899 943 1930 erit
962 1909 1035 1935 una,
1053 1899 1147 1930 simul
1174 1900 1340 1931 continens

263 1941 494 1983 speculativam
517 1948 548 1972 et
571 1942 752 1982 practicam.

316 1986 371 2018 VI.
388 1985 534 2017 Secunda
558 1986 722 2018 conclusio
739 1994 786 2018 est
801 1987 831 2017 *z
847 1987 1027 2027 Theologia
1045 1994 1092 2019 est
1107 1987 1208 2028 magis
1228 1998 1340 2028 specu·

262 2030 357 2062 lativa
371 2040 470 2071 quam
485 2030 630 2071 practica.
644 2049 664 2054 -
675 2031 831 2062 Probatur
848 2031 1023 2072 dupliciter.
1042 2033 1163 2070 Primo,
1177 2032 1241 2073 agit
1256 2033 1340 2074 prin-

263 2075 396 2117 cipalius
420 2075 458 2105 de
478 2074 571 2105 rebus
596 2075 709 2106 divinis
725 2086 824 2117 quam
841 2076 879 2106 de
895 2076 1016 2107 actibus
1032 2076 1198 2107 humanis:
1222 2087 1308 2118 erg0.
1320 2095 1340 2100 —

263 2119 412 2152 Secundo
435 2119 490 2150 sic.
514 2119 590 2159 Agit
613 2119 651 2150 de
675 2120 796 2151 actibus
820 2120 970 2151 humanis
993 2127 1124 2161 propter
1146 2121 1205 2151 Dei
1228 2131 1339 2162 specu-

261 2164 429 2196 lationem:
457 2173 543 2203 ergo.
562 2163 718 2195 Probatur
740 2165 942 2196 antecedens:
969 2165 1045 2206 quia
1069 2165 1102 2195 in
1123 2165 1341 2206 speculatione

264 2208 407 2240 consistit
429 2214 556 2239 aeterna
578 2208 752 2240 beatitudo.

317 2252 386 2284 VII.
403 2252 496 2284 Circa
518 2252 676 2293 praedicta
695 2253 885 2284 advertenda
901 2260 976 2284 sunt
990 2254 1056 2284 duo
1068 2253 1097 2285 θ’.
1114 2255 1259 2285 Primum
1277 2261 1340 2291 est,

260 2297 354 2340 ,quod
376 2297 454 2328 haec
476 2296 692 2338 interpretatio
708 2297 727 2317 *
740 2297 862 2339 primae
885 2298 1101 2330 conclusionis
1122 2309 1189 2329 non
1208 2306 1255 2330 est
1270 2298 1342 2330 ficta

263 2349 320 2374 aut
342 2352 436 2378 nova,
454 2341 509 2372 sed
533 2341 566 2372 in
590 2352 724 2383 corpore
748 2342 871 2373 articuli
894 2342 1070 2380 insinuata3
1097 2350 1134 2374 ut
1157 2349 1242 2384 patet
1269 2343 1341 2374 dili-

254 2393 373 2429 genter
388 2386 577 2427 ponderanti
593 2387 672 2428 quid
695 2387 848 2428 importat
872 2387 974 2418 dicere
997 2388 1087 2428 quod
1107 2397 1173 2418 una
1202 2389 1342 2419 existens

260 2431 409 2464 *extendit
430 2440 466 2461 se
485 2436 559 2466 etc.;
581 2438 612 2462 et
635 2432 847 2463 consideranti
871 2432 961 2473 quod
990 2432 1135 2473 loquitur
1158 2433 1198 2463 de
1222 2433 1342 2463 unitate

265 2475 420 2518 specifica,
437 2485 536 2516 quam
560 2482 683 2507 constat
706 2486 768 2517 per
789 2486 824 2507 se
847 2487 947 2507 unum
973 2477 1173 2508 constituere.
1198 2477 1258 2508 Per
1281 2477 1342 2508 hoc

265 2521 352 2553 enim
386 2519 551 2551 manifeste
584 2520 723 2551 excludit
745 2521 859 2552 rudem
891 2521 1185 2562 interpretationem
1208 2531 1341 2558 eorum,

265 2565 322 2608 qui
345 2564 526 2605 intelligunt
549 2564 745 2605 theologiam
769 2565 1037 2606 comprehendere
1053 2566 1086 2596 in
1110 2576 1143 2596 se
1166 2566 1342 2606 practicum

266 2617 297 2642 et
319 2609 552 2650 speculativum
575 2619 631 2649 per
650 2610 787 2640 modum
810 2610 1050 2651 aggregationis.
1075 2611 1142 2641 Iam
1165 2610 1251 2641 enim
1275 2621 1341 2641 non

266 2660 348 2686 esset
372 2663 436 2684 una
458 2652 519 2683 nisi
543 2663 599 2693 per
618 2654 889 2694 aggregationem:
908 2661 939 2686 et
958 2665 1024 2686 non
1048 2655 1108 2685 sub
1132 2665 1197 2686 una
1220 2655 1342 2686 ratione

262 2698 403 2734 formali,
424 2698 480 2728 sed
503 2697 643 2728 duabus:
669 2705 700 2730 et
722 2698 851 2739 proprie
879 2709 947 2730 non
976 2699 1259 2740 comprehenderet
1281 2701 1340 2730 sub

267 2753 300 2774 se
323 2749 507 2783 utrumque,
534 2749 570 2773 ut
592 2742 625 2772 in
655 2742 757 2774 littera
785 2743 916 2780 dicitur,
946 2744 1002 2775 sed
1034 2751 1282 2784 componeretur
1305 2754 1342 2775 ex

266 2791 415 2828 utroque.
432 2787 474 2818 Et
496 2796 654 2827 quorsum
677 2787 757 2818 ratio
781 2788 820 2819 de
842 2788 1004 2820 identitate
1033 2788 1180 2820 scientiae
1204 2788 1263 2820 Dei
1287 2790 1341 2819 ad-

242 2864 247 2867 ,
267 2833 363 2864 ducta
384 2837 465 2862 esset
488 2831 521 2861 in
546 2829 671 2863 littera?

323 2876 364 2908 Et
379 2882 414 2907 ut
423 2875 530 2907 omnis
548 2876 667 2907 horum
683 2883 852 2908 evacuetur
867 2877 1040 2917 phantasia,
1052 2877 1178 2908 videant
1193 2884 1342 2908 sanctum

267 2920 432 2952 Thomam
445 2920 487 2951 11⁸
501 2919 566 2957 11²²,
582 2931 637 2962 qu.
649 2931 719 2958 va,
737 2927 792 2952 art.
812 2922 840 2958 3,
858 2922 897 2952 ad
915 2932 940 2958 1,
954 2922 1009 2952 ubi
1025 2932 1169 2962 expresse
1184 2921 1276 2962 ponit
1291 2932 1340 2952 sa-

266 2965 421 3006 pientiam
436 2964 577 2996 infusam
591 2975 658 2996 esse
675 2965 793 2996 altioris
809 2965 928 2997 ordinis
944 2976 1043 3007 quam
1056 2966 1095 2997 sit
1110 2966 1342 3007 speculativum

268 3016 299 3041 et
313 3009 498 3050 practicum,
516 3010 628 3042 eadem
643 3010 765 3041 ratione
780 3020 879 3051 quam
895 3010 946 3041 hic
962 3011 1111 3042 assumit:
1132 3010 1207 3051 quia
1226 3010 1343 3041 scilicet

267 3060 390 3094 quanto
408 3060 455 3085 est
472 3054 565 3086 altior
587 3055 676 3091 ratio,
697 3061 786 3086 tanto
810 3055 850 3085 ad
872 3055 965 3095 plura
987 3065 1020 3086 se
1044 3055 1181 3086 extendit
1196 3065 1261 3086 una
1280 3055 1340 3086 exi-

266 3105 363 3129 stens.
383 3098 426 3130 Et
447 3098 574 3131 affertur
589 3099 649 3130 alia
667 3099 760 3130 ratio:
787 3099 862 3140 quia
877 3099 994 3131 scilicet
1013 3100 1075 3131 hoc
1094 3099 1229 3140 pertinet
1243 3100 1283 3130 ad
1299 3099 1342 3130 di-

2425 228 2467 263 15

1399 301 1561 341 gnitatem.
1579 302 1664 333 Cum
1681 313 1755 343 ergo
1774 304 1832 334 ista
1849 305 1976 336 scientia
1992 306 2031 337 sit
2047 306 2238 346 dignissima,
2253 314 2288 338 ut
2307 307 2424 347 patebit
2435 307 2466 343 *;

1400 353 1430 376 et
1448 346 1561 377 habeat
1584 347 1741 377 rationem
1758 358 1855 378 unam
1880 360 2086 380 communem
2111 351 2261 381 omnibus
2277 352 2420 391 practicis
2438 359 2468 383 et

1399 390 1616 430 speculativis;
1642 397 1672 422 et
1691 391 1730 422 sit
1749 391 1846 422 divini
1866 394 2000 424 ordinis:
2022 395 2156 425 tenebris
2176 395 2295 426 involvi
2319 406 2401 436 opus
2421 402 2468 426 est

1399 445 1483 471 eum,
1499 435 1555 476 qui
1572 435 1660 466 aliter
1675 435 1896 476 interpretatur
1912 447 1983 468 earn
1998 439 2264 479 comprehendere
2283 446 2456 481 utrumque

1399 489 1497 520 quam
1513 486 1549 510 ut
1564 479 1693 510 scientia
1707 479 1826 510 altioris
1841 481 2093 514 ordinis.-Patet
2112 483 2207 514 etiam
2230 484 2315 514 idem
2331 494 2368 514 ex
2384 485 2468 514 calce

1398 524 1612 564 praecedentis
1636 523 1778 555 articuli:
1809 525 1864 555 ubi
1888 535 2030 566 expresse
2058 527 2134 557 haec
2159 528 2300 558 doctrina
2329 528 2368 558 ad
2392 528 2467 558 alias

1398 568 1542 599 scientias
1558 568 1802 608 proportionem
1817 569 1930 599 habere
1953 570 2066 600 dicitur
2090 571 2171 602 sicut
2194 582 2304 602 sensus
2324 582 2468 603 commu-

1398 612 1446 642 nis
1457 613 1497 643 ad
1509 622 1620 643 sensus
1634 612 1795 653 proprios;
1814 619 1845 644 et
1860 613 1932 644 ideo
1948 624 2013 644 non
2029 615 2227 646 diversificari
2240 626 2276 646 ex
2289 616 2467 647 differentiis

1398 657 1598 688 obiectorum
1617 667 1736 693 earum,
1754 664 1866 696 utpote
1882 658 2000 688 altioris
2016 659 2146 690 ordinis.
2164 661 2204 690 Et
2226 660 2364 700 tangitur
2384 667 2466 691 utra-

1398 711 1462 742 que
1484 701 1563 732 ratio
1587 701 1639 732 hic
1662 701 1827 741 assignata,
1849 708 1879 732 et
1895 711 1932 732 ex
1955 709 2042 742 parte
2066 703 2160 734 unius
2180 704 2308 735 rationis
2325 704 2466 735 formalis

1398 745 1535 782 altioris,
1561 752 1591 776 et
1614 755 1651 776 ex
1674 752 1762 786 parte
1784 745 1969 776 imitationis
1985 746 2108 777 divinae
2131 748 2293 779 scientiae:
2310 749 2386 789 quia
2409 749 2466 780 sci-

1397 790 1470 821 licet
1492 797 1539 821 est
1561 789 1729 830 impressio
1753 796 1784 820 et
1806 789 1952 830 sigillatio
1972 791 2101 831 propria
2124 791 2216 827 illius,
2234 802 2315 833 quae
2335 800 2380 823 est
2403 803 2467 823 una

1398 842 1429 866 et
1451 835 1595 875 simplex,
1620 844 1686 864 non
1715 844 1771 874 per
1794 834 2059 874 aggregationem,
2084 836 2240 866 omnium.

1453 879 1536 910 VIII.
1552 879 1618 909 Nec
1628 879 1732 909 obstat
1746 879 1942 918 comparatio
1957 879 2124 910 subiuncta
2138 880 2170 910 in
2185 880 2323 910 secunda
2338 880 2465 911 conclu-
2479 908 2481 910 .

1397 924 1487 954 sione
1502 923 1529 954 *.
1554 923 1719 960 Quoniam
1742 932 1817 953 cum
1835 923 1897 953 hoc
1913 924 2003 963 quod
2026 931 2072 954 est
2095 924 2268 954 eminenter
2284 931 2466 965 utrumque,

1398 974 1458 998 stat
1481 968 1570 1008 quod
1591 967 1630 998 sit
1650 966 1824 998 formaliter
1847 974 2033 1008 utrumque:
2058 967 2139 998 sicut
2159 969 2208 999 sol
2230 975 2276 999 est
2295 968 2468 999 eminenter

1398 1011 1596 1043 calefactivus
1612 1018 1643 1042 et
1659 1011 1870 1048 exsiccativus,
1888 1018 1918 1042 et
1932 1018 2038 1042 tamen
2056 1011 2241 1048 formaliter;
2265 1019 2296 1043 et
2311 1012 2397 1043 Deus
2423 1019 2468 1043 est

1398 1056 1572 1087 eminenter
1595 1055 1772 1096 intelligens
1796 1062 1826 1086 et
1841 1056 1952 1086 volens
1976 1062 2007 1086 et
2030 1065 2197 1097 exequens,
2222 1063 2253 1087 et
2276 1063 2382 1087 tamen
2405 1056 2466 1087 for-

1398 1100 1530 1131 maliter.
1554 1100 1621 1130 Nec
1643 1099 1778 1131 intendit
1801 1100 1887 1130 aliud
1911 1110 1967 1140 per
1989 1100 2077 1130 illam
2096 1100 2382 1141 comparationem,
2408 1101 2467 1131 nisi

1397 1145 1487 1186 quod
1510 1144 1639 1175 scientia
1662 1144 1853 1184 speculativa
1874 1144 1974 1184 magis
1991 1144 2110 1175 accedit
2124 1146 2163 1175 ad
2182 1152 2327 1176 naturam
2343 1145 2466 1176 theolo-

1397 1189 1466 1230 giae
1483 1198 1582 1229 quam
1597 1188 1747 1228 practica:
1760 1188 1841 1219 sicut
1856 1188 1882 1218 si
1898 1188 2074 1220 diceremus
2091 1190 2179 1230 quod
2197 1199 2306 1220 sensus
2322 1199 2466 1220 commu—

1398 1233 1446 1264 nis
1458 1233 1559 1273 magis
1575 1233 1670 1263 habet
1685 1233 1724 1263 de
1748 1239 1859 1263 natura
1877 1233 1964 1263 visus
1979 1243 2077 1274 quarn
2096 1233 2233 1270 auditus,
2254 1244 2364 1264 sensus
2387 1241 2467 1264 esset

1397 1278 1487 1318 quod
1510 1276 1709 1308 conditiones
1731 1276 1817 1307 visus
1841 1284 1871 1308 et
1894 1287 2005 1308 sensus
2029 1278 2210 1309 communis
2234 1278 2334 1318 magis
2354 1288 2466 1308 conve-

1397 1322 1490 1352 niunt
1505 1331 1603 1363 quam
1623 1320 1821 1352 conditiones
1844 1321 1971 1352 auditus
1996 1328 2026 1352 et
2049 1332 2160 1353 sensus
2185 1323 2375 1353 communis.
2400 1323 2466 1353 Nec

1397 1376 1487 1398 secus
1503 1373 1550 1397 est
1565 1365 1598 1396 in
1611 1365 1789 1406 proposito.
1799 1383 1816 1388 -
1826 1366 1891 1396 Nec
1906 1366 2001 1396 etiam
2018 1366 2121 1397 obstat
2136 1367 2162 1397 si
2181 1367 2296 1398 alicubi
2313 1366 2330 1386 *
2340 1373 2466 1397 sanctus

1397 1411 1542 1442 Thomas
1558 1410 1633 1441 dicit
1653 1410 1743 1450 quod
1759 1416 1806 1440 est
1821 1410 2003 1450 simpliciter
2022 1411 2223 1451 speculativa,
2244 1418 2274 1442 et
2290 1411 2466 1442 secundum

1396 1455 1475 1496 quid
1493 1454 1639 1496 practica.
1663 1454 1835 1491 Quoniam.
1848 1454 1930 1485 ratio
1955 1455 2029 1485 dicti
2053 1463 2112 1492 est,
2137 1455 2212 1496 quia
2235 1456 2466 1496 speculativum

1396 1506 1489 1530 sonat
1513 1498 1719 1530 differentiam
1743 1498 1914 1539 perfectam
1934 1499 2090 1536 scientiae,
2110 1500 2284 1540 practicum
2308 1510 2384 1530 vero
2408 1500 2466 1530 mi—

1395 1555 1456 1575 nus
1472 1543 1658 1584 perfectam;
1677 1549 1707 1574 et
1719 1543 1917 1574 conditiones
1934 1544 2144 1584 speculativae
2157 1544 2257 1585 magis
2272 1544 2467 1575 conveniunt

1395 1596 1461 1620 tam
1478 1587 1639 1619 excellenti
1655 1587 1810 1623 scientiae,
1828 1598 1926 1628 quam
1950 1588 2147 1620 conditiones
2162 1589 2324 1629 practicae.
2344 1589 2466 1620 Dicitur

1395 1643 1470 1674 ergo
1483 1632 1676 1674 speculativa
1690 1631 1882 1671 simpficiter,
1898 1632 1979 1664 idest
1995 1632 2062 1663 sine
2081 1633 2241 1664 additione
2256 1633 2371 1674 aliqua,
2389 1633 2465 1674 quia

1394 1685 1440 1709 est
1463 1677 1638 1708 formaliter
1660 1676 1862 1717 speculativa,
1883 1677 2057 1708 eminenter
2080 1684 2197 1709 tamen.
2214 1677 2336 1708 Dicitur
2358 1685 2465 1709 autem

1394 1722 1530 1763 practica
1552 1721 1730 1752 secundum
1753 1721 1840 1762 quid,
1861 1728 1891 1752 et
1914 1731 1979 1752 non
1999 1722 2152 1758 absolute,
2169 1732 2208 1752 ne
2223 1722 2314 1760 detur
2333 1722 2464 1763 intelligi

1393 1767 1483 1809 quod
1506 1766 1546 1797 sit
1568 1765 1697 1797 scientia
1719 1765 1918 1805 imperfecta;
1944 1766 2052 1807 quales
2072 1773 2147 1797 sunt
2169 1756 2240 1797 illae
2265 1777 2347 1808 quae
2371 1767 2463 1807 abso7

1393 1812 1459 1843 lute
1483 1810 1632 1841 dicuntur
1654 1809 1818 1850 practicae.

1448 1856 1515 1886 Nec
1530 1854 1623 1885 refert
1638 1854 1678 1885 ad
1691 1854 1906 1898 propositum,
1924 1865 1964 1885 an
1981 1861 2119 1895 ponatur
2132 1855 2259 1886 habitus
2274 1854 2462 1895 theologiae,

1393 1907 1424 1931 et
1439 1898 1656 1930 universaliter
1678 1898 1834 1935 scientiae,
1859 1908 1943 1929 unus
1962 1906 2092 1939 propter
2110 1899 2344 1940 simplicitatem
2363 1900 2466 1941 quali-

1393 1944 1482 1980 tatis;
1516 1954 1556 1974 an
1580 1953 1664 1974 unus
1692 1950 1821 1983 propter
1843 1943 1997 1974 unitatem
2026 1943 2144 1974 ordinis
2172 1944 2349 1984 specierum
2372 1944 2463 1975 intel-

1392 1988 1571 2029 ligibilium.
1602 1988 1747 2028 Utroque
1771 1997 1910 2028 namque
1934 1988 2034 2018 modo
2058 1994 2184 2028 oportet
2207 1988 2325 2019 altioris
2347 1989 2463 2028 gradus

1394 2043 1460 2064 esse
1474 2032 1525 2063 vel
1541 2031 1687 2063 ordinem
1709 2031 1760 2062 vel
1779 2031 1973 2072 qualitatem,
1990 2042 2089 2073 quam
2108 2033 2147 2063 sit
2162 2033 2242 2063 ordo
2258 2039 2313 2064 aut
2329 2033 2463 2073 qualitas

1394 2077 1589 2108 constituens
1612 2075 1839 2117 speculativam
1867 2076 2046 2112 distinctam
2070 2083 2179 2108 contra
2201 2077 2381 2117 practicam,
2398 2084 2428 2108 et
2448 2087 2464 2107 e

1395 2131 1561 2153 converso.

1449 2166 1502 2197 IX.
1527 2165 1710 2196 Secundum
1726 2163 1744 2183 *
1765 2170 1829 2199 est,
1855 2165 1944 2205 quod
1969 2174 2005 2195 ex
2032 2165 2090 2195 hac
2114 2165 2274 2205 positione
2300 2165 2464 2196 manifeste

1394 2216 1525 2251 apparet
1539 2209 1629 2250 quod
1645 2218 1703 2239 nec
1719 2218 1756 2238 ex
1771 2218 1810 2239 eo
1827 2209 1917 2249 quod
1940 2209 2139 2239 conditiones
2154 2209 2300 2240 scientiae
2323 2210 2465 2250 specula-

1395 2255 1486 2291 tivae,
1504 2264 1561 2285 nec
1580 2264 1617 2284 ex
1640 2263 1680 2284 eo
1703 2252 1793 2294 quod
1816 2252 2015 2284 conditiones
2043 2253 2189 2285 scientiae
2213 2253 2366 2294 practicae
2391 2265 2465 2285 con-

1395 2299 1527 2330 veniunt
1541 2298 1616 2329 huic
1633 2297 1788 2333 scientiae,
1806 2303 1911 2338 potest
1924 2297 2043 2336 inferri,
2058 2308 2138 2340 ergo
2157 2299 2318 2339 theologia
2335 2304 2381 2329 est
2396 2309 2465 2339 spe-

1396 2344 1548 2382 culativa,
1573 2349 1637 2379 aut,
1655 2352 1734 2383 ergo
1758 2346 1805 2372 est
1823 2343 1984 2382 practica,
2000 2349 2036 2373 ut
2059 2353 2123 2373 una
2138 2342 2342 2383 distinguitur
2356 2350 2466 2374 contra

1395 2388 1508 2419 aliam:
1538 2387 1607 2423 sed,
1632 2396 1712 2428 ergo
1736 2391 1783 2417 est
1804 2386 2000 2427 speculativa
2029 2387 2079 2418 vel
2102 2388 2278 2418 eminenter
2300 2389 2466 2418 continens

1396 2434 1554 2464 rationem
1578 2431 1811 2472 speculativae;
1835 2437 1865 2461 et
1888 2431 2045 2467 similiter,
2071 2441 2150 2472 ergo
2174 2437 2220 2462 est
2243 2433 2390 2471 practica
2415 2432 2466 2462 vel

1396 2478 1574 2508 eminenter
1596 2477 1762 2507 continens
1784 2477 1941 2506 rationem
1959 2476 2144 2515 practicae;
2168 2482 2199 2506 et
2213 2475 2364 2512 similiter,
2385 2485 2464 2517 ergo

1396 2527 1443 2553 est
1465 2521 1615 2562 affectiva
1647 2521 1697 2551 vel
1718 2522 1895 2551 eminenter
1917 2521 2081 2550 continens
2104 2521 2260 2550 rationem
2285 2519 2462 2560 affectivae.

1395 2566 1489 2598 Unde
1505 2565 1641 2596 rationes
1657 2564 1743 2596 Scoti
1758 2565 1791 2595 in
1807 2564 1956 2604 Prologo,
1974 2574 2029 2605 qu.
2042 2574 2082 2600 iv,
2103 2574 2140 2594 ex
2159 2563 2342 2595 definitione
2366 2564 2463 2595 scien-

1395 2611 1455 2642 tiae
1480 2609 1633 2651 practicae
1666 2615 1696 2640 et
1719 2619 1756 2639 ex
1779 2609 1903 2639 obiecto
1936 2608 2032 2639 huius
2060 2608 2205 2639 scientiae
2230 2607 2319 2651 (quia
2348 2608 2464 2639 scilicet

1395 2665 1432 2686 ex
1447 2665 1486 2686 eo
1502 2660 1674 2685 sumuntur
1692 2653 1847 2694 principia
1862 2652 2037 2693 regulantia
2055 2653 2187 2693 praxim,
2205 2659 2236 2684 et
2250 2652 2460 2695 huiusmodi),

1395 2710 1462 2730 non
1487 2698 1684 2730 concludunt
1706 2707 1777 2727 eam
1801 2707 1867 2728 esse
1883 2697 2066 2737 practicam:
2091 2697 2146 2728 sed
2165 2698 2190 2728 si
2206 2697 2319 2733 valent,
2338 2697 2464 2728 conclu-

1395 2744 1484 2780 dunt,
1510 2750 1545 2774 ut
1561 2743 1682 2773 dictum
1698 2748 1754 2778 est,
1779 2752 1848 2773 eam
1869 2751 1935 2772 esse
1950 2741 2000 2772 vel
2016 2741 2195 2782 practicam,
2215 2742 2266 2772 vel
2290 2742 2464 2772 eminenter

1396 2788 1557 2819 continere
1579 2786 1735 2817 rationem
1759 2786 1921 2827 practicae.
1936 2803 1955 2810 -
1967 2786 2009 2817 Et
2027 2793 2209 2827 propterea,
2230 2793 2264 2817 tu
2284 2786 2340 2827 qui
2354 2786 2463 2826 dispu-

1395 2832 1568 2864 tationibus
1592 2841 1693 2867 vacas,
1720 2837 1806 2862 utere
1833 2838 1864 2862 et
1886 2830 1945 2861 hac
1969 2831 2185 2871 responsione,
2209 2837 2239 2862 et
2264 2830 2463 2861 distinctione

1394 2877 1449 2907 illa
1472 2877 1511 2906 de
1532 2876 1683 2916 praecise
1710 2882 1741 2906 et
1763 2885 1826 2906 non
1850 2876 2001 2916 praecise
2024 2875 2102 2913 tali,
2128 2882 2206 2916 puta
2228 2875 2337 2915 regula
2359 2875 2463 2915 operis

1395 2931 1451 2952 seu
1471 2920 1636 2961 speculari,
1654 2927 1711 2951 etc.
1732 2919 1831 2957 Quod
1847 2919 1933 2950 enim
1949 2927 1995 2950 est
2013 2919 2151 2960 praecise
2167 2919 2237 2955 tale,
2256 2925 2303 2950 est
2325 2925 2380 2949 aut
2394 2929 2463 2959 pra-

1396 2965 1513 2997 cticum
1546 2971 1600 2995 aut
1623 2964 1872 3004 speculativum;
1898 2964 1987 3005 quod
2010 2970 2118 2995 autem
2141 2970 2187 2994 est
2213 2964 2292 2999 tale,
2319 2963 2374 2994 sed
2397 2973 2462 2993 non

1395 3009 1542 3051 praecise,
1560 3015 1606 3039 est
1628 3008 1707 3050 quid
1730 3008 1833 3045 altius,
1853 3015 1889 3039 ut
1911 3015 1996 3049 patet
2020 3018 2055 3038 ex
2080 3007 2179 3038 dictis.

1449 3055 1537 3085 quta
1560 3053 1636 3084 haec
1659 3059 1801 3084 remanet
1823 3053 1966 3094 quaestio
2000 3052 2142 3093 specialis
2166 3052 2204 3082 de
2234 3051 2320 3092 praxi
2344 3058 2374 3082 et
2396 3061 2463 3092 pra-

1397 3098 1487 3135 ctice,
1513 3108 1658 3129 seorsum
1681 3097 1835 3128 habenda.

2499 314 2507 322 ’
2522 312 2572 334 Art.
2588 319 2638 340 seq.

2496 932 2504 941 ·
2520 931 2556 953 Cf.
2570 938 2634 954 num.
2644 938 2676 954 vr.

2494 1377 2502 1384 ·
2514 1376 2654 1403 Ρτο1.8ιήί.,
2663 1381 2706 1399 art.

2493 1408 2512 1430 3,
2524 1406 2565 1430 qu·
2577 1409 2593 1424 1.

2493 2175 2500 2182 ·
2517 2173 2552 2195 Cf.
2567 2178 2635 2194 num.
2650 2178 2691 2194 vu.
