2768 4178
56 1364 67 1374 ⁸
81 1363 117 1386 Cf.
133 1362 244 1384 num.'11¹.

57 1413 66 1421 '¹
82 1412 118 1433 Cf.
133 1417 198 1433 num.
212 1418 243 1433 ιν.

58 1458 66 1465 ·
82 1455 118 1477 Cf.
134 1461 198 1477 num.
211 1461 256 1476 xiv.

57 1500 66 1509 ·
82 1499 119 1520 Cf.
134 1505 198 1521 num.
212 1505 270 1520 xvn.

60 2343 70 2353 ⁸
90 2342 143 2364 nid.
166 2342 206 2364 nb.
228 2342 272 2370 xi,

60 2375 112 2397 cap.
126 2375 148 2396 x,
164 2375 187 2390 n.
203 2375 219 2391 1.

65 3536 117 3563 *ca
136 3547 190 3563 ,η
204 3553 213 3557 -
224 3541 277 3563 nid.

64 3567 106 3589 lib.
128 3567 161 3592 V,
178 3574 228 3596 cap.
239 3574 279 3595 xv,

65 3600 88 3615 n.
101 3600 116 3615 Ι.

308 256 379 302 154

300 334 518 370 lativorum.
550 332 590 370 Si
611 332 712 369 enim
731 344 853 369 unum
875 332 913 369 in
935 332 993 369 sui
1013 332 1203 370 intellectu
1224 332 1375 369 claudat

301 386 403 424 aliud
424 394 460 423 et
480 399 500 422 e
521 398 722 432 converso,
744 393 835 423 tunc
855 393 942 423 sunt
962 386 1074 423 simul
1094 394 1245 423 natura:
1280 385 1375 422 sicut

302 440 461 489 duplum
490 447 526 476 et
550 439 750 476 dimidium
770 445 795 485 τ,
817 447 926 488 pater
954 447 991 476 et
1022 439 1135 486 filius,
1158 446 1194 475 et
1226 438 1372 476 similia.

301 493 341 530 Si
370 501 498 530 autem
530 504 652 529 unum
681 491 720 529 in
749 493 806 529 sui
835 492 1026 530 intellectu
1065 492 1216 529 claudat
1249 492 1373 540 aliud,

302 554 338 583 et
365 558 444 583 non
473 559 494 583 e
524 558 726 592 converSO,
755 554 846 583 tunc
875 559 955 583 non
984 553 1071 583 sunt
1090 545 1204 582 simul
1226 552 1372 582 natura.

300 600 350 636 Et
377 600 453 636 hoc
480 599 600 636 modo
630 612 671 636 se
699 599 843 636 habent
866 599 1022 637 scientia
1042 606 1078 635 et
1097 598 1238 636 scibile.
1268 599 1372 635 Nam

300 652 429 689 scibile
447 652 583 690 dicitur
597 653 812 690 secundum
827 652 1055 702 potentiam:
1073 651 1229 689 scientia
1243 659 1372 689 autem

299 706 513 743 secundum
542 706 727 754 habitum,
757 707 819 744 vel
847 706 1060 744 secundum
1091 713 1231 742 actum.
1262 705 1373 742 Unde

299 759 428 796 scibile
448 765 481 806 ⁰,
512 760 725 797 secundum
755 760 918 797 modum
947 772 1037 796 suae
1068 758 1373 807 significationis,

323 936 328 942 .
353 901 378 933 τ)
398 901 508 933 duplum
528 905 554 926 er
573 901 723 926 dimidium.
742 915 761 920 -
779 901 890 933 duplum
916 900 1058 925 dimidium
1078 899 1137 929 FG,
1158 898 1268 930 duplum
1295 898 1373 922 dimi-

299 937 378 1004 dmiil)
392 937 527 997 {bilaig-
545 972 606 997 Om.
620 972 767 1001 ABCDEG,
788 977 846 996 ante
862 971 1029 1004 praeexistit
1047 971 1121 1003 ponit
1140 970 1181 994 ed.
1194 977 1226 998 a,·
1244 972 1334 994 actum

297 1008 442 1032 secundum
461 1015 514 1032 om.
534 1007 581 1040 pF.

995 255 1264 302 QUAESTIO
1294 256 1395 303 xm,
1425 255 1724 293 ART1cuLus
1753 255 1822 292 v11

1431 333 1648 381 praeexistit
1676 333 1865 371 scientiae.
1896 333 1974 370 Sed
2002 334 2033 370 si
2061 333 2268 383 accipiatur
2295 333 2426 372 scibile
2445 346 2503 372 se-

1432 386 1602 423 cundum
1630 394 1772 433 actum,
1802 395 1892 424 tunc
1921 395 1977 424 est
2005 387 2116 424 simul
2146 400 2234 424 cum
2263 388 2418 425 scientia
2445 400 2503 425 se-

1433 439 1602 477 cundum
1631 447 1780 477 actum:
1811 452 1902 478 nam
1931 440 2067 477 scitum
2095 453 2174 478 non
2195 449 2250 478 est
2274 441 2413 490 aliquid
2432 441 2502 478 nisi

1431 492 1477 529 sit
1506 493 1586 530 eius
1615 493 1781 530 scientia.
1812 493 1918 531 Licet
1945 494 2057 542 igitur
2085 495 2191 531 Deus
2212 494 2258 531 sit
2275 494 2380 543 prior
2399 507 2502 532 crea-

1429 546 1533 594 turis,
1560 546 1648 595 quia
1676 554 1806 583 tamen
1825 546 1864 584 in
1884 547 2157 595 significatione
2179 547 2338 585 Domini
2362 547 2502 585 claudi-

1431 607 1492 636 tur
1511 600 1616 648 quod
1635 600 1776 637 habeat
1795 613 1964 649 servum,
1986 608 2023 638 et
2043 614 2062 638 e
2084 613 2286 648 converSO,
2307 601 2377 638 ista
2392 606 2407 631 P
2423 601 2501 638 duo

1431 653 1603 700 relativa,
1633 653 1823 690 Dominus
1853 661 1889 691 et
1917 667 2067 702 servus,
2098 662 2185 692 sunt
2213 655 2326 692 simul
2354 662 2500 692 natura.

1430 706 1543 743 Unde
1559 707 1666 743 Deus
1685 719 1764 744 non
1785 706 1853 744 fuit
1871 707 2075 756 Dominus,
2093 713 2328 758 antequam⁷<
2343 708 2501 745 haberet

1431 767 1643 796 creaturam
1673 759 1744 796 sibi
1772 760 1993 798 subiectam.

1484 898 1511 932 φ)
1532 898 1594 924 ista.
1611 912 1630 918 —
1647 900 1713 925 haec
1731 901 1767 931 B,
1793 906 1853 933 post
1872 901 1925 926 duo
1944 902 2017 935 ponit
2036 903 2072 934 G,
2096 910 2150 928 om.
2169 903 2309 928 ACDEFa.
2327 917 2345 922 -
2364 903 2432 928 Ante
2445 903 2502 928 Do-

1429 933 1517 958 minus
1536 934 1557 958 B
1576 934 1646 959 addit
1664 935 1774 961 scilicet.

1482 969 1511 1003 χ)
1532 969 1672 1000 Dominus,
1687 974 1840 1003 antequam.
1859 985 1879 991 -
1897 976 1960 997 ante
1979 973 2112 999 Dominus
2129 981 2209 1007 quam
2228 974 2328 999 ABDE.
2341 988 2362 994 -—
2373 974 2424 999 sibi
2441 979 2503 1006 post

1428 1004 1539 1030 haberet
1557 1010 1658 1037 ponunt
1675 1005 1730 1036 ΡΟ,
1749 1014 1803 1032 om.
1823 1007 1910 1033 ceteri.

988 1093 1322 1126 Commentario.
1345 1091 1596 1125 Car-ainans
1618 1092 1819 1130 Caietani

359 1192 465 1212 nutus
490 1181 591 1212 clarus
620 1188 666 1212 est
690 1181 923 1222 exemplariter:
956 1181 1074 1212 scilicet
1095 1182 1274 1219 Dominus,
1299 1181 1372 1212 Sal-

300 1194 453 1257 Tvator
476 1233 506 1256 et
533 1226 682 1264 Creator,
701 1233 759 1257 etc.

353 1271 390 1301 In·
405 1280 538 1310 corpore
555 1270 698 1311 quinque
715 1270 804 1301 facit:
830 1270 945 1310 primo,
962 1270 1114 1311 proponit
1131 1270 1372 1301 conclusionem

298 1315 517 1355 responsivam
534 1315 697 1356 quaesito;
722 1315 874 1351 secundo,
900 1315 1018 1345 claudit
1034 1315 1175 1355 amplam
1190 1314 1275 1345 viam
1298 1325 1371 1355 pro-

298 1359 393 1390 bandi
409 1359 651 1390 conclusionem
664 1358 696 1395 ἢ
718 1359 820 1395 tertio,
836 1359 894 1390 ibi:
921 1359 1148 1398 Veruntamen,
1166 1369 1273 1390 veram
1287 1359 1371 1390 viam

299 1404 478 1445 aggreditur
491 1404 523 1440 *;
549 1411 672 1444 quarm,
694 1403 754 1434 ibi:
778 1404 858 1434 Cum
877 1405 980 1445 igitur
994 1404 1095 1442 Deus,
1114 1404 1228 1444 probat
1243 1404 1372 1435 conclu-

299 1448 468 1484 sionem*;
493 1447 616 1489 quinto,
634 1447 692 1478 ibi:
718 1457 781 1479 non
799 1453 937 1489 propter
960 1449 1116 1489 aliquam,
1137 1449 1276 1480 excludit
1298 1449 1372 1480 taci-

299 1500 364 1524 tam
388 1492 602 1523 obiectionem
617 1492 643 1523 *.
1135 1532 1138 1534 v

305 1576 307 1578 ‚
356 1537 393 1568 11.
419 1537 538 1574 Quoad
555 1538 720 1577 primum,
747 1536 910 1568 conclusio
939 1537 1124 1577 responsiva
1151 1537 1296 1578 quaesito
1327 1544 1373 1569 est

299 1581 484 1613 affirmativa
508 1587 539 1612 et
561 1581 770 1621 particularis,
803 1581 935 1612 scilicet:
962 1581 1129 1619 Quaedam
1154 1581 1286 1612 nomina
1313 1581 1372 1612 im-

299 1626 458 1668 portantia
473 1625 660 1656 relationem
675 1626 715 1655 ad
731 1632 897 1662 creaturas,
915 1625 1065 1657 dicuntur
1084 1626 1122 1657 de
1138 1626 1208 1657 Deo
1233 1636 1270 1656 ex
1294 1633 1372 1657 tem-

322 1681 387 1702 ore.

299 1682 320 1712 p
356 1715 408 1746 Ill.
432 1715 551 1752 Quoad
572 1715 767 1752 secundum,
795 1715 874 1746 scito
898 1714 987 1755 quod
1010 1714 1087 1746 haec
1111 1715 1275 1746 conclusio
1299 1715 1372 1746 ideo

300 1759 517 1790 difficultatem
541 1758 682 1800 aliquam
704 1759 819 1790 habere
841 1759 980 1795 videtur,
1007 1759 1082 1801 quia
1106 1759 1193 1790 nulla
1217 1770 1265 1790 res
1289 1770 1373 1791 nova

300 1810 404 1845 potest
426 1804 496 1834 Deo
520 1803 685 1834 advenire:
711 1810 741 1834 et
764 1811 949 1844 propterea,
979 1803 1005 1834 si
1027 1803 1215 1834 huiusmodi
1239 1805 1373 1835 nomina

300 1859 366 1879 non
390 1855 517 1888 ponunt
540 1857 608 1878 rem
631 1847 772 1888 aliquam
792 1848 909 1879 realem
932 1848 966 1878 in
989 1849 1074 1885 Deo,
1100 1848 1187 1879 nulla
1211 1848 1269 1880 erit
1292 1848 1372 1879 diffi-

300 1893 415 1929 cultas;
441 1892 466 1922 si
489 1898 597 1923 autem
620 1899 747 1932 ponunt
763 1902 833 1923 rem
856 1893 983 1929 realem,
1003 1902 1092 1923 secus
1117 1899 1206 1923 esset.
1231 1893 1273 1924 Et
1291 1903 1372 1934 quo-

299 1937 386 1968 niam
409 1936 511 1967 littera
533 1936 668 1967 intendit
691 1937 824 1977 probare
849 1937 1091 1968 conclusionem
1111 1947 1148 1967 ex
1166 1937 1229 1968 hoc
1253 1938 1371 1974 medio,

299 1981 416 2012 scilicet
438 1980 514 2022 quia
537 1991 603 2011 non
627 1987 755 2021 ponunt
774 1981 810 2012 in
834 1982 904 2012 Deo
929 1981 987 2012 nisi
1011 1981 1199 2012 relationem
1222 1982 1371 2019 rationis;

267 2060 269 2062 ,
298 2026 416 2056 idcirco
440 2025 637 2065 amplissima
653 2025 703 2055 via
718 2035 800 2066 quae
825 2026 864 2056 ad
883 2026 946 2057 hoc
971 2026 1077 2057 statim
1095 2026 1238 2063 ducebat,
1256 2026 1373 2058 scilicet

300 2070 390 2101 nulla
415 2070 531 2101 relatio
554 2075 601 2100 est
624 2079 677 2100 res
701 2075 851 2107 naturae,
872 2070 947 2112 quia
971 2080 1101 2101 erronea
1120 2078 1175 2107 est,
1196 2071 1302 2102 statim
1322 2082 1372 2102 ex-

300 2115 386 2146 clusa
410 2122 465 2146 est.
493 2114 534 2145 Et
558 2115 619 2145 hoc
643 2121 689 2145 est
711 2114 865 2155 primurn.

354 2159 515 2189 Recitatur
538 2166 645 2189 autem
669 2159 718 2190 hic
743 2169 828 2189 error
851 2160 890 2190 ab
914 2162 1064 2196 Averroe,
1089 2159 1146 2190 XII
1172 2161 1370 2201 Metaphys„

301 2213 418 2234 comm.
439 2212 504 2233 xxx:
530 2203 777 2244 confutaturque
800 2203 868 2239 hic,
893 2204 947 2234 sic.
980 2204 1042 2234 Res
1065 2204 1223 2234 naturales
1256 2205 1373 2236 habent

301 2248 447 2279 ordinem
462 2247 746 2288 habitudinemque
762 2248 938 2278 naturalem
954 2248 994 2278 ad
1009 2247 1160 2278 invicem:
1179 2258 1263 2288 ergo,
1285 2248 1372 2280 Con-

301 2291 465 2333 sequentia
489 2298 584 2332 patet.
616 2292 657 2322 Et
679 2292 867 2323 antecedens
893 2291 1036 2332 (praeter
1060 2292 1251 2323 evidentiam
1274 2303 1373 2334 quarn

302 2337 396 2367 habet
413 2347 449 2367 ex
464 2336 521 2367 ΧΠ
535 2337 719 2377 Metaphys.
733 2335 762 2374 θ,
780 2346 897 2367 comm.
919 2347 971 2373 Lu,
992 2336 1047 2367 ubi
1064 2337 1144 2367 ordo
1161 2337 1299 2368 universi
1316 2338 1372 2368 bo-

301 2391 381 2412 num
405 2380 548 2411 eiusdem
572 2379 702 2424 dicitur)
727 2387 763 2411 ut
786 2390 842 2421 per
865 2391 898 2411 se
922 2380 1128 2412 manifestum
1151 2381 1332 2413 assumitur.
1353 2400 1373 2405 —

301 2426 362 2456 Hic
395 2432 475 2456 esset
503 2425 741 2466 quaerendum,
775 2435 815 2455 an
840 2425 954 2456 dentur
981 2425 1147 2456 relationes
1170 2426 1278 2457 reales.
1311 2426 1373 2458 Sed

301 2470 455 2511 quoniam
479 2470 700 2510 egrederemur
722 2470 879 2510 propositi
902 2469 1032 2506 limites,
1056 2469 1111 2501 fiat
1133 2471 1278 2512 quaestio
1302 2481 1372 2512 spe-

301 2515 396 2546 cialis.

357 2559 409 2590 IV.
431 2559 548 2596 Quoad
570 2559 712 2597 tertium,
738 2558 788 2589 via
811 2558 941 2599 propria
964 2559 1004 2589 ad
1027 2558 1283 2600 investigandum
1307 2570 1373 2591 me-

301 2603 391 2634 dium
416 2602 629 2634 conclusionis
648 2602 839 2639 inferendae,
860 2609 907 2634 est
924 2603 1030 2634 videre
1054 2604 1184 2644 quando
1200 2604 1310 2636 relatio
1327 2612 1374 2636 est

301 2658 350 2678 res
374 2654 517 2684 naturae,
547 2654 577 2678 et
596 2648 726 2688 quando
750 2656 835 2684 non;
864 2655 894 2679 et
923 2648 1008 2678 unde
1031 2647 1126 2679 habet
1149 2649 1238 2690 quod
1262 2649 1302 2680 sit
1325 2659 1372 2680 res

301 2699 441 2728 naturae,
459 2698 489 2723 et
505 2692 590 2722 unde
606 2692 696 2733 quod
712 2702 778 2723 non
795 2692 834 2723 sit
851 2692 910 2722 nisi
927 2692 1067 2723 rationis.
1088 2693 1180 2724 Hanc
1197 2703 1272 2734 ergo
1288 2693 1373 2724 viam

301 2736 527 2777 ingrediendo,
555 2736 599 2767 sic
628 2737 819 2776 proceditur.
851 2737 975 2768 Relatio
1009 2737 1103 2777 exigit
1127 2737 1193 2768 duo
1217 2745 1370 2769 extrema:

302 2790 377 2822 ergo
401 2780 562 2820 tripliciter
577 2788 683 2820 potest
706 2781 839 2812 inveniri
859 2791 907 2812 res
924 2788 1054 2813 naturae
1072 2788 1128 2813 aut
1143 2782 1283 2814 rationis.
1307 2783 1372 2814 Sci-

302 2825 384 2861 licet,
409 2832 464 2856 aut
487 2835 523 2856 ex
547 2832 633 2865 parte
658 2825 824 2867 utriusque
845 2825 902 2857 erit
924 2837 972 2857 res
992 2826 1137 2863 rationis;
1163 2834 1218 2858 aut
1235 2837 1271 2858 ex
1286 2834 1373 2868 parte

303 2869 469 2910 utriusque
493 2869 550 2900 erit
573 2879 620 2899 res
645 2877 788 2906 naturae;
814 2877 868 2901 aut
884 2880 921 2901 ex
940 2871 1035 2902 altera
1058 2879 1107 2901 res
1131 2878 1270 2908 naturae,
1292 2878 1375 2903 etex

303 2914 398 2945 altera
420 2923 469 2944 res
494 2913 633 2944 rationis.

356 2958 555 2989 Antecedens
572 2965 666 2998 patet.
692 2958 930 3000 Consequentia
946 2970 1020 2990 vero
1038 2961 1199 3000 probatur.
1225 2960 1373 2992 Extrema

302 3002 463 3042 tripliciter
476 3002 649 3034 variantur:
675 3003 801 3039 scilicet,
822 3005 911 3044 quod
935 3004 1016 3035 inter
1031 3004 1137 3046 aliqua
1158 3015 1224 3036 non
1240 3005 1300 3036 nisi
1319 3016 1376 3046 per

303 3047 458 3086 rationem
482 3054 529 3078 est
551 3047 722 3084 habitudo;
747 3055 803 3078 aut
825 3048 858 3079 in
882 3055 1019 3090 utroque
1039 3056 1085 3080 est
1104 3059 1152 3080 res
1168 3049 1274 3091 aliqua
1290 3050 1374 3081 unde

303 3092 438 3122 alterum
461 3091 622 3132 respiciat;
647 3099 702 3123 aut
724 3102 826 3123 unum
843 3093 968 3133 respicit
991 3093 1126 3125 alterum
1141 3104 1207 3124 non
1231 3093 1374 3125 eiusdem

303 3135 442 3167 rationis.
460 3154 480 3158 -
495 3138 718 3177 Assumpturn,
743 3137 851 3178 quoad
875 3137 1011 3178 primam
1035 3145 1176 3178 partem,
1201 3138 1376 3170 declaratur

304 3190 340 3210 ex
357 3180 512 3211 contentis
528 3181 587 3212 sub
602 3191 638 3211 ea
652 3180 751 3212 tribus
768 3181 873 3212 modis
892 3182 1113 3213 relativorum:
1135 3182 1262 3221 scilicet,
1279 3183 1375 3224 respi-

305 3224 456 3255 cientium
470 3225 565 3262 idem,
579 3233 610 3256 et
626 3235 692 3256 non
707 3225 840 3261 entium,
857 3233 887 3257 et
902 3226 989 3257 iuxta
1004 3227 1157 3258 secundas
1173 3227 1374 3259 intentiones.

304 3269 366 3299 Ubi
391 3276 482 3306 nota,
508 3270 596 3310 quod
619 3270 653 3300 in
677 3270 782 3311 primo
806 3271 905 3310 gradu
930 3271 1105 3303 intellectus
1130 3271 1203 3303 facit
1226 3278 1373 3308 extrema,

305 3323 371 3343 non
391 3315 488 3352 entia,
509 3314 563 3344 sed
579 3319 736 3353 extrema,
762 3315 841 3346 dum
865 3315 1028 3356 distinguit
1051 3326 1155 3347 unum
1177 3316 1211 3347 in
1234 3317 1318 3348 duo:
1341 3316 1375 3347 in

306 3358 445 3388 secundo
468 3368 561 3395 vero,
586 3358 763 3390 intellectus
787 3358 861 3390 facit
884 3370 987 3390 unum
1011 3367 1189 3392 extremum
1212 3367 1243 3392 et
1265 3371 1321 3392 ens
1345 3367 1376 3392 et

306 3407 491 3433 extremum.
508 3420 528 3425 -
543 3403 660 3440 Quoad
684 3404 855 3434 secundam
879 3414 954 3435 vero
979 3411 1115 3445 partem,
1140 3405 1315 3436 declaratur
1339 3414 1375 3436 ex

306 3445 432 3476 duobus
447 3447 613 3486 generibus
633 3447 838 3479 relativorum
853 3449 912 3479 sub
929 3459 964 3479 ea
983 3456 1224 3480 contentorum:
1249 3449 1374 3485 scilicet,

307 3491 570 3531 consequentium
594 3492 812 3533 quantitatem,
838 3499 869 3524 et
892 3493 1050 3524 actionem
1075 3501 1104 3525 et
1128 3493 1319 3534 passionem,
1340 3500 1375 3524 ut

306 3541 391 3574 patet
415 3534 447 3564 in
471 3535 498 3565 V
523 3536 697 3577 Metaphys
711 3537 739 3568 *.
757 3555 776 3559 -
793 3537 910 3575 Quoad
934 3537 1057 3568 tertiam
1080 3548 1172 3574 vero,
1202 3538 1376 3570 declaratur

306 3578 448 3609 similiter
481 3589 517 3609 ex
546 3580 688 3617 duobus,
723 3581 839 3612 scilicet
870 3592 963 3612 sensu
996 3592 1051 3613 seu
1083 3582 1212 3615 scientia
1238 3589 1313 3619 etc.‚
1345 3588 1376 3613 et

306 3623 414 3654 dextro
439 3622 470 3653 in
496 3623 661 3655 columna:
687 3626 935 3667 auctoritateque
959 3626 1136 3658 Aristotelis
1159 3626 1373 3658 confirmatur.

1482 1181 1520 1212 V.
1541 1181 1602 1212 Hic
1626 1182 1727 1212 multa
1751 1181 1900 1212 dicuntur
1931 1188 2041 1213 contra
2072 1193 2154 1224 quae
2178 1183 2325 1215 obiicitur
2348 1186 2386 1216 ab
2414 1185 2500 1216 aliis:

1427 1233 1506 1266 puta
1529 1227 1619 1267 quod
1641 1226 1723 1257 inter
1746 1236 1801 1257 ens
1825 1233 1856 1257 et
1874 1236 1940 1257 non
1966 1236 2020 1257 ens
2044 1237 2111 1258 non
2135 1234 2182 1259 est
2205 1228 2315 1259 relatio
2340 1229 2447 1266 realis;
2472 1237 2503 1262 et

1427 1271 1516 1311 quod
1540 1271 1621 1302 inter
1644 1271 1804 1302 motivum
1828 1277 1859 1301 et
1881 1270 2001 1301 mobile
2025 1278 2072 1302 est
2094 1272 2204 1303 relatio
2228 1272 2338 1310 realis;
2359 1280 2390 1304 et
2412 1274 2502 1315 quod

1428 1315 1558 1346 scientia
1581 1315 1675 1346 habet
1702 1315 1890 1346 relationem
1913 1315 2030 1346 realem
2054 1316 2093 1346 ad
2117 1316 2235 1348 scibile.
2260 1317 2321 1348 Sed
2346 1318 2504 1361 quoniam

1428 1359 1504 1390 haec
1528 1370 1584 1400 per
1607 1360 1752 1391 accidens
1776 1359 1826 1390 hic
1851 1359 2007 1397 dicuntur,
2026 1360 2099 1391 ideo
2123 1360 2200 1392 fient
2217 1362 2255 1392 de
2278 1361 2327 1392 his
2346 1362 2502 1403 speciales

1429 1405 1643 1445 quaestiones.
1979 1418 1981 1420 ·

1484 1449 1538 1480 VI.
1557 1449 1774 1480 Veruntamen
1794 1459 1897 1480 unum
1922 1449 2012 1492 valde
2037 1450 2174 1481 arduum
2194 1450 2330 1481 dubium
2355 1451 2502 1484 dissimu-

1427 1493 1561 1524 landum
1585 1503 1652 1524 non
1675 1500 1723 1524 est
1746 1493 1826 1524 circa
1844 1493 1899 1524 illa
1922 1495 2016 1525 verba
2041 1494 2171 1531 litterae,
2188 1495 2221 1526 in
2245 1495 2362 1536 quibus
2387 1495 2503 1528 dicitur

1428 1538 1518 1579 quod
1541 1538 1709 1569 relationes
1732 1537 1862 1568 rationis
1886 1537 1920 1568 in
1943 1538 2041 1569 altero
2066 1546 2223 1576 extremo,
2246 1546 2324 1580 puta
2346 1540 2447 1572 scibili
2471 1547 2503 1572 et

1429 1581 1578 1619 sensibili,
1601 1589 1676 1614 sunt
1698 1583 1888 1623 inquantum
1905 1583 2084 1614 intellectus
2100 1584 2310 1624 apprehendit
2331 1594 2369 1615 ea
2385 1590 2420 1616 ut
2438 1590 2502 1616 ter-

1428 1627 1532 1658 minos
1555 1627 1749 1658 relationum
1779 1628 2020 1667 oppositarum,
2043 1634 2122 1667 puta
2152 1628 2300 1660 scientiae
2323 1636 2355 1660 et
2377 1639 2498 1661 sensus.

1427 1671 1484 1702 Est
1507 1678 1615 1702 autem
1639 1671 1776 1702 dubium
1803 1671 1939 1711 duplex:
1964 1672 2070 1712 primo
2094 1672 2174 1703 circa
2207 1683 2338 1704 sensum
2360 1673 2501 1712 litterae,

1428 1715 1542 1746 deinde
1566 1716 1646 1747 circa
1669 1726 1747 1747 rem.
1763 1715 1856 1747 Circa
1871 1726 2002 1747 sensum
2025 1716 2166 1758 quidem,
2187 1727 2228 1748 an
2246 1717 2389 1749 intendat
2411 1719 2502 1760 quod

1429 1760 1652 1791 correlativum
1676 1760 1825 1800 exigatur,
1844 1761 1884 1790 ad
1906 1760 1969 1791 hoc
1986 1767 2022 1791 ut
2043 1767 2220 1792 extremum
2235 1761 2429 1803 intelligatur
2441 1763 2502 1795 sub

1428 1804 1550 1835 ratione
1573 1804 1699 1836 termini
1722 1804 1823 1845 ipsius
1846 1803 1983 1841 relativi;
2007 1805 2094 1835 verbi
2117 1805 2225 1845 gratia,
2246 1816 2287 1837 an
2309 1806 2420 1838 relatio
2444 1807 2502 1838 do-

1428 1849 1519 1879 minii
1543 1849 1693 1890 exigatur,
1718 1849 1759 1879 ad
1777 1849 1840 1879 hoc
1856 1855 1893 1879 ut
1907 1848 1995 1879 Deus
2018 1849 2211 1890 intelligatur
2226 1856 2262 1881 ut
2277 1850 2438 1882 Dominus
2454 1858 2502 1884 est

1428 1899 1603 1930 creaturae,
1634 1893 1828 1933 inquantum
1858 1892 1926 1923 eius
1949 1899 1996 1924 est
2019 1902 2126 1924 serva:
2150 1894 2201 1925 vel
2224 1894 2332 1935 potius
2360 1894 2504 1928 intendat

1428 1938 1517 1979 quod
1547 1937 1770 1969 correlativum
1799 1937 1968 1968 comitatur
2000 1937 2198 1969 intellectum
2220 1938 2348 1970 alterius
2372 1940 2503 1972 extremi

1428 1983 1487 2013 sub
1505 1982 1626 2013 ratione
1641 1981 1785 2018 termini;
1810 1981 1853 2013 ita
1872 1982 1962 2023 quod
1985 1982 2096 2014 relatio
2111 1982 2247 2014 dominii
2269 1984 2504 2017 concomitatur

1428 2027 1554 2062 Deum.
1579 2026 1815 2067 apprehensum
1839 2033 1874 2057 ut
1893 2026 2076 2058 terminum.
2106 2027 2248 2059 Multum
2277 2035 2386 2060 autem
2409 2028 2503 2062 refert

1429 2082 1468 2102 an
1493 2071 1536 2102 sic
1559 2078 1615 2102 aut
1638 2070 1682 2102 sic
1706 2071 1858 2102 intendat.
1884 2070 2048 2108 Quoniam
2072 2071 2105 2102 in
2129 2072 2253 2112 primo,
2279 2073 2502 2106 correlativum

1429 2116 1559 2156 ponitur
1573 2116 1612 2146 de
1633 2115 1802 2146 intrinseca
1825 2114 1947 2146 ratione
1966 2115 2102 2152 termini,
2119 2115 2187 2147 imo
2202 2116 2333 2158 ponitur
2347 2117 2503 2150 terminus

1427 2160 1513 2201 ipse:
1539 2160 1572 2190 in
1596 2160 1738 2190 secundo
1761 2169 1852 2196 vero,
1877 2159 2008 2200 ponitur
2031 2160 2255 2192 correlativum
2278 2162 2432 2204 consequi
2454 2173 2521 2194 ra·-

1427 2205 1550 2235 tionem
1573 2203 1710 2234 termini.
1734 2204 1776 2234 Et
1799 2210 2039 2245 consequenter,
2064 2204 2097 2235 in
2120 2205 2226 2245 primo
2251 2215 2346 2238 sensu
2371 2207 2504 2248 ponitur

1428 2249 1518 2290 quod
1540 2248 1695 2279 terminus
1717 2247 1838 2278 relativi
1862 2254 1988 2288 oportet
2011 2258 2078 2279 esse
2097 2249 2278 2280 relativum:
2302 2250 2335 2281 in
2359 2252 2502 2284 secundo

1427 2303 1514 2330 vero,
1530 2292 1620 2334 quod
1635 2299 1681 2323 est
1700 2292 1885 2323 absolutum
1904 2302 1970 2323 ens.
1995 2292 2036 2323 Et
2052 2300 2220 2334 propterea
2242 2294 2382 2326 nascitur
2403 2296 2503 2328 ardua

1429 2338 1467 2368 de
1491 2337 1552 2368 hoc
1576 2336 1738 2378 quaestio:
1763 2338 1814 2367 An
1838 2336 1992 2367 terminus
2011 2337 2141 2374 relativi,
2166 2345 2202 2369 ut
2225 2337 2279 2375 sic,
2304 2338 2344 2370 sit
2367 2349 2422 2372 ens
2446 2340 2501 2372 ab·

1429 2382 1583 2418 solutum,
1606 2381 1657 2412 vel
1681 2381 1901 2422 respectivurn.

1484 2426 1552 2457 Vll.
1568 2426 1610 2456 Et
1625 2425 1778 2467 quoniam
1803 2425 1880 2456 baec
1899 2425 2043 2466 quaestio
2068 2426 2240 2458 necessaria
2256 2434 2303 2459 est
2326 2427 2387 2464 hic,
2407 2434 2439 2460 et
2453 2428 2501 2460 in-

1428 2477 1519 2507 tacta,
1536 2470 1595 2501 nisi
1611 2480 1631 2502 a
1644 2470 1751 2506 Scoto,
1773 2480 1791 2500 a
1814 2479 1880 2511 quo
1903 2470 2028 2502 videtur
2044 2471 2127 2502 male
2151 2470 2289 2509 definita,
2305 2472 2423 2504 idcirco
2440 2480 2500 2505 tra-

1429 2515 1542 2547 ctanda
1557 2521 1613 2546 est.
1639 2514 1754 2546 Scotus
1773 2524 1859 2555 ergo,
1875 2516 1908 2545 in
1926 2515 1948 2551 Ι,
1963 2514 2034 2546 dist.
2047 2525 2115 2551 xxx,
2133 2525 2188 2557 qu.
2198 2526 2219 2552 1,
2237 2523 2356 2554 motus,
2370 2524 2406 2548 ut
2419 2526 2500 2555 reor,

1429 2570 1465 2591 ex
1480 2559 1583 2590 verbis
1606 2559 1701 2590 huius
1717 2559 1847 2595 litterae,
1869 2566 1904 2590 ut
1927 2569 2016 2590 more
2034 2569 2094 2590 suo
2112 2568 2261 2601 carperet,
2282 2562 2396 2602 probat
2419 2562 2502 2593 mul-

1428 2603 1575 2646 tipliciter
1598 2604 1686 2645 quod
1710 2603 1863 2635 terminus
1886 2603 2021 2640 relativi,
2045 2603 2238 2646 inquantum
2261 2605 2430 2644 terminus,
2456 2613 2503 2638 est

1428 2659 1476 2680 res
1500 2648 1655 2679 absoluta.
1679 2650 1726 2679 Ac
1749 2658 1805 2689 per
1828 2648 1899 2685 hoc,
1924 2648 2052 2679 nullum
2075 2655 2204 2690 oportet
2225 2659 2344 2691 ponere
2368 2650 2503 2682 correla-

1428 2693 1541 2729 tivum,
1566 2699 1602 2724 ut
1624 2693 1771 2724 terminet
1794 2692 1929 2724 alterum
1953 2693 2129 2730 relativum,
2151 2703 2210 2725 nec
2233 2695 2411 2726 secundum
2434 2705 2503 2727 rem

1428 2748 1486 2769 nec
1509 2738 1687 2769 secundum
1710 2737 1876 2768 rationem.
1901 2737 2082 2779 Probatque
2105 2738 2167 2770 hoc
2191 2739 2448 2780 quadrupliciter.

1481 2783 1590 2814 Prinw
1614 2781 1668 2813 sic.
1700 2782 1759 2812 Per
1781 2791 1814 2812 se
1844 2781 2015 2813 differentia
2044 2782 2125 2814 inter
2147 2783 2276 2815 relativa
2298 2783 2395 2820 tertii,
2411 2784 2507 2820 modi⁴

1429 2834 1459 2858 et
1475 2826 1535 2858 alia
1558 2833 1614 2864 est,
1639 2826 1715 2868 quia
1739 2833 1840 2857 cetera
1864 2834 1938 2858 sunt
1961 2834 2084 2864 mutua,
2106 2827 2165 2859 ista
2189 2834 2297 2859 autem
2319 2838 2402 2869 quae
2425 2834 2500 2861 sunt

1429 2871 1510 2903 tertii
1534 2871 1634 2907 modi,
1651 2881 1717 2902 non
1734 2878 1808 2902 sunt
1823 2878 1944 2902 mutua.
1971 2871 2056 2912 Ergo
2080 2871 2112 2902 in
2137 2871 2272 2904 relativis
2295 2871 2376 2903 tertii
2399 2872 2500 2910 modi,

1428 2915 1583 2947 terminus
1599 2922 1646 2947 est
1661 2925 1709 2946 res
1727 2915 1881 2946 absoluta.
1899 2934 1919 2938 -
1935 2916 2134 2948 Antecedens
2148 2922 2235 2957 patet
2253 2916 2282 2947 V
2298 2917 2496 2958 Metaphys„

1430 2971 1498 3002 cap.
1517 2961 1556 2991 de
1579 2960 1623 2991 ad
1645 2960 1769 3001 aliquid
1781 2959 1808 2990 *.
1834 2959 2073 3002 Consequentia
2094 2970 2170 2991 vero
2194 2966 2241 2992 est
2263 2970 2320 3001 per
2346 2971 2380 2992 se
2404 2968 2498 2993 nota:

1429 3005 1505 3046 quia
1528 3015 1565 3036 ex
1588 3015 1655 3046 quo
1679 3014 1746 3035 non
1770 3011 1816 3035 est
1839 3005 2081 3042 correlativum,
2105 3011 2137 3036 et
2159 3011 2206 3036 est
2228 3004 2398 3042 terminus,
2424 3015 2500 3047 ergo

1429 3059 1477 3080 res
1502 3050 1647 3080 absoluta
1671 3055 1718 3080 est
1740 3059 1822 3090 quae
1846 3050 2002 3081 terminat.

1483 3093 1630 3125 Secundo
1647 3093 1701 3125 sic.
1716 3095 1816 3124 Actus
1833 3093 1942 3125 definit
1956 3093 2143 3135 potentiam,
2159 3099 2190 3124 et
2211 3103 2278 3124 non
2295 3104 2311 3124 e
2327 3102 2498 3126 converso:

1429 3148 1504 3179 ergo
1520 3144 1618 3174 actus,
1636 3145 1671 3169 ut
1685 3138 1849 3174 terminus,
1867 3145 1912 3169 est
1928 3148 1976 3169 res
1996 3137 2149 3169 absoluta.
2163 3155 2182 3160 -
2197 3138 2393 3170 Antecedens
2415 3145 2501 3180 patet

1430 3183 1472 3213 IX
1496 3183 1680 3224 Metaphys.
1698 3181 1716 3200 ⁸*
1741 3182 1979 3224 Consequentia
1997 3182 2159 3223 probatur.
2184 3184 2283 3214 Actus
2307 3182 2416 3215 definit
2438 3193 2499 3224 po-

1429 3226 1571 3263 tentiam,
1589 3233 1624 3258 ut
1647 3226 1795 3258 terminat
1810 3227 1998 3258 relationem
2013 3226 2174 3267 potentiae
2190 3227 2230 3257 ad
2245 3227 2366 3268 ipsum:
2391 3234 2422 3259 et
2445 3228 2499 3259 de·
2527 3249 2552 3266 n.
2562 3249 2583 3266 a.

1429 3270 1517 3308 finit,
1542 3278 1579 3303 ut
1601 3271 1689 3312 prior
1712 3279 1758 3303 est
1782 3281 1880 3312 quam
1904 3270 2062 3313 potentia:
2088 3281 2173 3311 ergo,
2199 3278 2234 3303 ut
2257 3272 2428 3309 terminus,
2453 3278 2500 3304 est

1430 3315 1516 3356 prior
1531 3316 1683 3356 potentia.
1698 3316 1769 3353 Sed,
1786 3323 1821 3347 ut
1837 3315 2067 3351 correlativum,
2088 3325 2154 3346 non
2174 3323 2220 3347 est
2235 3316 2322 3357 prior
2337 3316 2498 3357 potentia:

1429 3360 1504 3401 quia
1528 3360 1711 3392 correlativa
1735 3367 1851 3392 mutuo
1875 3370 1908 3391 se
1931 3358 2096 3396 definiunt,
2120 3367 2155 3391 ut
2171 3360 2245 3392 dicit
2260 3360 2455 3403 Porphyrius
2470 3360 2498 3392 *.
2526 3366 2538 3378 ·
2556 3366 2568 3389 Ι

2527 3392 2558 3415 de
2570 3372 2668 3442 ff}

2527 3419 2579 3447 prin
2602 3426 2627 3448 p.

2527 3498 2740 3554 iibqeif‘eiffiss
2757 3506 2768 3527 ‘¹

2650 3589 2675 3601 .-
2685 3577 2740 3602 M

2624 3622 2631 3633 2
2640 3610 2742 3634 etp-vn·

1430 3404 1526 3445 Ergo,
1551 3412 1586 3436 ut
1609 3405 1841 3441 correlativum,
1867 3414 1932 3435 non
1957 3410 2003 3435 est
2026 3404 2189 3436 terminus.
2214 3405 2299 3446 Ergo
2323 3411 2359 3437 ut
2382 3415 2430 3436 res
2446 3405 2498 3436 ab·

1429 3449 1543 3479 soluta.

1490 3494 1596 3524 Tertio
1620 3493 1674 3524 sic.
1699 3492 1889 3529 Relativum,
1915 3499 1950 3523 ut
1973 3492 2031 3529 sic,
2057 3492 2205 3525 definitur
2227 3503 2284 3535 per
2306 3492 2497 3525 terminum:

1430 3546 1504 3578 ergo
1529 3537 1682 3568 terminus
1713 3543 1759 3568 est
1783 3537 1870 3577 prior
1902 3537 2047 3568 relativo:
2073 3547 2148 3578 ergo
2180 3538 2334 3569 terminus
2363 3547 2430 3568 non
2453 3544 2500 3569 est

2528 2969 2538 2979 ·
2560 2968 2614 2992 Did.
2635 2968 2676 2991 lib.
2691 2968 2742 2997 1v,

2527 3000 2580 3024 up.
2589 3001 2628 3023 xv,
2643 3001 2667 3018 a.
2677 2995 2701 3018 8.

2526 3190 2538 3202 ⁸
2548 3189 2582 3213 c·
2601 3189 2742 3245 .m“BD'lgi

2626 3233 2633 3245 9
2685 3231 2700 3244 Ἰ

2671 3364 2768 3395 ἀμᾷ

2686 3396 2768 3422 9⁰⁸¹,

1430 3581 1536 3622 ipsum
1556 3581 1787 3612 correlativum.
1802 3599 1822 3604 -
1835 3582 2032 3612 Antecedens
2051 3589 2145 3624 patet.
2169 3581 2275 3613 Prima
2289 3591 2366 3613 vero
2390 3591 2499 3613 conse·
2526 3552 2623 3628 Ξ”δξῧῗῃ

1430 3625 1559 3667 quentia
1574 3632 1659 3657 tenet
1674 3635 1710 3656 ex
1724 3625 1781 3656 Vll
1793 3624 1812 3643 ⁹
1831 3632 1862 3657 et
1877 3626 1918 3657 IX
1930 3627 2114 3668 Metaphys.
2125 3626 2172 3658 *⁴¹2
2192 3626 2236 3658 ibi
2252 3626 2339 3658 enim
2354 3625 2499 3667 prioritas
2527 3638 2550 3654 n.
2564 3638 2586 3655 2·
