2768 4178
47 1290 60 1302 ·
75 1289 124 1318 Qu.
137 1295 166 1317 x,
184 1293 228 1311 art.
241 1295 266 1319 3.

983 246 1251 299 QUAESTIO
1282 246 1385 294 XVI,
1415 248 1713 285 ARTICULUS
1742 249 1810 285 VII

298 330 509 361 aeternum.
532 324 609 361 Sed
629 324 856 361 universalia
875 332 962 361 sunt
980 324 1123 373 ubique
1144 333 1180 361 et
1204 337 1367 374 semper.

299 377 401 424 Ergo
423 385 510 413 sunt
538 386 702 414 aeterna.
724 379 826 426 Ergo
847 385 884 414 et
902 390 1052 425 verum,
1074 378 1180 427 quod
1210 386 1264 415 est
1287 391 1371 415 ma-

298 429 400 466 xime
428 430 656 467 universale.

355 484 388 520 3.
420 485 662 531 PRAETEREA,
692 483 731 520 id
760 484 864 532 quod
894 491 950 520 est
977 496 1115 521 verum
1143 483 1161 513 β
1188 484 1227 520 in
1259 497 1367 533 prae-

299 536 406 583 senti,
429 549 582 586 semper
601 537 669 573 fuit
696 549 834 573 verum
855 549 937 574 esse
967 537 1148 574 futurum.
1172 537 1249 574 Sed
1273 537 1369 574 sicut

297 589 437 626 veritas
451 589 724 639 propositionis
735 589 783 626 de
798 590 988 637 praesenti
1005 598 1060 626 est
1073 590 1213 627 veritas
1231 598 1366 638 creata,

297 642 348 679 ita
376 643 516 680 veritas
552 642 826 692 propositionis
856 643 903 679 de
933 643 1072 680 futuro.
1103 644 1205 691 Ergo
1242 644 1368 693 aliqua

295 703 436 732 ventas
465 704 590 732 creata
620 703 675 732 est
703 703 866 732 aeterna.
1066 711 1075 714 ”

348 760 386 795 4.
417 749 660 795 PRAETEREA,
691 761 808 785 omne
837 749 942 808 quod
972 756 1075 786 caret
1112 749 1300 801 principio
1331 758 1366 787 et

295 801 385 848 fine,
404 809 459 838 est
473 809 684 838 aeternum.
703 802 780 838 Sed
795 802 935 839 veritas
956 797 1243 839 enuntiabilium
1265 811 1367 840 caret

294 853 481 903 principio
512 862 549 891 et
576 855 666 892 fine.
698 855 816 911 Quia,
847 855 876 892 si
905 855 1045 893 veritas
1077 856 1244 904 incoepit
1279 869 1364 894 curn

294 914 380 943 ante
410 919 488 944 non
518 916 626 955 esset,
646 920 785 945 verum
815 916 894 945 erat
921 909 1122 946 veritatem
1151 922 1229 946 non
1259 922 1363 947 esse:

295 967 332 996 et
358 959 490 1009 utique
521 961 647 1010 aliqua
674 961 834 998 veritate
861 974 999 999 verum
1029 970 1125 1008 erat,
1154 970 1190 999 et
1217 963 1270 999 sic
1297 976 1363 1000 ve-

294 1013 381 1050 ritas
404 1021 490 1052 erat
518 1022 724 1064 antequam
749 1014 941 1064 inciperet.
963 1016 1012 1052 Et
1040 992 1209 1052 similiter
1237 1016 1267 1052 si
1295 1029 1363 1076 po-

293 1065 405 1104 natur
423 1067 623 1104 veritatem
652 1068 796 1105 habere
825 1069 957 1116 finem,
988 1069 1158 1118 sequitur
1185 1069 1290 1117 quod
1319 1070 1364 1106 sit

291 1128 498 1169 postquam
515 1121 682 1158 desierit:
703 1134 842 1158 verum
859 1122 958 1159 enim
980 1122 1049 1159 erit
1066 1121 1267 1159 veritatem
1283 1135 1363 1160 non

293 1185 387 1211 esse.
409 1175 511 1222 Ergo
540 1174 678 1211 veritas
709 1182 763 1211 est
791 1183 954 1212 aeterna.

347 1228 421 1264 SED
450 1239 597 1278 CQNTRA
616 1239 682 1264 iis-r
710 1229 815 1277 quod
844 1229 947 1264 solus
966 1229 1072 1264 Deus
1099 1235 1154 1264 est
1173 1235 1360 1276 aeternus,

291 1288 351 1317 ut
360 1284 475 1329 supra
502 1280 523 1302 '¹‘
551 1280 723 1317 habitum
754 1289 820 1318 est.

345 1335 571 1370 Rrsponmso
609 1345 793 1371 DICENDUM
831 1333 937 1382 quod
973 1333 1113 1370 veritas
1152 1334 1361 1371 enuntiabi-

290 1387 383 1424 lium
404 1399 483 1424 non
504 1394 559 1423 est
574 1387 676 1424 aliud
692 1399 809 1435 quam
828 1386 968 1423 veritas
989 1386 1209 1424 intellectus.
1228 1388 1359 1425 Enun-

289 1439 417 1477 tiabile
447 1440 549 1476 enim
571 1447 607 1476 et
627 1447 681 1476 est
700 1444 715 1465 ⁷
734 1439 772 1476 in
801 1439 1003 1487 intellectu,
1034 1448 1071 1477 et
1099 1448 1156 1477 est
1182 1441 1220 1478 in
1248 1454 1358 1478 voce.

291 1493 515 1530 Secundum
545 1500 674 1530 autem
713 1493 818 1542 quod
848 1501 902 1530 est
930 1493 969 1530 in
1003 1493 1214 1540 intellectu,
1244 1495 1361 1531 habet

287 1558 358 1595 per
377 1558 418 1583 se
437 1546 650 1583 veritatem.
669 1546 745 1583 Sed
762 1546 975 1583 secundum
996 1548 1100 1596 quod
1123 1555 1178 1584 est
1195 1547 1234 1584 in
1247 1560 1357 1595 voce,

289 1598 424 1637 dicitur
451 1611 588 1636 verum
607 1599 849 1646 enuntiabile,
871 1600 1084 1637 secundum
1114 1602 1220 1649 quod
1249 1601 1359 1649 signi-

287 1652 377 1690 ficat
405 1652 573 1702 aliquam
594 1649 607 1673 ὅ
631 1652 831 1702 veritatem
853 1653 1080 1698 intellectus;
1106 1666 1185 1691 non
1204 1662 1360 1704 propter

287 1706 453 1754 aliquam
481 1705 681 1743 veritatem
700 1705 739 1743 in
764 1706 984 1743 enuntiabili
1010 1707 1233 1744 existentem
1263 1708 1359 1745 sicut

286 1759 326 1796 in
339 1759 523 1796 subiecto.
542 1758 770 1796 Sicut·urina
790 1759 924 1797 dicitur
943 1773 1047 1807 sana,
1069 1773 1148 1797 non
1165 1773 1186 1797 a
1201 1761 1358 1798 sanitate

285 1824 385 1862 quae
401 1812 439 1849 in
454 1812 536 1862 ipsa
552 1812 608 1860 sit,
621 1813 688 1849 sed
704 1825 726 1849 a
741 1813 897 1850 sanitate
913 1813 1098 1861 animalis,
1115 1826 1232 1862 quam
1247 1814 1358 1862 signi-

285 1866 386 1903 ficat.
413 1865 592 1902 Similiter
611 1865 725 1902 etiam
746 1878 861 1915 supra
884 1866 904 1887 ³¹²
929 1866 1071 1903 dictum
1093 1874 1147 1903 est
1171 1867 1277 1915 quod
1297 1880 1356 1905 res

287 1919 582 1956 denominantur
613 1931 729 1955 verae
758 1931 781 1955 a
807 1919 965 1956 veritate
994 1919 1214 1957 intellectus.
1245 1921 1356 1958 Unde

286 1971 316 2009 si
346 1972 470 2009 nullus
499 1972 707 2009 intellectus
738 1980 836 2009 esset
864 1980 1055 2018 aeternus,
1086 1974 1188 2010 nulla
1216 1973 1356 2011 veritas

286 2033 385 2062 esset
413 2033 577 2062 aeterna.
609 2025 686 2062 Sed
716 2025 804 2074 quia
833 2026 936 2062 solus
964 2026 1173 2063 intellectus
1203 2026 1355 2064 divinus

287 2086 342 2116 est
370 2086 558 2125 aeternus,
584 2078 622 2115 in
642 2078 725 2127 ipso
748 2079 830 2116 solo
850 2079 987 2116 veritas
1009 2079 1270 2116 aeternitatem
1288 2081 1355 2117 ha-

285 2132 360 2169 bet.
382 2133 466 2169 Nec
493 2139 651 2181 propter
673 2132 750 2169 hoc
778 2132 947 2181 sequitur
966 2133 1069 2181 quod
1090 2132 1232 2181 aliquid
1252 2133 1354 2171 aliud

284 2185 331 2222 sit
349 2193 547 2222 aeternum
572 2197 691 2234 quam
719 2186 842 2222 Deus:
864 2185 953 2234 quia
976 2185 1117 2222 veritas
1144 2186 1353 2224 intellectus

285 2238 402 2275 divini
432 2246 487 2275 est
512 2238 594 2287 ipse
623 2239 740 2285 Deus,
762 2246 804 2274 ut
823 2251 938 2287 supra
957 2238 977 2260 ’¹‘
997 2246 1194 2275 ostensum
1215 2247 1281 2276 est.

336 2293 396 2328 AD
425 2303 562 2328 PmMUM
591 2303 690 2328 ERGO
719 2303 904 2328 DICENDUM
938 2291 1043 2341 quod
1081 2291 1175 2328 ratio
1205 2291 1351 2340 circuli,

285 2352 321 2381 et
349 2345 425 2382 duo
456 2353 492 2381 et
520 2344 589 2381 tria
610 2357 692 2381 esse
721 2344 901 2394 quinque,
923 2345 1065 2382 habent
1093 2322 1353 2383 aeternitaterri

283 2397 322 2435 in
351 2405 479 2435 mente
510 2397 649 2435 divina.
838 2424 841 2427 Δ
844 2406 881 2436 ,θ
897 2423 900 2425 -

838 2455 841 2457 .
877 2461 885 2466 Β
904 2450 918 2459 ο

805 2464 820 2477 ’ἱ

337 2511 362 2546 β)
383 2520 484 2538 verum.
503 2527 522 2531 —
541 2513 603 2537 Om.
621 2512 698 2536 ABD.

335 2549 362 2582 γ)
382 2551 409 2573 et
427 2553 474 2573 est.
493 2561 512 2566 -
530 2551 571 2572 est
589 2548 651 2572 Pab.

336 2583 361 2616 ὃ)
374 2584 501 2616 aliquam.
510 2597 529 2602 -
539 2584 600 2608 Om.
612 2583 687 2608 codd.
696 2597 715 2603 -
729 2583 779 2607 Pro
793 2582 961 2612 existentem,
975 2583 1108 2609 existente
1122 2585 1256 2617 AEFGpG
1271 2590 1296 2609 et
1305 2585 1352 2609 ab.

336 2619 358 2651 ε)
378 2619 454 2644 sicut.
472 2632 491 2637 -
509 2622 535 2643 et
553 2618 591 2643 sic
609 2619 638 2647 Β,
657 2619 696 2643 sic
715 2619 774 2643 edd.
793 2625 810 2642 a
821 2618 844 2642 b.
862 2632 881 2637 —
899 2625 955 2647 esse
973 2626 1026 2643 om.
1046 2620 1075 2644 B.

335 2654 361 2687 ζ)
381 2654 468 2679 habet.
487 2669 505 2672 —
523 2654 619 2679 habeat
637 2655 749 2679 codices.

2414 255 2487 291 215

1477 328 1536 362 AD
1566 339 1756 364 SECUNDUM
1785 340 1968 366 DlCENDUM
1988 331 2093 378 quod
2113 332 2257 380 aliquid
2286 345 2368 369 esse
2389 346 2489 371 sem-

1423 391 1491 427 per
1507 387 1543 416 et
1556 380 1711 439 ubique,
1723 387 1848 428 potest
1862 381 2013 430 intelligi
2030 384 2238 432 dupliciter.
2251 386 2338 423 Uno
2355 386 2486 434 modo,

1423 432 1511 480 quia
1531 433 1673 470 habet
1665 445 1704 470 in
1732 445 1772 469 se
1791 434 1894 470 unde
1914 447 1954 470 se
1984 437 2160 474 extendat
2179 439 2228 475 ad
2257 451 2373 475 omne
2392 447 2487 475 tem-

1421 498 1514 538 pus
1523 493 1560 522 et
1588 486 1636 523 ad
1665 498 1824 523 omnem
1853 487 2003 534 locum,
2031 489 2126 526 sicut
2153 496 2163 511 Ε
2192 493 2275 528 Deo
2306 492 2488 540 competit

1423 551 1504 575 esse
1533 539 1674 588 ubique
1704 547 1739 576 et
1759 551 1922 588 semper.
1944 517 2028 577 Alio
2057 543 2188 589 modo,
2210 544 2299 591 quia
2323 557 2401 581 non
2420 546 2486 581 ha-

1422 591 1485 628 bet
1522 592 1559 628 in
1588 605 1628 628 se
1658 605 1734 652 quo
1765 593 2036 630 determinetur
2072 595 2121 632 ad
2154 596 2319 645 aliquem
2356 599 2484 634 locum

1420 645 1482 681 vel
1511 653 1678 694 tempus:
1700 646 1794 682 sicut
1814 646 1972 682 materia
1992 647 2114 694 prima
2143 648 2275 685 dicitur
2295 663 2375 687 esse
2397 663 2484 697 una,

1421 709 1499 734 non
1529 698 1617 747 quia
1645 699 1761 735 habet
1789 698 1803 724 ζ
1822 711 1940 735 unam
1969 699 2145 747 formam,
2167 701 2262 738 sicut
2289 703 2408 739 homo
2431 711 2486 740 est

1422 763 1518 787 unus
1547 752 1594 788 ab
1623 751 1764 788 unitate
1793 751 1906 787 unius
1936 757 1952 776 ’ἢ
1975 752 2141 800 formae,
2169 755 2235 791 sed
2262 767 2332 803 per
2359 768 2484 792 remo-

1419 803 1564 841 tionem
1585 805 1759 841 omnium
1778 805 1989 841 formarum
2011 805 2328 853 distinguentium.
2350 809 2399 845 Et
2417 821 2485 857 per

1419 858 1521 894 hunc
1550 859 1730 904 modum,
1762 857 1957 906 quodlibet
1985 858 2197 895 universale
2236 860 2368 897 dicitur
2402 873 2484 898 esse

1418 910 1560 958 ubique
1591 918 1627 947 et
1655 923 1820 959 semper,
1842 910 2067 960 inquantum
2087 911 2315 949 universalia
2343 914 2484 951 abstra-

1417 964 1513 1000 hunt
1536 961 1549 984 ⁰
1577 965 1625 1000 ab
1653 964 1715 1000 hic
1744 971 1779 1000 et
1807 976 1920 1001 nunc.
1952 964 2029 1001 Sed
2058 977 2103 1001 ex
2130 965 2206 1002 hoc
2243 978 2322 1002 non
2359 967 2482 1015 sequi-

1417 1024 1478 1053 tur
1506 1029 1551 1053 ea
1580 1029 1661 1054 esse
1691 1024 1863 1064 aeterna,
1892 1017 1963 1054 nisi
1983 1018 2020 1054 in
2041 1017 2241 1066 intellectu,
2268 1018 2297 1055 si
2327 1019 2411 1066 quis
2439 1020 2485 1056 sit

1417 1077 1605 1107 aeternus.

1471 1125 1529 1159 AD
1558 1135 1718 1160 TERTmM
1755 1134 1939 1160 DICENDUM
1974 1123 2079 1171 quod
2115 1123 2205 1161 illud
2240 1126 2343 1173 quod
2381 1138 2484 1162 nunc

1417 1184 1483 1223 est,
1506 1188 1551 1212 ex
1580 1188 1625 1212 eo
1654 1176 1824 1212 futurum
1852 1176 1922 1213 fuit
1950 1184 2155 1225 antequam
2185 1185 2297 1224 esset,
2329 1178 2417 1226 quia
2444 1179 2483 1216 in

1418 1241 1532 1265 causa
1552 1241 1620 1265 sua
1650 1236 1728 1265 erat
1747 1237 1788 1265 ut
1806 1229 1924 1266 fieret.
1946 1229 2071 1276 Unde,
2092 1230 2239 1267 sublata
2259 1243 2382 1278 causa,
2404 1244 2483 1269 non

1417 1289 1514 1319 esset
1533 1282 1703 1319 futurum
1732 1282 1823 1319 illud
1843 1282 1936 1319 fieri.
1960 1283 2050 1319 Sola
2078 1290 2206 1319 autem
2227 1296 2341 1320 causa
2359 1284 2483 1333 prima

1416 1343 1472 1372 est
1499 1342 1664 1372 aeterna.
1691 1335 1803 1372 Unde
1834 1348 1877 1372 ex
1906 1336 1981 1372 hoc
2009 1348 2087 1372 non
2117 1336 2286 1384 sequitur
2313 1337 2417 1386 quod
2438 1349 2482 1374 ea

1414 1401 1514 1448 quae
1543 1395 1655 1425 sunt‘
1659 1400 1842 1437 ,semper
1870 1388 1980 1425 fuerit
1998 1401 2136 1426 verum
2166 1402 2211 1426 ea
2234 1402 2315 1426 esse
2344 1391 2479 1437 futura,

1414 1441 1485 1478 nisi
1513 1449 1701 1489 quatenus
1729 1441 1768 1478 in
1793 1454 1907 1478 causa
1936 1442 2168 1491 sempiterna
2197 1443 2264 1480 fuit
2288 1450 2330 1479 ut
2358 1451 2482 1481 essent

1414 1496 1549 1532 futura.
1572 1495 1682 1541 Quae
1712 1494 1869 1542 quidem
1899 1507 2014 1532 causa
2041 1497 2144 1532 solus
2172 1497 2278 1533 Deus
2308 1503 2373 1534 est.

1467 1550 1525 1585 AD
1546 1560 1719 1591 QUARTUM
1739 1560 1923 1585 DICENDUM
1943 1549 2060 1596 quod,
2078 1549 2167 1598 quia
2185 1549 2392 1586 intellectus
2411 1563 2479 1587 no-

1414 1609 1488 1638 ster
1516 1614 1594 1638 non
1625 1608 1680 1638 est
1708 1609 1895 1648 aeternus,
1926 1614 1997 1638 nec
2024 1602 2163 1639 veritas
2193 1602 2480 1639 enuntiabilium

1414 1667 1513 1703 quae
1542 1667 1564 1691 a
1593 1654 1703 1691 nobis
1732 1655 1955 1702 formantur,
1987 1662 2042 1691 est
2070 1663 2233 1702 aeterna,
2264 1656 2331 1693 sed
2360 1668 2479 1705 quan-

1414 1708 1542 1757 doque
1571 1708 1748 1756 incoepit.
1770 1709 1819 1744 Et
1847 1716 2053 1756 antequam
2090 1709 2312 1746 huiusmodi
2340 1709 2478 1746 veritas

1414 1769 1522 1808 esset,
1544 1774 1623 1798 non
1644 1769 1722 1798 erat
1740 1773 1878 1798 verum
1899 1761 2024 1799 dicere
2043 1762 2242 1799 veritatem
2265 1763 2379 1799 talem
2401 1775 2478 1799 non

1413 1827 1507 1861 esse,
1538 1814 1608 1852 nisi
1633 1815 1680 1851 ab
1701 1814 1891 1851 intellectu
1919 1814 2062 1862 divino,
2089 1815 2127 1851 in
2156 1828 2233 1864 quo
2263 1816 2388 1852 solum
2413 1828 2478 1852 ve-

1411 1868 1499 1904 ritas
1525 1875 1580 1905 est
1599 1875 1763 1904 aeterna.
1786 1867 1862 1904 Sed
1883 1880 1985 1904 nunc
2012 1881 2150 1905 verum
2176 1876 2231 1905 est
2260 1869 2383 1905 dicere
2410 1881 2476 1906 ve-

1411 1921 1560 1958 ritatem
1589 1929 1679 1958 tunc
1707 1933 1787 1957 non
1821 1921 1946 1958 fuisse.
1978 1921 2096 1968 Quod
2125 1921 2281 1969 quidem
2315 1933 2394 1958 non
2423 1930 2478 1958 est

1410 1986 1546 2011 verum
1580 1974 1651 2011 nisi
1677 1974 1835 2011 veritate
1864 1987 1961 2023 quae
1991 1987 2092 2011 nunc
2130 1982 2184 2011 est
2217 1974 2255 2011 in
2287 1974 2476 2012 intellectu

1411 2035 1558 2064 nostro:
1575 2039 1653 2064 non
1674 2034 1802 2063 autem
1821 2039 1891 2075 per
1910 2027 2077 2075 aliquam
2092 2027 2290 2064 veritatem
2311 2035 2475 2076 exvparte

1411 2080 1475 2118 rei.
1507 2081 1607 2127 Quia
1635 2080 1705 2117 ista
1734 2088 1789 2117 est
1815 2080 1955 2117 veritas
1984 2081 2031 2118 de
2060 2093 2139 2118 non
2169 2087 2270 2126 ente3
2301 2093 2379 2117 non
2409 2093 2475 2118 ens

1410 2141 1540 2170 autem
1570 2146 1648 2170 non
1667 2133 1782 2170 habet
1803 2146 1847 2170 ex
1867 2146 1907 2170 se
1926 2141 1968 2170 ut
1996 2134 2042 2170 sit
2068 2146 2216 2180 verum,
2237 2134 2305 2170 sed
2333 2134 2475 2171 solum-

1410 2187 1529 2224 modo
1560 2199 1605 2223 ex
1633 2187 1823 2223 intellectu
1856 2186 2166 2246 apprehendente
2194 2186 2334 2236 ipsum.
2364 2187 2475 2224 Unde

1409 2240 1596 2277 intantum
1627 2247 1682 2276 est
1703 2251 1841 2276 verum
1871 2240 1994 2277 dicere
2014 2240 2213 2277 veritatem
2242 2252 2322 2277 non
2349 2240 2474 2287 fuisse,

1409 2293 1633 2341 inquantum
1651 2292 1975 2352 apprehendimus
1990 2305 2069 2330 non
2085 2305 2166 2330 esse
2182 2293 2299 2342 ipsius
2315 2301 2355 2330 ut
2368 2306 2476 2342 prae-

1410 2346 1549 2384 cedens
1570 2358 1653 2383 esse
1674 2345 1754 2382 eius
1773 2351 1798 2382 ².

1462 2516 1488 2546 η)
1509 2515 1595 2538 unius.
1613 2528 1632 2533 -
1650 2515 1712 2538 Om.
1731 2514 1841 2538 codices.

1461 2548 1484 2581 θ)
1505 2549 1667 2574 universalia
1691 2549 1858 2574 abstrahunt.
1883 2561 1902 2567 -
1926 2548 2074 2573 universale
2097 2548 2231 2574 abstrahit
2252 2550 2287 2579 Β,
2313 2549 2475 2574 universalia

1407 2585 1540 2609 abstrahit
1558 2585 1609 2615 CE,
1625 2584 1787 2609 universalia
1806 2584 2000 2608 abstrahuntur
2018 2584 2100 2608 PDsA
2119 2589 2144 2608 et
2163 2585 2222 2609 edd.
2240 2585 2290 2609 ab.

1461 2620 1479 2652 ι)
1498 2623 1569 2644 sunt.
1587 2620 1692 2652 —fiunt
1711 2620 1752 2644 ed.
1770 2627 1795 2648 a,
1812 2624 1837 2644 et
1857 2619 1890 2643 ita
1908 2619 2058 2652 profuerit
2076 2624 2101 2644 et
2112 2619 2179 2653 suit.

1461 2656 1486 2688 κ)
1506 2662 1562 2680 esse
1579 2655 1643 2680 eius.
1661 2668 1681 2673 -
1698 2655 1759 2680 Om.
1778 2655 1808 2679 E.

961 2733 1295 2766 Commentarria
1317 2733 1569 2766 Cardinalis
1591 2733 1793 2766 Caietam

344 2831 452 2851 irritus
477 2821 589 2851 clarus.
613 2838 632 2843 -
660 2820 695 2850 In
720 2830 852 2860 corpore
877 2831 941 2851 una
965 2821 1146 2858 conclusio,
1171 2822 1354 2862 responsiva

286 2834 489 2906 Tquaesito
506 2864 664 2904 negative:
680 2865 775 2894 Nulla
791 2865 903 2895 veritas
917 2872 1018 2896 creata
1035 2873 1081 2897 est
1097 2873 1229 2897 aeterna.
1245 2884 1266 2888 —
1280 2867 1354 2896 Pro—

281 2911 383 2941 batur.
408 2909 529 2941 Veritas
546 2909 790 2939 enuntiabilium
811 2916 841 2939 et
860 2919 966 2940 rerum
991 2910 1070 2941 nihil
1091 2910 1175 2941 aliud
1193 2917 1239 2941 est
1254 2920 1352 2950 quam

281 2955 394 2985 veritas
410 2953 605 2984 intellectus:
631 2963 717 2993 erge,
735 2953 760 2983 si
780 2954 887 2984 nullus
906 2954 1082 2985 intellectus
1103 2961 1183 2985 esset
1197 2961 1351 2991 aeternus,

283 2999 370 3028 nulla
393 2997 505 3028 veritas
530 3005 631 3028 creata
655 3004 735 3028 esset
759 3000 901 3028 aeterna:
937 3009 1010 3039 ergo
1039 2999 1072 3028 in
1097 2999 1166 3029 solo
1190 2999 1351 3030 intellectu

283 3042 391 3076 divino
410 3041 522 3072 veritas
539 3042 754 3072 aeternitatem
778 3042 887 3072 habet:
913 3053 987 3083 ergo
1011 3043 1100 3073 nulla
1117 3043 1230 3074 veritas
1251 3051 1351 3073 creata

282 3093 329 3116 est
351 3093 486 3116 aeterna.

337 3130 544 3166 Antecedens‚
571 3131 679 3170 quoad
703 3130 840 3170 primam
855 3138 986 3170 partem,
1011 3132 1172 3171 probatur.
1198 3131 1350 3161 Enuntia-

282 3174 344 3204 bile
373 3173 405 3203 in
424 3183 502 3203 voce
519 3180 565 3205 est
579 3185 691 3204 verum
710 3174 912 3215 significative
936 3182 1076 3212 tantum,
1102 3175 1183 3206 sicut
1199 3175 1289 3206 urina
1305 3182 1351 3206 est

281 3225 383 3249 sana:
405 3217 439 3247 in
463 3225 569 3248 mente
593 3226 701 3249 autem
726 3225 772 3249 est
794 3229 850 3258 per
874 3219 1024 3259 seipsum,
1055 3220 1135 3250 idest
1164 3219 1347 3255 formaliter,

280 3270 409 3292 verum:
435 3271 520 3301 erg0.
545 3262 663 3299 Quoad
687 3263 858 3293 secundam
882 3274 967 3300 vero,
993 3274 1030 3294 ex
1054 3264 1142 3294 dictis
1166 3264 1347 3294 assumitur.

281 3306 386 3336 Prima
403 3306 629 3346 consequentia
653 3307 841 3348 relinquitur
864 3314 939 3338 nota
964 3318 1019 3348 per
1036 3317 1082 3338 se:
1109 3318 1146 3339 eo
1171 3308 1259 3348 quod
1283 3318 1349 3337 non

282 3351 374 3381 datur
397 3349 455 3379 alia
479 3349 591 3380 veritas
610 3357 732 3390 praeter
753 3358 814 3382 tres
838 3351 903 3388 has,
926 3352 1043 3382 scilicet
1066 3352 1164 3388 in.re,
1189 3352 1222 3382 in
1246 3352 1347 3391 signo,

277 3401 312 3424 et
335 3394 367 3424 in
391 3393 562 3437 intellecm.
593 3394 737 3425 Secunda
760 3396 928 3435 probatur:
958 3396 1033 3437 quia
1057 3396 1144 3426 solus
1171 3396 1348 3426 intellectus

1408 2821 1533 2851 divinus
1550 2828 1596 2852 est
1612 2828 1766 2852 aeternus.
1783 2821 1889 2851 Tertia
1904 2828 2025 2852 autern:
2047 2822 2122 2862 quia
2136 2822 2249 2853 veritas
2265 2823 2297 2853 in
2314 2823 2473 2853 intellectu

1408 2866 1515 2900 divino
1533 2872 1579 2896 est
1601 2865 1667 2905 ipse
1684 2866 1785 2901 Deus,
1810 2872 1846 2896 ut
1863 2865 1896 2895 in
1912 2872 1968 2896 art.
1985 2876 2006 2896 v
2021 2866 2142 2896 dictum
2163 2873 2222 2903 est;
2247 2874 2347 2898 creata
2366 2874 2472 2898 autem

1407 2910 1520 2940 veritas
1540 2916 1586 2940 est
1604 2909 1690 2939 aliud
1709 2920 1726 2939 a
1745 2910 1827 2940 Deo.

1465 2954 1501 2984 II.
1527 2954 1663 2984 Adverte
1679 2953 1730 2984 hic
1747 2954 1823 2984 duo.
1848 2954 1968 2991 Primo,
1989 2955 2078 2994 quod
2102 2954 2264 2984 conclusio
2290 2955 2471 2995 principalis

1406 3008 1472 3028 non
1489 2997 1619 3038 ponitur
1634 2997 1808 3028 formaliter
1831 2998 1864 3028 in
1879 2998 1990 3033 littera,
2016 2999 2070 3028 sed
2093 2998 2266 3029 virtualiter
2284 2999 2315 3029 in
2332 2998 2385 3029 illa
2400 2999 2469 3029 uni-

1405 3042 1572 3072 versaliore
1596 3041 1824 3082 propositione,
1850 3042 1930 3072 nihil
1952 3043 2044 3073 aliud
2066 3053 2160 3082 quam
2184 3043 2274 3073 Deus
2297 3048 2343 3073 est
2365 3049 2468 3073 aeter-

1406 3097 1494 3123 num,
1520 3087 1594 3126 quia
1619 3087 1737 3117 veritas
1758 3086 1848 3116 Deus
1871 3091 1925 3116 est.
1943 3104 1963 3108 —
1979 3086 2137 3124 Secundo,
2158 3087 2247 3127 quod
2258 3083 2306 3116 'ex
2319 3086 2469 3118 hocloco

1405 3130 1599 3170 apertissime
1622 3130 1716 3160 habes
1738 3130 1826 3170 quod
1843 3130 1969 3160 nullum
1985 3130 2170 3161 secundario
2196 3130 2356 3161 obiectum
2372 3131 2469 3161 divini

1405 3175 1580 3205 intellectus
1603 3174 1790 3213 ponendum
1815 3181 1870 3210 est,
1895 3175 1983 3215 quod
2007 3175 2046 3205 sit
2069 3174 2155 3204 aliud
2178 3185 2195 3204 a
2213 3175 2297 3204 Deo:
2315 3175 2468 3215 quoniam

1405 3219 1430 3249 si
1454 3218 1688 3259 propositiones
1713 3218 1872 3258 cognitae,
1899 3229 1954 3248 seu
1979 3229 2086 3249 earum
2114 3218 2241 3254 veritas,
2267 3219 2355 3259 quod
2382 3219 2468 3249 idem

1405 3270 1466 3299 est,
1490 3263 1522 3292 in
1538 3262 1698 3292 intellectu
1722 3262 1830 3292 divino
1855 3269 1929 3293 sunt
1947 3263 2043 3298 Deus,
2065 3270 2184 3303 quanto
2208 3263 2308 3302 magis
2327 3263 2416 3302 lapiS,
2438 3270 2468 3294 et

1404 3306 1560 3348 quidquid
1588 3306 1674 3336 aliud
1701 3306 1900 3346 incomplexe
1931 3306 2131 3346 significatur.
2162 3307 2202 3336 Et
2228 3307 2290 3337 hoc
2319 3314 2365 3337 est
2388 3307 2466 3337 bene

1404 3351 1591 3386 notandum,
1616 3351 1656 3380 ad
1680 3349 1930 3381 confirmandam
1949 3351 2094 3381 notitiam
2114 3351 2151 3381 de
2170 3350 2342 3391 intelligere
2358 3351 2465 3381 divino

1404 3395 1549 3426 traditam
1565 3392 1590 3425 *.

2493 3401 2504 3411 ·
2515 3400 2562 3428 Qu.
2573 3407 2618 3429 xiv,
2629 3405 2671 3423 art.
2681 3407 2705 3429 5.
