2768 4178
932 256 1198 303 QUAESTIO
1226 257 1424 305 XXXVII,
1453 257 1747 295 ARTICULUS
1778 257 1809 293 11

2384 254 2460 302 389

1003 422 1005 424 ’
1045 409 1361 453 ARTICULUS
1391 408 1688 452 SECUNDUS

744 508 899 540 UTRUM
922 507 1066 539 PATER
1084 508 1142 539 ET
1166 507 1302 558 rmus
1326 508 1533 540 DILIGANT
1556 508 1605 540 SE
1630 508 1797 540 spmrru
1820 507 1993 540 sANcTo
2019 472 2022 475 ι

932 596 942 620 l
961 595 1044 625 Sent„
1065 595 1124 621 dist.
1142 603 1219 627 xxxn,
1237 603 1284 629 qu.
1301 603 1325 627 1;
1346 596 1388 621 De
1406 596 1474 626 Pot„
1494 604 1538 628 qu.
1556 603 1590 626 lx,
1609 601 1656 621 art.
1674 604 1700 629 9,
1716 597 1748 621 ad
1771 595 1809 621 13.

311 714 472 806 zi
493 692 1205 792 335312303533sfflssssfffifff‘galzdtgu
1207 693 1346 794 {3333

299 803 335 848 ’,ξ’
364 781 647 841 v'r'Sancto.
690 796 925 845 Augustinus
960 797 1084 844 enim,
1122 797 1162 834 in
1197 798 1266 835 VII
1302 799 1347 835 de

302 847 314 858 ”
340 830 437 883 ζ’·-ῪῙΙ
453 846 485 890 K
498 852 534 887 T
528 850 600 887 rin.
620 850 652 898 *,
681 851 819 899 probat
846 851 951 898 quod
979 850 1092 887 Pater
1115 862 1194 887 non
1214 858 1270 887 est
1288 864 1346 888 sa·

277 905 386 955 piens
420 903 605 952 sapientia
637 901 774 951 genita.
813 903 892 940 Sed
924 902 1020 939 sieut
1052 902 1167 939 Filius
1205 911 1260 940 est
1288 916 1345 940 sa-

277 957 420 1007 pientia
442 963 460 977 “
487 955 632 1004 genita,
662 955 713 992 ita
741 955 901 1004 Spiritus
937 956 1097 992 Sanctus
1135 963 1191 992 est
1223 958 1347 993 Amor

277 1009 504 1061 procedens,
533 1015 575 1045 ut
602 1008 745 1046 dictum
769 1015 824 1045 est
842 1007 872 1045 *.
903 1008 1006 1055 Ergo
1026 1008 1138 1045 Pater
1166 1016 1202 1045 et
1230 1009 1345 1046 Filius

278 1075 358 1101 non
387 1062 545 1110 diligunt
572 1074 612 1098 se
641 1063 788 1098 Amore
814 1060 1059 1109 procedente,
1090 1060 1156 1108 qui
1183 1069 1239 1098 est
1263 1061 1347 1110 Spi-

279 1116 371 1154 ritus
400 1116 574 1152 Sanctus.

333 1181 370 1206 2.
399 1169 632 1214 PRAETEREA,
664 1178 753 1203 cum
782 1165 927 1212 dicitur,
954 1166 1068 1202 Pater
1094 1171 1129 1202 et
1154 1166 1274 1203 Filius
1292 1167 1347 1203 di-

279 1222 404 1272 ligunt
428 1233 469 1258 se
496 1220 635 1269 Spiritu
655 1220 804 1265 Sancto,
824 1219 900 1255 hoc
918 1218 1083 1255 verbum
1107 1218 1265 1267 diligere
1283 1226 1348 1255 aut

279 1271 720 1321 suminusessentialiter,
746 1279 812 1308 aut
834 1269 852 1299 β
879 1270 1130 1308 notionaliter.
1162 1271 1239 1308 Sed
1268 1283 1346 1308 non

278 1324 404 1377 potest
433 1338 514 1363 esse
541 1337 636 1363 vera
669 1324 881 1361 secundum
907 1322 1012 1371 quod
1030 1323 1192 1360 sumitur
1220 1336 1346 1361 essen—

279 1379 433 1418 tialiter:
463 1378 553 1427 quia
574 1377 658 1426 pari
677 1376 820 1413 ratione
839 1382 970 1424 posset
989 1375 1062 1412 dici
1082 1376 1188 1424 quod
1202 1380 1217 1402 ⁷
1234 1378 1348 1414 Pater

280 1431 452 1482 intelligit
476 1430 586 1468 Filio.
616 1430 755 1478 Neque
775 1429 890 1466 etiam
918 1429 1131 1465 secundum
1151 1429 1257 1477 quod
1285 1442 1346 1466 su-

280 1485 397 1523 mitur
423 1482 684 1521 notionaliter:
715 1482 804 1530 quia
831 1480 913 1530 pari
942 1480 1087 1518 ratione
1115 1489 1245 1529 posset
1274 1482 1347 1519 dici

279 1537 387 1587 quod
414 1538 528 1574 Pater
555 1541 589 1572 et
614 1535 733 1572 Filius
759 1535 906 1583 spirant
931 1534 1071 1582 Spiritu
1100 1535 1255 1581 Sancto,
1283 1536 1347 1572 vel

280 1591 385 1641 quod
408 1590 522 1626 Pater
548 1593 710 1638 generat
725 1588 834 1624 Filio.
864 1587 966 1634 Ergo
986 1586 1090 1623 nullo
1111 1586 1231 1624 modo
1251 1587 1346 1625 haec

280 1651 337 1682 est
354 1654 460 1689 vera,
479 1642 594 1678 Pater
611 1646 648 1678 et
662 1640 782 1677 Filius
799 1640 963 1689 diligunt
977 1651 1018 1677 se
1036 1640 1176 1688 Spiritu
1195 1642 1345 1678 Sancto.

310 1697 369 1734 >3.
398 1696 638 1740 Pania-mm,
668 1693 810 1730 eodem
844 1703 976 1729 amore
1005 1693 1118 1730 Pater
1145 1693 1260 1741 diligit
1289 1693 1348 1731 Fi-

278 1749 384 1796 lium,
415 1754 452 1784 et
470 1758 522 1794 se,
545 1754 581 1783 et
608 1757 692 1783 nos.
723 1745 801 1783 Sed
829 1747 942 1782 Pater
965 1757 1043 1782 non
1069 1746 1184 1794 diligit
1203 1759 1243 1783 se
1264 1746 1348 1796 Spi-

279 1801 354 1840 ritu
382 1800 536 1838 Sancto.
567 1798 668 1846 Quia
688 1799 812 1836 nullus
832 1806 938 1835 actus
957 1798 1160 1836 notionalis
1188 1799 1347 1837 reflecti-

279 1862 340 1892 tur
359 1866 474 1903 super
501 1851 730 1901 principium
754 1859 880 1888 actus:
909 1863 989 1888 non
1009 1851 1110 1888 enim
1130 1860 1255 1901 potest
1274 1852 1347 1890 dici

280 1906 386 1957 quod
413 1907 527 1943 Pater
552 1910 713 1955 generat
728 1917 779 1950 se,
798 1905 860 1941 vel
879 1904 999 1952 spirat
1021 1916 1072 1942 se.
1102 1906 1206 1953 Ergo
1233 1905 1346 1942 etiam

280 1971 361 1998 non
386 1966 511 2008 potest
530 1958 602 1995 dici
622 1958 727 2006 quod
746 1957 880 2007 diligat
894 1969 934 1994 se
953 1957 1092 2005 Spiritu
1111 1959 1260 2005 Sancto,
1290 1971 1347 1996 se-

281 2012 452 2051 cundum
471 2010 578 2060 quod
602 2010 759 2060 diligere
778 2010 939 2047 sumitur
957 2010 1208 2048 notionaliter.
1239 2012 1346 2060 Item,

280 2077 392 2104 amor
421 2076 498 2113 quo
528 2063 643 2111 diligit
670 2075 759 2111 nos,
789 2075 869 2100 non
895 2062 1048 2100 videtur
1075 2076 1158 2101 esse
1188 2063 1348 2112 Spiritus

281 2120 460 2156 Sanctus:
488 2116 576 2165 quia
595 2116 821 2165 importatur
840 2124 1034 2164 respectus
1053 2115 1102 2154 ad
1123 2125 1346 2166 creaturam,

281 2179 319 2209 et
336 2171 388 2208 ita
402 2171 450 2208 ad
466 2169 669 2207 essentiam
688 2169 862 2218 pertinet.
884 2170 986 2217 Ergo
1007 2176 1044 2205 et
1056 2170 1152 2207 haec
1168 2178 1224 2207 est
1241 2171 1346 2218 falsa,

279 2225 394 2262 Pater
420 2223 544 2273 diligit
565 2220 707 2259 Filium
736 2222 876 2270 Spiritu
904 2223 1053 2271 Sancto.

334 2277 409 2314 SED
438 2286 584 2313 CONTRA
612 2286 678 2311 EST
705 2274 812 2324 quod
839 2274 1072 2322 Augustinus
1093 2274 1192 2321 dicit,
1222 2274 1273 2312 VI
1303 2276 1349 2312 de

283 2330 321 2367 T
316 2330 387 2367 rin.
407 2328 439 2376 ⁸,
470 2327 575 2377 quod
603 2327 763 2376 Spiritus
793 2327 954 2364 Sanctus
979 2336 1035 2365 est
1053 2339 1127 2376 quo
1152 2328 1304 2365 Genitus
1323 2341 1347 2366 a

283 2382 496 2420 Generante
522 2380 702 2431 diligitur,
736 2380 1024 2428 Genitoremque
1050 2393 1162 2418 suum
1189 2381 1320 2430 diligit.

333 2436 557 2472 Respounsso
585 2445 769 2471 memnon
794 2433 900 2481 quod
921 2433 1019 2470 circa
1037 2435 1138 2470 hanc
1156 2434 1346 2482 quaestio-

279 2499 371 2526 nem
399 2487 660 2524 difficultatem
689 2486 798 2522 affert
824 2485 941 2534 quod,
963 2498 1051 2523 cum
1072 2486 1215 2534 dicitur,
1235 2487 1349 2523 Pater

279 2540 403 2590 diligit
427 2539 567 2576 Filium
596 2539 735 2587 Spiritu
761 2539 910 2584 Sancto,
933 2551 1021 2576 cum
1042 2538 1228 2576 ablativus
1258 2551 1348 2576 con-

281 2600 444 2630 struatur
480 2592 519 2628 in
555 2590 774 2628 habitudine
809 2591 966 2628 alicuius
1001 2598 1158 2638 causae,
1196 2591 1348 2629 videtur

281 2644 387 2695 quod
425 2644 585 2693 Spiritus
623 2644 786 2681 Sanctus
824 2643 870 2680 sit
904 2643 1134 2693 principium
1170 2644 1347 2692 diligendi

280 2698 383 2736 Patri
401 2694 415 2718 δ
439 2704 476 2733 et
494 2698 523 2734 F
527 2697 611 2742 ilio;
642 2697 747 2744 quod
767 2704 823 2733 est
842 2696 999 2733 omnino
1020 2697 1267 2745 impossibile.
1299 2699 1348 2734 Et

279 2751 367 2788 ideo
396 2749 554 2798 quidam
584 2749 758 2786 dixerunt
777 2750 876 2786 hanc
896 2761 979 2786 esse
1007 2750 1153 2796 falsam,
1183 2751 1296 2787 Pater
1314 2757 1349 2787 et

279 2803 398 2841 Filius
425 2803 588 2852 diligunt
611 2814 652 2838 se
679 2803 818 2851 Spiritu
847 2803 995 2838 Sanct0.
1026 2803 1075 2839 Et
1099 2802 1230 2839 dicunt
1246 2803 1346 2839 hanc

281 2869 365 2894 esse
386 2862 625 2893 retractatam
646 2855 694 2892 ab
714 2855 927 2902 Augustino
956 2855 995 2892 in
1022 2868 1093 2892 suo
1114 2855 1235 2902 simili,
1258 2868 1346 2893 cum

36 2919 194 2942 ‘Retractaa
210 2920 252 2942 ub.
281 2909 420 2947 scilicet
455 2907 670 2945 retractavit
687 2907 707 2930 ’¹‘
735 2907 868 2956 istam,
895 2908 1009 2944 Pater
1036 2914 1091 2945 est
1114 2909 1262 2956 sapiens
1287 2920 1348 2945 sa-

38 2946 58 2974 1,
73 2952 123 2974 cup.
138 2952 202 2968 xxvi.

274 2962 417 3011 pientia
444 2962 584 3011 genita.
609 2981 633 2988 -
661 2960 830 3007 Quidam
857 2973 951 2998 vero
990 2961 1119 2998 dicunt
1153 2961 1258 3010 quod
1293 2969 1348 2998 est

280 3014 493 3064 propositio
521 3020 532 3035 ¹
563 3013 798 3062 impropria3
838 3021 874 3050 et
911 3021 965 3050 est
1003 3014 1056 3050 sic
1093 3014 1345 3062 exponenda:

280 3069 394 3104 Pater
420 3067 543 3116 diligit
566 3067 705 3116 Filium
735 3067 873 3114 Spiritu
906 3067 1063 3112 Sancto,
1094 3066 1190 3103 idest
1216 3078 1348 3103 amore

282 3119 477 3164 essentiali,
499 3119 563 3168 qui
584 3120 850 3168 appropriatur
870 3119 1023 3168 Spiritui
1044 3120 1196 3156 Sancto.
1213 3140 1237 3147 -
1255 3119 1347 3166 Qui-

282 3172 372 3210 dam
390 3183 484 3208 vero
501 3171 675 3209 dixerunt
694 3172 800 3220 quod
824 3172 1011 3209 ablativus
1030 3172 1100 3209 iste
1120 3172 1348 3209 construitur

282 3225 321 3262 in
340 3224 560 3262 habitudine
580 3225 694 3273 signi:
720 3233 762 3262 ut
780 3225 826 3262 sit
844 3237 990 3272 sensus,
1011 3225 1170 3273 Spiritus
1189 3226 1347 3261 Sanctus

335 3336 363 3369 α)
382 3336 523 3368 sapientia.
541 3350 560 3355 -
576 3337 682 3368 sapiens
699 3337 832 3369 sapientia
851 3337 897 3362 Pa.

337 3371 362 3404 β)
381 3375 437 3396 aut.
454 3385 474 3391 —-
490 3374 540 3396 aut
556 3372 673 3397 suniitur
690 3373 765 3397 BCD.

335 3407 362 3440 γ)
381 3407 460 3439 quod.
478 3420 497 3425 -
515 3406 578 3432 Om.
595 3407 706 3432 codices.

336 3441 361 3474 ὃ)
380 3442 467 3467 Patri.
484 3455 504 3460 -
521 3444 547 3466 et
566 3442 644 3467 Patri
661 3443 689 3467 P.
707 3456 727 3461 -
744 3443 852 3468 omnino
870 3451 924 3468 om.
938 3443 1018 3468 BDG.

336 3477 358 3509 ε)
373 3477 535 3509 propositio.
552 3490 571 3495 -
590 3477 651 3502 Om.
670 3478 779 3502 codices.

335 3511 361 3544 ζ)
380 3512 486 3537 scilicet.
500 3525 519 3530 -
533 3511 636 3536 Omittit
654 3511 683 3537 P.
701 3526 720 3531 —
737 3512 835 3538 Eadem
860 3518 921 3547 post
938 3513 971 3538 ab
990 3513 1027 3538 eis
1047 3512 1115 3537 addit
1140 3512 1258 3544 Spiritus
1278 3512 1346 3537 San-

282 3551 351 3573 ctus.

336 3583 362 3615 η)
382 3583 522 3608 dixerunt.
539 3595 558 3601 -·
575 3582 668 3607 dicunt
686 3582 796 3608 codices.

1399 698 1455 729 est
1477 692 1629 742 signum
1656 692 1759 741 quod
1773 693 1887 729 Pater
1912 690 2047 741 diligat
2062 691 2213 737 Filium,
2234 690 2460 739 inquantum

1400 745 1538 781 scilicet
1557 744 1571 771 t
1598 745 1770 793 procedit
1792 745 1840 781 ab
1861 744 1915 781 eis
1933 751 1975 781 ut
1994 756 2113 780 amor.
2133 763 2158 772 -·
2179 744 2348 790 Quidam
2365 756 2460 781 vero

1400 797 1575 835 dixerunt
1591 803 1605 821 ¹¹
1633 798 1738 846 quod
1758 796 1944 834 ablativus
1963 796 2031 833 iste
2053 797 2280 833 construitur
2298 796 2337 833 in
2357 796 2464 834 habi—

1398 850 1530 887 tudine
1555 863 1693 888 causae
1712 849 1912 887 formalis:
1942 849 2031 898 quia
2050 849 2209 898 Spiritus
2229 850 2389 886 Sanctus
2409 856 2465 886 est

1399 905 1532 950 Amor,
1553 915 1631 951 quo
1651 902 1857 940 formaliter
1883 903 1996 938 Pater
2023 909 2060 938 et
2088 901 2203 938 Filius
2228 913 2271 951 se
2298 900 2463 938 invicem

1401 955 1569 1003 diligunt.
1589 976 1614 983 -
1635 955 1803 1002 Quidam
1821 965 1916 992 vero
1938 954 2112 991 dixerunt
2125 952 2139 975 ⁰
2158 955 2262 1003 quod
2282 954 2464 991 construi-

1399 1015 1460 1045 tur
1482 1008 1521 1045 in
1539 1008 1760 1045 habitudine
1781 1007 1937 1044 effectus
1957 1007 2137 1044 formalis.
2163 1008 2212 1044 Et
2230 1006 2289 1044 isti
2307 1006 2463 1056 propin—

1400 1061 1510 1109 quius
1538 1060 1587 1098 ad
1616 1060 1814 1098 veritatem
1843 1067 2095 1096 accesserunt.

1453 1113 1565 1150 Unde
1580 1114 1627 1150 ad
1643 1112 1757 1150 huius
1771 1119 1779 1133 ¹
1799 1112 2040 1159 evidentiam,
2056 1112 2255 1149 sciendum
2275 1119 2332 1150 est
2345 1111 2463 1161 quod,

1401 1178 1490 1202 cum
1510 1177 1569 1202 res
1589 1165 1846 1203 communiter
1865 1165 2158 1202 denominentur
2175 1177 2198 1201 a
2218 1164 2294 1202 suis
2317 1164 2462 1212 formis,
2499 1193 2501 1195 -

1401 1218 1496 1255 sicut
1514 1218 1642 1255 album
1667 1219 1715 1255 ab
1736 1218 1922 1264 albedine,
1943 1225 1979 1254 et
1997 1219 2110 1254 homo
2130 1217 2178 1254 ab
2206 1218 2461 1263 humanitate3

1401 1283 1518 1307 omne
1546 1271 1637 1307 illud
1656 1283 1679 1307 a
1698 1282 1776 1318 quo
1805 1269 1946 1318 aliquid
1975 1269 2255 1316 denominatur,
2281 1277 2464 1318 quantum

1400 1323 1450 1360 ad
1477 1323 1553 1360 hoc
1581 1323 1696 1360 habet
1722 1322 1986 1360 habitudinem
2014 1323 2172 1359 formae.
2202 1322 2253 1359 Ut
2275 1323 2306 1359 si
2326 1323 2463 1369 dicam,

1400 1376 1466 1412 iste
1493 1381 1547 1412 est
1578 1376 1727 1412 indutus
1753 1375 1968 1412 vestimento
1996 1380 2027 1422 ⁸,
2057 1374 2126 1411 iste
2155 1375 2342 1412 ablativus
2375 1387 2464 1412 con-

1401 1427 1555 1465 struitur
1582 1428 1621 1464 in
1648 1427 1866 1464 habitudine
1905 1439 2042 1464 causae
2070 1427 2259 1474 formalis,
2288 1427 2465 1476 quamvis

1401 1493 1480 1518 non
1508 1481 1553 1517 sit
1581 1481 1716 1517 forma.
1748 1480 1939 1528 Contingit
1966 1487 2095 1517 autem
2123 1479 2264 1528 aliquid
2294 1480 2466 1517 denomi-

1401 1533 1482 1570 nari
1508 1546 1578 1582 per
1605 1533 1643 1571 id
1672 1533 1778 1582 quod
1806 1534 1854 1570 ab
1882 1533 1965 1582 ipso
1989 1532 2162 1581 procedit
2179 1532 2210 1580 ²¹⁶,
2240 1545 2318 1570 non
2339 1534 2464 1570 solum
2492 1539 2501 1548 '

1401 1585 1496 1623 sicut
1515 1599 1630 1634 agens
1650 1584 1797 1623 actione
1811 1585 1838 1632 λ;
1865 1586 1933 1622 sed
1953 1586 2066 1622 etiam
2086 1585 2181 1622 sicut
2199 1585 2282 1634 ipso
2302 1586 2464 1622 termino

1401 1639 1571 1686 actionis,
1592 1640 1658 1687 qui
1682 1647 1739 1676 est
1758 1638 1926 1685 effectus,
1956 1638 2111 1686 quando
2139 1638 2221 1687 ipse
2249 1638 2406 1675 effectus
2425 1639 2465 1675 in

1401 1693 1591 1729 intellectu
1617 1692 1774 1729 actionis
1794 1691 2005 1728 includitur.
2036 1691 2208 1727 Dicimus
2237 1691 2339 1728 enim
2359 1692 2464 1739 quod

1401 1746 1500 1795 ignis
1528 1750 1582 1782 est
1607 1744 1831 1794 calefaciens
1859 1742 2112 1791 calefactione,
2134 1744 2310 1793 quamvis
2333 1744 2465 1781 calefa-

1402 1798 1475 1835 ctio
1504 1810 1583 1836 non
1611 1797 1657 1835 sit
1685 1798 1799 1845 calor,
1828 1797 1893 1846 qui
1913 1804 1968 1834 est
1986 1797 2110 1834 forma
2138 1796 2244 1845 ignis,
2273 1795 2341 1834 sed
2368 1796 2464 1834 actio

1402 1851 1449 1888 ab
1487 1850 1572 1899 igne
1605 1849 1839 1900 procedens:
1869 1857 1906 1886 et
1934 1849 2095 1887 dicimus
2129 1849 2234 1898 quod
2270 1851 2388 1887 arbor
2414 1856 2467 1887 est

1391 1905 1539 1953 florens
1556 1905 1741 1953 floribus,
1770 1903 1946 1952 quamvis
1973 1903 2088 1939 flores
2126 1915 2205 1939 non
2238 1902 2311 1939 sint
2342 1903 2465 1940 forma

1402 1957 1558 2003 arboris,
1588 1957 1656 1994 sed
1681 1956 1836 2005 quidam
1858 1956 2014 1992 effectus
2034 1956 2082 1992 ab
2101 1955 2183 2003 ipsa
2200 1954 2463 2004 procedentes.

1456 2009 1677 2046 Secundum
1701 2009 1777 2046 hoc
1796 2020 1885 2056 ergo
1916 2007 2119 2045 dicendum
2139 2007 2256 2057 quod,
2278 2019 2364 2045 cum
2385 2008 2464 2045 dili-

1400 2075 1493 2113 gere
1511 2063 1550 2100 in
1570 2062 1707 2100 divinis
1727 2062 1924 2111 dupliciter
1939 2068 2121 2109 sumatur,
2138 2060 2382 2098 essentialiter
2396 2061 2465 2097 sci-

1401 2115 1486 2153 licet
1515 2123 1551 2152 et
1577 2114 1835 2161 notionaliter3
1865 2113 2078 2151 secundum
2097 2113 2202 2162 quod
2222 2113 2466 2151 essentialiter

1402 2169 1574 2216 sumitur,
1595 2168 1649 2206 sic
1667 2169 1780 2205 Pater
1799 2175 1835 2204 et
1854 2167 1969 2204 Filius
1987 2164 2067 2203 non
2086 2166 2243 2214 diligunt
2261 2177 2302 2203 se
2323 2166 2463 2215 Spiritu

1403 2223 1556 2269 Sancto,
1578 2221 1645 2258 sed
1666 2220 1826 2257 essentia
1846 2231 1926 2257 sua.
1948 2219 2059 2257 Unde
2078 2219 2311 2267 Augustinus
2332 2219 2420 2256 dicit
2433 2224 2464 2266 Ρ,

1402 2274 1440 2311 in
1460 2274 1531 2311 XV
1549 2274 1595 2310 de
1618 2274 1654 2310 T
1650 2273 1720 2310 rin.
1740 2271 1778 2309 *t
1813 2273 1903 2315 Quis
1929 2272 2043 2309 audet
2068 2272 2192 2308 dicere
2218 2272 2369 2309 Patrem
2398 2284 2466 2309 nec

1400 2339 1441 2364 se
1468 2339 1536 2364 nec
1562 2326 1702 2363 Filium
1731 2338 1799 2363 nec
1822 2325 2000 2374 Spiritum
2021 2324 2200 2362 Sanctum
2219 2324 2377 2374 diligere
2396 2325 2468 2362 nisi

1397 2392 1469 2428 per
1487 2379 1667 2428 Spiritum
1686 2378 1894 2416 Sanctum?
1920 2379 1970 2415 Et
1987 2378 2200 2415 secundum
2228 2378 2303 2414 hoc
2330 2390 2464 2426 proce-

1379 2433 1496 2470 dunt
1522 2433 1669 2481 primae
1703 2431 1915 2480 opiniones.
1935 2451 1960 2458 -
1981 2430 2202 2467 Secundum
2231 2443 2324 2467 vero
2360 2429 2465 2478 quod

1401 2485 1639 2522 notionaliter
1673 2484 1849 2530 sumitur,
1884 2484 1937 2520 sic
1971 2483 2122 2530 diligere
2151 2482 2241 2519 nihil
2275 2490 2331 2519 est
2363 2483 2464 2520 aliud

1401 2550 1519 2586 quam
1537 2538 1684 2585 spirare
1701 2548 1894 2578 amorem‚·
1923 2536 2017 2572 sicut
2035 2536 2158 2572 dicere
2177 2543 2232 2572 est
2250 2534 2464 2583 producere

1401 2591 1583 2637 verbum,
1614 2597 1651 2626 et
1671 2591 1818 2638 florere
1846 2596 1901 2626 est
1928 2588 2141 2637 producere
2169 2588 2284 2625 flores
2307 2594 2330 2625 ⁹.
2362 2587 2464 2625 Sicut

1402 2656 1492 2691 ergo
1522 2642 1656 2679 dicitur
1683 2642 1797 2679 arbor
1814 2642 1957 2678 florens
1975 2641 2147 2688 floribus,
2167 2641 2218 2678 ita
2238 2640 2372 2678 dicitur
2390 2642 2463 2678 Pa-

1401 2704 1457 2733 ter
1485 2696 1612 2732 dicens
1640 2695 1769 2731 Verbo
1797 2696 1859 2731 vel
1888 2694 2004 2740 Filio,
2034 2706 2074 2730 se
2103 2701 2139 2730 et
2167 2701 2399 2730 creaturam:
2429 2701 2471 2741 et

1402 2751 1514 2786 Pater
1532 2756 1570 2784 et
1590 2748 1705 2785 Filius
1734 2747 1908 2784 dicuntur
1935 2747 2129 2794 diligentes
2150 2746 2290 2796 Spiritu
2310 2747 2462 2794 Sancto,

1401 2802 1464 2838 vel
1492 2803 1637 2837 Amore
1664 2799 1908 2850 procedente,
1940 2807 1976 2836 et
2003 2812 2044 2836 se
2073 2807 2110 2836 et
2137 2811 2218 2836 nos.

1454 2855 1514 2891 An
1543 2866 1679 2891 PRIMUM
1707 2865 1805 2890 ERGO
1825 2864 2009 2890 DICENDUM
2029 2851 2135 2900 quod
2154 2865 2237 2889 esse
2260 2853 2463 2900 sapientem

1401 2907 1464 2943 vel
1492 2906 1754 2956 intelligentem
1782 2905 1820 2942 in
1849 2905 1985 2942 divinis
2013 2917 2091 2942 non
2119 2905 2278 2942 sumitur
2305 2905 2377 2942 nisi
2405 2917 2463 2942 es-

1404 2959 1625 2996 sentialiter:
1664 2966 1701 2995 et
1727 2958 1814 2995 ideo
1848 2970 1927 2995 non
1958 2965 2083 3006 potest
2116 2957 2189 2994 dici
2220 2958 2325 3005 quod
2351 2959 2464 2994 Pater

1401 3013 1447 3049 sit
1472 3012 1620 3060 sapiens
1646 3011 1707 3048 vel
1732 3011 1941 3060 intelligens
1966 3011 2075 3047 Filio.
2113 3010 2189 3047 Sed
2217 3010 2373 3059 diligere
2400 3022 2463 3047 su-

1401 3065 1517 3102 mitur
1544 3077 1623 3101 non
1651 3063 1775 3101 solum
1811 3062 2069 3110 essentialiter,
2100 3062 2167 3099 sed
2197 3062 2308 3099 etiam
2341 3062 2462 3099 notio-

1402 3117 1543 3155 naliter.
1574 3117 1623 3154 Et
1651 3116 1862 3154 secundum
1881 3117 1968 3163 hoc,
1988 3128 2193 3165 possumus
2213 3115 2337 3152 dicere
2358 3116 2462 3164 quod

1402 3173 1513 3208 Pater
1541 3177 1578 3206 et
1601 3169 1717 3207 Filius
1741 3169 1898 3217 diligunt
1916 3181 1956 3205 se
1977 3166 1990 3192 ξ
2018 3168 2157 3217 Spiritu
2176 3169 2328 3215 Sancto,
2348 3175 2390 3205 ut
2409 3169 2463 3205 di-

1402 3232 1505 3260 ctum
1534 3230 1589 3259 est
1606 3222 1637 3259 ³⁸.

1454 3335 1478 3368 θ)
1498 3336 1636 3360 dixerunt.
1655 3350 1674 3354 —
1692 3335 1785 3360 dicunt
1802 3335 1831 3360 B.

1454 3372 1472 3403 ι)
1491 3371 1578 3396 huius.
1594 3385 1613 3389 -
1631 3370 1686 3395 etus
1701 3370 1810 3395 codices.
1827 3383 1847 3389 —-
1865 3369 1915 3394 Pro
1931 3370 2143 3398 denominentur,
2157 3369 2343 3394 denominetur
2360 3368 2462 3395 BDEG.

1453 3407 1477 3438 κ)
1498 3406 1661 3430 vestimento.
1679 3420 1700 3424 -
1717 3405 1871 3430 indumento
1889 3404 2011 3430 ABCDE.

1452 3440 1480 3474 λ)
1499 3441 1612 3466 actione.
1629 3453 1648 3459 -—
1665 3441 1778 3466 actionis
1796 3441 1890 3473 AEpC,
1908 3448 1962 3465 om.
1980 3440 2009 3464 F.
2026 3453 2046 3458 —
2064 3439 2121 3471 ipso
2139 3447 2193 3465 om.
2207 3439 2324 3471 codices3
2343 3447 2391 3472 pro
2409 3443 2462 3465 ter-

1401 3477 1479 3505 mino.
1500 3476 1653 3501 terminatio
1671 3476 1812 3508 ABEGpC.

1454 3512 1481 3545 μ.)
1501 3511 1575 3536 dicit.
1592 3524 1612 3530 -
1629 3511 1690 3536 Om.
1703 3511 1767 3535 Pab.

1452 3547 1475 3578 ν)
1488 3548 1581 3581 flores.
1598 3558 1618 3565 ·-
1628 3546 1726 3579 florem
1746 3545 1847 3570 codices
1866 3550 1892 3570 et
1909 3551 1926 3570 a
1937 3545 1960 3570 b.

1454 3580 1478 3614 ξ)
1497 3589 1532 3606 se.
1551 3594 1569 3601 »-
1587 3581 1649 3606 Om.
1667 3581 1788 3606 BCDFG.

2488 3221 2581 3242 'Inco

2587 740 2604 770 t

2588 797 2604 821 η

2586 2220 2604 2245 μ

2492 2279 2501 2287 ·
2517 2278 2574 2307 Cap.
2588 2284 2631 2300 vn.

2587 3168 2600 3199 ξ

2582 3226 2661 3248 rpore.
