2768 4178
44 914 55 924 ⁴⁸
78 913 114 934 Cf.
137 920 176 941 qu.
200 920 256 940 xix,

44 940 133 961 Introd.

32 2012 41 2020 ”’
55 2011 79 2032 S.
90 2010 134 2032 Th.
147 2010 199 2032 lect.
218 2016 248 2036 ix,

31 2044 71 2059 x11.

35 2171 46 2180 '⁸
61 2169 127 2191 Vers.
144 2170 177 2192 16.

291 286 366 322 252

1010 285 1278 331 QUAESTIO
1308 287 1396 332 XX,
1427 287 1723 325 ARTICULUS
1755 288 1768 324 I

946 431 1375 552 Χ(ρυΑΕὸΤΙο
1413 478 1816 535 VtGEsIMA

1150 605 1234 645 DE
1267 605 1485 647 AMORE
1518 607 1621 649 DEI

1080 721 1113 745 IN

289 835 476 918 Derrima:
510 825 830 863 considerandum
867 833 922 862 est
955 826 1000 862 de
1030 825 1086 861 his
1116 837 1215 873 quae
1243 826 1354 862 abso-

1144 721 1317 751 QUATUOR
1344 723 1546 749 ARTICULOS
1574 724 1690 750 DIVISA

1411 838 1543 863 amore
1563 827 1635 863 Dei
1648 826 1682 873 β;
1703 828 1885 876 secundo,
1907 829 1953 866 de
1973 828 2108 866 iustitia
2122 829 2204 877 Dei,
2223 837 2259 866 et
2271 830 2483 867 misericor-

370 888 444 924 lute
465 887 512 924 ad
533 888 770 924 voluntatem
790 887 860 923 Dei
876 893 892 907 ⁰⁴
914 886 1100 935 pertinent
1115 886 1145 923 ²¹⁸.
1179 887 1221 923 In
1248 894 1355 935 parte
1412 879 1473 915 dia
1501 879 1581 916 eiUS
1599 879 1630 916 ’¹‘-

287 958 414 986 autem
444 949 645 999 appetitiva
676 949 919 985 inveniuntur
946 949 983 985 in
1012 949 1121 985 nobis
1151 956 1187 985 et
1214 948 1356 997 passio-

286 1025 353 1049 nes
383 1012 542 1058 animae,
572 1019 614 1048 ut
641 1011 834 1059 gaudium,
857 1023 977 1058 amor,
1001 1018 1036 1047 et
1054 1011 1289 1056 huiusmodi3
1321 1018 1356 1047 et

285 1075 432 1111 habitus
462 1074 662 1110 moralium
691 1073 885 1120 virtutum,
915 1081 956 1110 ut
984 1073 1132 1120 iustitia,
1164 1073 1353 1121 fortitudo,

286 1145 322 1172 et
357 1135 585 1172 huiusmodi.
630 1135 740 1172 Unde
781 1135 906 1183 primo
943 1135 1269 1172 considerabimus
1307 1136 1353 1173 de

1412 931 1521 968 Circa
1548 932 1714 981 primum
1743 942 1976 982 quaeruntur
2004 943 2178 983 quatuor.

1464 985 1615 1022 Primo:
1645 993 1774 1024 utrum
1803 987 1842 1024 in
1870 988 1954 1024 Deo
1985 987 2029 1024 sit
2057 1000 2178 1025 amor.

1466 1038 1664 1075 Secundo:
1694 1047 1823 1076 utrum
1851 1048 1953 1077 amet
1981 1041 2121 1078 omnia.

1465 1092 1616 1129 Tertio:
1647 1099 1774 1129 utrum
1804 1094 1924 1141 magis
1952 1102 2055 1130 amet
2074 1106 2196 1131 unum
2225 1106 2343 1143 quarn
2366 1095 2478 1132 aliud.

1465 1145 1633 1192 Quarto:
1663 1154 1791 1183 utrum
1819 1146 1977 1183 meliora
2004 1147 2122 1195 magis
2151 1154 2264 1184 amet.

1101 1263 1420 1306 ARTICULUS
1452 1264 1658 1307 PRIMUS

1026 1365 1211 1396 UTRUM
1244 1365 1391 1396 AMOR
1424 1366 1505 1396 SIT
1542 1367 1592 1397 IN
1625 1351 1732 1398 D'Eo

580 1453 655 1483 Infra,
675 1461 719 1486 qu.
738 1461 829 1482 Lxxxm
849 1458 895 1478 art.
917 1452 940 1483 5,
960 1453 992 1478 ad
1016 1460 1042 1484 ις
1063 1453 1093 1478 ΙΙΙ
1114 1453 1197 1484 Sent.,
1218 1454 1277 1478 dist.
1296 1461 1371 1483 xxxxi.
1391 1459 1438 1479 art.
1462 1462 1481 1484 1,
1502 1455 1533 1479 ad
1558 1462 1585 1485 x;
1605 1455 1614 1480 1
1636 1456 1711 1480 Cont.
1734 1456 1820 1485 Gent„
1841 1463 1897 1489 cap.
1916 1463 1972 1487 x01;
1993 1455 2035 1486 IV,
2055 1463 2111 1489 cap.
2130 1463 2186 1487 xtx;

1141 1489 1182 1514 De
1201 1489 1263 1514 Div.
1282 1489 1370 1519 Nom„
1391 1498 1447 1523 cap.
1465 1491 1572 1521 1v,lect.
1585 1498 1619 1515 1x.

306 1594 376 1649 2⁰²³?
396 1596 475 1630 *aa
497 1591 518 1615 D
548 1591 684 1615 PmMUM
714 1591 766 1615 stc
789 1590 1028 1615 PRocEmTUR.
1059 1578 1218 1615 Videtur
1245 1579 1351 1627 quod

411 1620 471 1681 ’ζῆ
497 1645 607 1669 amor
626 1644 704 1669 non
725 1632 768 1668 sit
786 1631 824 1668 in
844 1633 940 1668 Deo.
967 1632 1083 1668 Nulla
1104 1632 1205 1668 enim
1224 1632 1350 1681 passio

329 1669 552 1735 ⁸*pq'sfzfest
592 1685 629 1722 in
667 1686 764 1722 Deo.
803 1687 926 1721 Amor
968 1693 1023 1721 est
1064 1685 1202 1733 passio.
1247 1686 1350 1733 Ergo

338 1730 604 1776 Mamor
622 1743 636 1764 ⁷
666 1751 744 1775 non
774 1746 828 1775 est
855 1738 893 1775 in
922 1739 1018 1775 Deo.

338 1803 372 1827 2.
403 1792 636 1838 PRAETEREA,
658 1804 778 1837 amor,
799 1791 865 1838 ira,
887 1791 1038 1838 tristitia,
1061 1800 1098 1829 et
1120 1791 1348 1838 huiusmodi,

283 1852 414 1881 contra
442 1858 482 1882 se
512 1845 739 1882 dividuntur.
772 1845 848 1882 Sed
878 1845 1018 1882 tristitia
1047 1853 1083 1881 et
1110 1845 1163 1882 ira
1192 1858 1271 1882 non
1298 1845 1351 1882 di-

282 1906 418 1934 cuntur
434 1898 481 1935 de
501 1900 586 1935 Deo
616 1899 685 1935 nisi
709 1898 981 1946 metaphorice.
1013 1899 1114 1946 Ergo
1135 1911 1206 1935 nec
1226 1910 1348 1935 amor.

336 1952 370 1988 3.
401 1952 632 1998 PRAETEREA,
664 1952 870 2000 Dionysius
899 1951 997 1998 dicit,
1027 1964 1063 1988 1v
1083 1963 1165 2000 cap,
1187 1952 1232 1988 de
1259 1952 1348 1988 Diu.

279 2005 396 2041 Nom.
413 2005 450 2041 ²³⁶:
479 2007 603 2042 Amor
630 2011 683 2042 est
709 2006 765 2042 vis
787 2005 928 2041 unitiva
952 2010 989 2041 et
1006 2005 1231 2042 concretiva.
1263 2005 1350 2041 Hoc

280 2065 407 2094 autem
436 2058 473 2095 in
502 2059 586 2095 Deo
616 2059 744 2095 locum
774 2059 915 2095 habere
937 2070 1015 2094 non
1035 2066 1171 2106 potest,
1193 2070 1283 2095 curn
1304 2057 1350 2095 sit

279 2111 451 2160 simplex.
482 2112 583 2159 Ergo
612 2112 650 2148 in
679 2113 763 2148 Deo
793 2124 871 2148 non
901 2119 956 2147 est
984 2124 1105 2148 amor.

333 2166 407 2201 SED
437 2176 582 2202 CONTRA
602 2177 667 2201 EST
686 2165 793 2214 quod
813 2165 945 2202 dicitur
965 2166 978 2201 I
1002 2166 1105 2202 Ioan.
1124 2177 1159 2201 ιν
1173 2164 1213 2201 *ε
1243 2165 1350 2202 Deus

279 2218 417 2254 caritas
447 2224 509 2254 est.

333 2272 557 2308 Responmzo
587 2283 771 2308 DICENDUM
800 2270 904 2319 quod
935 2283 1091 2307 necesse
1121 2278 1177 2307 est
1204 2282 1348 2319 ponere

280 2336 454 2361 amorem
482 2324 520 2360 in
548 2325 646 2361 Deo.
677 2324 827 2360 Primus
857 2324 957 2360 enim
983 2331 1111 2360 motus
1130 2323 1347 2371 voluntatis,

281 2385 316 2414 et
345 2377 540 2414 cuiuslibet
567 2377 797 2426 appetitivae
825 2377 980 2423 virtutis,
1011 2385 1067 2413 est
1094 2389 1216 2414 amor.
1247 2377 1348 2414 Cum

280 2431 380 2467 enirn
419 2439 523 2467 actus
551 2430 775 2477 voluntatis,
816 2438 852 2467 et
890 2430 1086 2467 cuiuslibet
1123 2429 1348 2479 appetitivae

279 2484 442 2531 virtutis,
473 2484 603 2521 tendat
623 2481 635 2504 ὅ
663 2484 700 2520 in
734 2484 880 2521 bonum
916 2491 951 2520 et
985 2484 1151 2530 malum,
1191 2483 1285 2520 sicut
1311 2483 1349 2520 in

279 2537 432 2586 propria
469 2537 638 2583 obiecta;
678 2538 824 2574 bonum
862 2545 991 2574 autem
1034 2536 1275 2585 principalius
1314 2544 1349 2573 et

279 2603 348 2639 per
376 2603 415 2627 se
445 2599 501 2627 est
533 2590 727 2627 obiectum
746 2591 951 2628 voluntatis
977 2598 1012 2627 et
1031 2590 1239 2639 appetitus,
1269 2602 1348 2627 ma—

280 2645 359 2681 lum
395 2652 523 2680 autem
562 2644 786 2681 secundario
817 2652 852 2681 et
880 2657 949 2693 per
977 2644 1095 2691 aliud,
1124 2643 1349 2693 inquantum

281 2697 417 2734 scilicet
444 2698 650 2746 opponitur
679 2698 804 2734 bono:
835 2706 986 2747 oportet
1019 2697 1236 2734 naturaliter
1265 2696 1346 2734 esse

279 2750 425 2799 priores
464 2758 568 2787 actus
596 2751 799 2788 voluntatis
838 2759 874 2788 et
912 2751 1100 2800 appetitus
1139 2751 1202 2800 qui
1234 2750 1348 2799 respi-

282 2804 384 2840 ciunt
412 2804 572 2850 bonum,
602 2804 658 2840 his
679 2804 743 2851 qui
773 2804 974 2853 respiciunt
1003 2805 1166 2850 malum3
1196 2812 1238 2841 ut
1257 2816 1349 2852 gau-

281 2857 385 2894 dium
406 2869 523 2905 quarn
544 2857 683 2894 tristitia
698 2863 720 2903 ⁴,
743 2865 778 2894 et
798 2870 908 2894 amor
927 2870 1044 2906 quam
1066 2857 1210 2894 odium.
1239 2858 1348 2894 Sem-

280 2922 348 2959 per
377 2910 478 2947 enirn
508 2911 612 2959 quod
642 2918 697 2947 est
725 2923 794 2960 per
813 2923 864 2958 se,
885 2911 988 2960 prius
1019 2919 1074 2948 est
1094 2923 1140 2948 eo
1167 2911 1272 2960 quod
1294 2919 1349 2948 est

279 2976 348 3012 per
363 2963 474 3000 aliud.

335 3018 496 3063 Rursus,
527 3017 632 3065 quod
661 3025 716 3054 est
749 3017 1015 3063 communius,
1046 3017 1264 3055 naturaliter
1293 3026 1348 3055 est

280 3070 400 3118 prius:
430 3070 532 3107 unde
563 3077 599 3106 et
626 3070 831 3107 intellectus
870 3083 939 3119 per
971 3070 1073 3119 prius
1106 3071 1346 3108 habet.ordi-

281 3136 370 3160 nem
408 3123 456 3160 ad
486 3135 622 3160 verum
659 3136 885 3171 commune,
920 3136 1038 3172 quam
1072 3124 1120 3161 ad
1149 3124 1346 3173 particula-

282 3176 334 3213 ria
377 3177 567 3224 quaedam
603 3189 706 3214 vera.
748 3178 842 3214 Sunt
884 3186 1011 3214 autem
1048 3177 1205 3226 quidam
1242 3186 1346 3215 actus

280 3230 485 3266 voluntatis
515 3238 551 3266 et
578 3230 786 3280 appetitus,
818 3231 1058 3279 respicientes
1088 3231 1235 3268 bonum
1273 3232 1344 3268 sub

282 3282 407 3331 aliqua
435 3283 586 3332 speciali
621 3284 854 3321 conditione:
886 3284 979 3320 sicut
1007 3283 1189 3332 gaudium
1220 3291 1256 3321 et
1284 3286 1347 3322 de-

282 3336 428 3373 lectatio
459 3344 513 3373 est
543 3337 588 3374 de
618 3338 722 3374 bono
752 3337 941 3386 praesenti
963 3345 997 3373 et
1018 3337 1169 3384 habito;
1201 3337 1347 3375 deside-

335 3452 362 3482 α)
384 3451 442 3476 Dei.
460 3465 478 3470 -
497 3452 558 3476 Om.
578 3452 678 3476 codices
698 3457 723 3476 et
743 3452 782 3476 ed.
798 3459 823 3476 a.

336 3485 360 3518 β)
383 3487 440 3511 Dei.
459 3500 477 3505 —
496 3487 556 3511 Om.
576 3488 677 3515 ABCE2
698 3493 723 3512 et
742 3488 775 3512 ita
794 3495 854 3512 mox
874 3488 985 3512 codices.

334 3522 361 3554 γ)
381 3529 465 3546 amor.
483 3535 502 3541 —
521 3523 582 3547 Om.
602 3523 763 3547 ABCEFGa.

334 3556 359 3588 ὃ)
380 3557 480 3582 tendat.
499 3571 517 3575 -
536 3558 647 3582 tendant
666 3558 738 3583 FGa.

335 3593 356 3623 ε)
377 3592 495 3617 tristitia.
513 3606 532 3611 —
550 3593 688 3618 tristitiam
708 3594 762 3618 FG.

334 3627 358 3659 ζ)
379 3628 474 3652 Nullus
493 3628 571 3653 enim.
585 3641 603 3647 —-
616 3629 711 3653 Nullus
731 3629 799 3653 enim
821 3636 872 3653 non
893 3630 922 3657 Α,
941 3629 1090 3654 Intellectus
1109 3629 1177 3654 enim
1199 3629 1296 3660 (autem
1313 3628 1344 3660 D)

282 3671 333 3688 non
353 3663 428 3687 CDE.
448 3664 535 3695 Margo
555 3665 584 3691 Α,
604 3664 658 3688 αΙία
678 3664 776 3693 littera,
797 3664 943 3689 intellectus
964 3665 1032 3689 enim
1054 3672 1105 3689 non
1126 3665 1269 3690 desiderat.

1407 1578 1504 1615 rium
1532 1587 1662 1616 autern
1697 1587 1733 1617 et
1770 1592 1876 1629 spes,
1908 1579 1956 1617 de
1985 1580 2089 1616 bono
2119 1579 2294 1617 nondum
2323 1580 2476 1629 adepto.

1406 1634 1530 1669 Amor
1558 1640 1687 1670 autem
1721 1633 1872 1682 respicit
1907 1634 2056 1670 bonum
2084 1633 2122 1670 in
2151 1633 2366 1680 communi,
2397 1633 2476 1671 sive

1407 1685 1453 1722 sit
1479 1686 1669 1734 habiturn,
1700 1686 1782 1724 sive
1810 1699 1890 1724 non
1917 1686 2102 1723 habitum.
2133 1686 2244 1724 Unde
2273 1698 2383 1724 amor
2410 1699 2476 1724 na-

1407 1739 1574 1776 turaliter
1603 1747 1658 1776 est
1685 1739 1831 1789 primus
1860 1747 1964 1776 actus
1992 1739 2197 1776 voluntatis
2223 1747 2259 1777 et
2276 1739 2474 1789 appetitus.

1461 1793 1510 1829 Et
1541 1801 1698 1842 propter
1725 1794 1820 1840 hoc,
1851 1805 1988 1830 omnes
2026 1792 2086 1829 alii
2123 1800 2251 1830 motus
2285 1792 2477 1842 appetitivi

1405 1854 1722 1895 praesupponunt
1750 1858 1938 1892 amorem,
1967 1845 2076 1895 quasi
2095 1846 2261 1894 primam
2289 1846 2472 1884 radicem.

1408 1898 1544 1936 Nullus
1573 1899 1676 1936 enim
1692 1899 1706 1925 ς
1726 1899 1915 1936 desiderat
1939 1899 2093 1948 aliquid,
2115 1898 2185 1936 nisi
2204 1899 2353 1936 bonum
2373 1911 2476 1936 ama-

1409 1960 1510 1989 tum:
1541 1964 1667 2001 neque
1698 1952 1829 2001 aliquis
1858 1952 2010 2000 gaudet,
2031 1952 2102 1989 nisi
2131 1952 2178 1990 de
2204 1952 2308 1989 bono
2334 1959 2474 1990 amato.

1406 2005 1552 2043 Odium
1573 2005 1687 2042 etiam
1706 2011 1720 2028 ’¹
1740 2017 1819 2042 non
1845 2013 1901 2042 est
1919 2005 1990 2042 nisi
2011 2005 2059 2043 de
2080 2018 2126 2042 eo
2147 2005 2252 2054 quod
2273 2005 2475 2043 contraria-

1405 2067 1465 2096 tur
1493 2058 1546 2095 rei
1575 2066 1734 2095 amatae.
1766 2059 1815 2095 Et
1842 2058 2008 2096 similiter
2033 2059 2216 2096 tristitiam
2241 2055 2265 2106 ⁰,
2288 2066 2324 2096 et
2352 2066 2477 2096 cetera

1403 2112 1636 2158 huiusmodi,
1653 2111 1895 2149 manifestum
1913 2120 1968 2149 est
1982 2112 2020 2149 in
2036 2124 2210 2149 amorem
2225 2112 2366 2159 referri,
2382 2112 2478 2150 sicut

1403 2166 1442 2203 in
1470 2165 1637 2215 primum
1665 2165 1904 2214 principium.
1936 2166 2047 2204 Unde
2076 2165 2114 2203 in
2143 2177 2389 2215 quocumque
2419 2173 2476 2203 est

1403 2219 1582 2256 voluntas
1600 2219 1663 2255 vel
1683 2218 1883 2267 appetitus,
1906 2226 2057 2267 oportet
2082 2231 2164 2256 esse
2193 2231 2387 2256 amorem:
2417 2231 2476 2256 re-

1404 2280 1511 2309 moto
1547 2271 1649 2308 enim
1682 2271 1824 2320 primo,
1863 2279 2112 2308 removentur
2139 2271 2224 2309 alia.
2263 2273 2475 2310 Ostensum

1405 2333 1460 2362 est
1488 2332 1617 2362 autem
1636 2323 1656 2346 '³‘
1683 2324 1722 2361 in
1750 2325 1835 2361 Deo
1865 2337 1948 2361 esse
1977 2326 2227 2362 voluntatem.
2263 2325 2374 2363 Unde
2407 2337 2473 2363 ne-

1405 2390 1509 2415 cesse
1539 2385 1595 2414 est
1621 2377 1660 2414 in
1689 2389 1735 2414 eo
1763 2389 1908 2426 ponere
1938 2390 2123 2415 amorem.

1457 2433 1516 2468 An
1550 2443 1687 2468 PRlMUM
1721 2442 1819 2468 ERGO
1844 2443 2028 2468 DICENDUM
2063 2432 2168 2480 quod
2196 2431 2256 2468 vis
2285 2431 2474 2479 cognitiva

1404 2496 1482 2521 non
1511 2492 1654 2531 movet,
1685 2483 1755 2520 nisi
1783 2484 1974 2521 mediante
2003 2484 2219 2534 appetitiva.
2250 2485 2299 2522 Et
2322 2484 2418 2522 sicut
2435 2485 2474 2522 in

1404 2537 1513 2575 nobis
1543 2537 1636 2574 ratio
1675 2537 1899 2574 universalis
1936 2546 2069 2575 movet
2105 2537 2298 2575 mediante
2327 2537 2473 2575 ratione

1403 2591 1627 2640 particulari,
1648 2598 1689 2627 ut
1717 2590 1850 2628 dicitur
1869 2590 1908 2627 in
1928 2592 1977 2627 III
1998 2591 2043 2628 de
2061 2591 2202 2628 Anima
2222 2590 2259 2638 *3
2287 2590 2338 2628 ita
2357 2603 2473 2640 appe-

1403 2645 1491 2682 titus
1520 2643 1780 2692 intellectivus,
1811 2643 1877 2693 qui
1906 2644 2039 2681 dicitur
2060 2645 2251 2691 voluntas,
2276 2652 2410 2682 movet
2434 2644 2474 2682 in

1404 2697 1515 2735 nobis
1543 2697 1737 2735 mediante
1775 2697 1943 2746 appetitu
1977 2697 2172 2735 sensitivo.
2208 2698 2320 2736 Unde
2347 2698 2472 2747 proxi-

1404 2763 1512 2788 mum
1542 2751 1731 2788 motivum
1762 2750 1932 2800 corporis
1951 2757 1959 2771 ⁴
1987 2751 2026 2789 in
2061 2751 2173 2788 nobis
2201 2757 2257 2788 est
2285 2751 2473 2801 appetitus

1403 2804 1615 2842 sensitivus.
1645 2804 1757 2842 Unde
1777 2816 1928 2853 semper
1952 2812 2078 2842 actum
2099 2804 2286 2854 appetitus
2306 2804 2473 2843 sensitivi

1403 2858 1681 2895 concomitatur
1699 2857 1824 2906 aliqua
1843 2857 2106 2895 transmutatio
2128 2857 2317 2907 corporis;
2339 2865 2375 2894 et
2392 2869 2472 2895 ma-

1402 2911 1504 2948 xime
1542 2911 1641 2948 circa
1674 2923 1759 2958 cor,
1799 2911 1904 2959 quod
1944 2919 1999 2948 est
2035 2911 2204 2961 primum
2240 2910 2469 2960 principium

1402 2973 1530 3002 motus
1546 2973 1560 2989 κ
1581 2965 1617 3001 in
1637 2963 1803 3002 animali.
1831 2964 1891 3001 Sic
1915 2964 2025 3012 igitur
2049 2971 2154 3001 actus
2173 2963 2361 3013 appetitus
2386 2976 2471 3001 sen-

1403 3018 1511 3065 sitivi,
1536 3018 1762 3066 inquantum
1786 3018 1930 3054 habent
1948 3017 2302 3055 transmutationem
2333 3029 2470 3066 corpo-

1403 3072 1521 3109 ralem
1553 3083 1761 3118 annexam,
1785 3071 1981 3119 passiones
2010 3071 2201 3109 dicuntur:
2231 3082 2311 3108 non
2339 3078 2468 3108 autem

1402 3133 1508 3162 actus
1535 3124 1753 3161 voluntatis.
1784 3126 1907 3161 Amor
1935 3124 2043 3173 igitur
2069 3131 2105 3160 et
2137 3123 2317 3171 gaudium
2350 3131 2387 3161 et
2406 3123 2471 3161 de-

1402 3178 1561 3224 lectatio,
1589 3178 1803 3215 secundum
1842 3177 1949 3226 quod
1977 3177 2186 3226 significant
2219 3185 2325 3214 actus
2354 3189 2471 3226 appe-

1402 3231 1487 3268 titus
1516 3230 1698 3277 sensitivi,
1725 3230 1923 3280 passiones
1951 3238 2058 3268 sunt:
2088 3242 2167 3267 non
2187 3237 2315 3267 autem
2336 3242 2469 3267 secun-

1404 3284 1497 3321 dum
1526 3284 1631 3332 quod
1660 3283 1873 3332 significant
1901 3290 2005 3321 actus
2025 3283 2212 3332 appetitus
2241 3282 2467 3320 intellectivi.

1404 3338 1453 3374 Et
1472 3337 1524 3374 sic
1543 3345 1739 3386 ponuntur
1754 3337 1792 3374 in
1807 3338 1904 3374 Deo.
1922 3336 2033 3374 Unde
2049 3336 2136 3374 dicit
2151 3336 2419 3386 Philosophus,
2431 3336 2470 3374 in

1455 3451 1482 3483 η)
1502 3452 1592 3477 etiam.
1609 3465 1628 3471 -
1646 3455 1735 3477 autem
1754 3451 1876 3476 ABCDE.

1455 3485 1479 3519 Θ)
1500 3487 1648 3512 tristitiam.
1666 3501 1686 3507 ·-
1704 3487 1815 3512 tristitia
1834 3487 1936 3511 codices
1955 3491 1980 3511 et
1998 3494 2015 3510 a
2026 3487 2048 3511 b.

1456 3524 1474 3553 ι)
1498 3523 1573 3547 Uude
1594 3522 1753 3554 proximum
1781 3521 1908 3547 motivum
1931 3522 2061 3553 corpori&
2079 3535 2097 3542 —
2119 3522 2194 3547 Unde
2212 3521 2359 3553 proximus
2384 3520 2470 3546 monci

1401 3558 1522 3589 corporis
1542 3555 1704 3587 ABDEFGa,
1729 3558 1803 3582 Unde
1818 3557 1923 3589 primus
1944 3560 2029 3582 motus
2048 3557 2169 3590 corporis
2181 3557 2210 3587 C,
2234 3557 2308 3582 Unde
2321 3555 2468 3589 proximus

1402 3596 1489 3618 motus
1508 3593 1629 3624 corporis
1647 3593 1688 3618 ed.
1709 3593 1732 3617 b.

1455 3628 1480 3660 x)
1501 3631 1595 3653 motus.
1613 3642 1632 3647 -
1652 3635 1758 3653 movens
1777 3627 1831 3653 FG.

2611 833 2625 867 β

2510 886 2519 895 ·
2537 885 2585 913 Qu.
2599 892 2648 908 xxi.

2501 2331 2513 2342 ⁴
2528 2330 2576 2359 Qu.
2586 2335 2635 2358 xxx,
2648 2334 2717 2353 nrt-¹.

2501 2595 2584 2645 ‘sett-
2592 2601 2716 2646 1001⁴
