<?xml version="1.0" encoding="UTF-8"?>
<!DOCTYPE html PUBLIC "-//W3C//DTD XHTML 1.0 Transitional//EN"
    "http://www.w3.org/TR/xhtml1/DTD/xhtml1-transitional.dtd">
<html xmlns="http://www.w3.org/1999/xhtml" xml:lang="en" lang="en">
 <head>
  <title>
</title>
<meta http-equiv="Content-Type" content="text/html;charset=utf-8" />
  <meta name='ocr-system' content='tesseract 3.04.00' />
  <meta name='ocr-capabilities' content='ocr_page ocr_carea ocr_par ocr_line ocrx_word'/>
</head>
<body>
  <div class='ocr_page' id='page_1' title='image "./operaomniaiussui04thom/operaomniaiussui04thom_0149.png"; bbox 0 0 2768 4178; ppageno 0'>
   <div class='ocr_carea' id='block_1_1' title="bbox 41 336 219 360">
    <p class='ocr_par' dir='ltr' id='par_1_1' title="bbox 41 336 219 360">
     <span class='ocr_line' id='line_1_1' title="bbox 41 336 219 360; baseline -0.006 0"><span class='ocrx_word' id='word_1_1' title='bbox 41 338 53 350; x_wconf 79' lang='lat'>⁸</span> <span class='ocrx_word' id='word_1_2' title='bbox 67 336 104 360; x_wconf 79' lang='lat' dir='ltr'>Cf.</span> <span class='ocrx_word' id='word_1_3' title='bbox 118 342 183 360; x_wconf 85' lang='lat' dir='ltr'>num.</span> <span class='ocrx_word' id='word_1_4' title='bbox 193 342 219 359; x_wconf 83' lang='lat' dir='ltr'>n.</span> 
     </span>
    </p>
   </div>
   <div class='ocr_carea' id='block_1_2' title="bbox 42 429 258 505">
    <p class='ocr_par' dir='ltr' id='par_1_2' title="bbox 42 429 258 505">
     <span class='ocr_line' id='line_1_2' title="bbox 42 429 255 458; baseline 0 -7"><span class='ocrx_word' id='word_1_5' title='bbox 42 431 53 440; x_wconf 78' lang='lat'>&#39;¹</span> <span class='ocrx_word' id='word_1_6' title='bbox 67 429 129 451; x_wconf 84' lang='lat' dir='ltr'>Vide</span> <span class='ocrx_word' id='word_1_7' title='bbox 147 429 255 458; x_wconf 77' lang='lat' dir='ltr'>Capreol-</span> 
     </span>
     <span class='ocr_line' id='line_1_3' title="bbox 42 456 258 505; baseline -0.005 -27"><span class='ocrx_word' id='word_1_8' title='bbox 42 457 100 505; x_wconf 44' lang='lat' dir='ltr'>{gap-</span> <span class='ocrx_word' id='word_1_9' title='bbox 106 456 213 484; x_wconf 80' lang='lat' dir='ltr'>proxime</span> <span class='ocrx_word' id='word_1_10' title='bbox 224 456 258 477; x_wconf 92' lang='lat' dir='ltr'>ci-</span> 
     </span>
    </p>
   </div>
   <div class='ocr_carea' id='block_1_3' title="bbox 0 858 273 4178">
    <p class='ocr_par' dir='ltr' id='par_1_3' title="bbox 0 858 273 4178">
     <span class='ocr_line' id='line_1_4' title="bbox 0 858 273 4178; baseline 0 0"><span class='ocrx_word' id='word_1_11' title='bbox 0 858 273 4178; x_wconf 95' lang='lat' dir='ltr'> </span> 
     </span>
    </p>
   </div>
   <div class='ocr_carea' id='block_1_4' title="bbox 965 255 1794 302">
    <p class='ocr_par' dir='ltr' id='par_1_4' title="bbox 965 255 1794 302">
     <span class='ocr_line' id='line_1_5' title="bbox 965 255 1794 302; baseline 0.002 -11"><span class='ocrx_word' id='word_1_12' title='bbox 965 255 1234 302; x_wconf 90' lang='lat' dir='ltr'>QUAESTIO</span> <span class='ocrx_word' id='word_1_13' title='bbox 1263 255 1353 302; x_wconf 87' lang='lat' dir='ltr'>XII,</span> <span class='ocrx_word' id='word_1_14' title='bbox 1382 255 1679 293; x_wconf 91' lang='lat' dir='ltr'>ARTICULUS</span> <span class='ocrx_word' id='word_1_15' title='bbox 1707 257 1794 293; x_wconf 94' lang='lat' dir='ltr'>VIII</span> 
     </span>
    </p>
   </div>
   <div class='ocr_carea' id='block_1_5' title="bbox 283 332 1356 551">
    <p class='ocr_par' dir='ltr' id='par_1_5' title="bbox 283 332 1356 551">
     <span class='ocr_line' id='line_1_6' title="bbox 337 332 1355 375; baseline -0.001 -11"><span class='ocrx_word' id='word_1_16' title='bbox 337 333 405 365; x_wconf 91' lang='lat' dir='ltr'>XII.</span> <span class='ocrx_word' id='word_1_17' title='bbox 431 333 523 365; x_wconf 91' lang='lat' dir='ltr'>Circa</span> <span class='ocrx_word' id='word_1_18' title='bbox 546 332 671 365; x_wconf 87' lang='lat' dir='ltr'>tertiam</span> <span class='ocrx_word' id='word_1_19' title='bbox 685 333 946 375; x_wconf 86' lang='lat' dir='ltr'>consequentiam</span> <span class='ocrx_word' id='word_1_20' title='bbox 961 333 988 369; x_wconf 88' lang='lat'>*,</span> <span class='ocrx_word' id='word_1_21' title='bbox 1009 333 1144 364; x_wconf 89' lang='lat' dir='ltr'>dubium</span> <span class='ocrx_word' id='word_1_22' title='bbox 1167 343 1204 363; x_wconf 89' lang='lat' dir='ltr'>ex</span> <span class='ocrx_word' id='word_1_23' title='bbox 1220 333 1355 374; x_wconf 90' lang='lat' dir='ltr'>propriis</span> 
     </span>
     <span class='ocr_line' id='line_1_7' title="bbox 283 377 1356 418; baseline -0.002 -9"><span class='ocrx_word' id='word_1_24' title='bbox 283 378 384 418; x_wconf 90' lang='lat' dir='ltr'>ipsius</span> <span class='ocrx_word' id='word_1_25' title='bbox 407 378 531 408; x_wconf 88' lang='lat' dir='ltr'>divinae</span> <span class='ocrx_word' id='word_1_26' title='bbox 552 378 831 418; x_wconf 88' lang='lat' dir='ltr'>cognoscibilitatis</span> <span class='ocrx_word' id='word_1_27' title='bbox 851 378 995 409; x_wconf 91' lang='lat' dir='ltr'>occurrit.</span> <span class='ocrx_word' id='word_1_28' title='bbox 1020 377 1138 414; x_wconf 89' lang='lat' dir='ltr'>Primo,</span> <span class='ocrx_word' id='word_1_29' title='bbox 1162 387 1199 408; x_wconf 85' lang='lat' dir='ltr'>ex</span> <span class='ocrx_word' id='word_1_30' title='bbox 1213 377 1356 408; x_wconf 88' lang='lat' dir='ltr'>Aureolo</span> 
     </span>
     <span class='ocr_line' id='line_1_8' title="bbox 285 421 1356 462; baseline -0.001 -9"><span class='ocrx_word' id='word_1_31' title='bbox 285 429 316 453; x_wconf 92' lang='lat' dir='ltr'>et</span> <span class='ocrx_word' id='word_1_32' title='bbox 339 422 519 453; x_wconf 87' lang='lat' dir='ltr'>Gottifredo</span> <span class='ocrx_word' id='word_1_33' title='bbox 533 422 562 459; x_wconf 71' lang='lat'>⁴⁶,</span> <span class='ocrx_word' id='word_1_34' title='bbox 588 423 702 453; x_wconf 88' lang='lat' dir='ltr'>directe</span> <span class='ocrx_word' id='word_1_35' title='bbox 725 429 834 453; x_wconf 89' lang='lat' dir='ltr'>contra</span> <span class='ocrx_word' id='word_1_36' title='bbox 857 421 1129 462; x_wconf 81' lang='lat' dir='ltr'>consequentiam,</span> <span class='ocrx_word' id='word_1_37' title='bbox 1146 421 1201 452; x_wconf 88' lang='lat' dir='ltr'>sic.</span> <span class='ocrx_word' id='word_1_38' title='bbox 1226 421 1356 461; x_wconf 88' lang='lat' dir='ltr'>Cogno·</span> 
     </span>
     <span class='ocr_line' id='line_1_9' title="bbox 285 465 1356 506; baseline -0.002 -9"><span class='ocrx_word' id='word_1_39' title='bbox 285 476 370 497; x_wconf 91' lang='lat' dir='ltr'>scere</span> <span class='ocrx_word' id='word_1_40' title='bbox 401 466 511 497; x_wconf 89' lang='lat' dir='ltr'>omnia</span> <span class='ocrx_word' id='word_1_41' title='bbox 540 467 574 497; x_wconf 91' lang='lat' dir='ltr'>in</span> <span class='ocrx_word' id='word_1_42' title='bbox 603 467 674 497; x_wconf 94' lang='lat' dir='ltr'>Deo</span> <span class='ocrx_word' id='word_1_43' title='bbox 702 466 798 497; x_wconf 91' lang='lat' dir='ltr'>habet</span> <span class='ocrx_word' id='word_1_44' title='bbox 824 465 1042 496; x_wconf 81' lang='lat' dir='ltr'>latitudinem:</span> <span class='ocrx_word' id='word_1_45' title='bbox 1074 475 1149 506; x_wconf 90' lang='lat' dir='ltr'>ergo</span> <span class='ocrx_word' id='word_1_46' title='bbox 1173 476 1239 496; x_wconf 92' lang='lat' dir='ltr'>non</span> <span class='ocrx_word' id='word_1_47' title='bbox 1263 465 1356 496; x_wconf 90' lang='lat' dir='ltr'>infert</span> 
     </span>
     <span class='ocr_line' id='line_1_10' title="bbox 286 509 1355 551; baseline -0.001 -10"><span class='ocrx_word' id='word_1_48' title='bbox 286 510 554 551; x_wconf 88' lang='lat' dir='ltr'>comprehendere</span> <span class='ocrx_word' id='word_1_49' title='bbox 580 511 706 546; x_wconf 90' lang='lat' dir='ltr'>Deum,</span> <span class='ocrx_word' id='word_1_50' title='bbox 739 510 828 550; x_wconf 92' lang='lat' dir='ltr'>quod</span> <span class='ocrx_word' id='word_1_51' title='bbox 858 516 919 540; x_wconf 91' lang='lat' dir='ltr'>stat</span> <span class='ocrx_word' id='word_1_52' title='bbox 945 509 979 540; x_wconf 92' lang='lat' dir='ltr'>in</span> <span class='ocrx_word' id='word_1_53' title='bbox 1008 509 1201 540; x_wconf 77' lang='lat' dir='ltr'>indivisibili.</span> <span class='ocrx_word' id='word_1_54' title='bbox 1235 509 1355 541; x_wconf 90' lang='lat' dir='ltr'>Conse-</span> 
     </span>
    </p>
   </div>
   <div class='ocr_carea' id='block_1_6' title="bbox 231 553 1356 598">
    <p class='ocr_par' dir='ltr' id='par_1_6' title="bbox 231 553 1356 598">
     <span class='ocr_line' id='line_1_11' title="bbox 231 553 1356 598; baseline -0.001 -13"><span class='ocrx_word' id='word_1_55' title='bbox 231 597 234 598; x_wconf 12' lang='grc'><em>7</em></span> <span class='ocrx_word' id='word_1_56' title='bbox 285 555 415 596; x_wconf 84' lang='lat' dir='ltr'>quentia</span> <span class='ocrx_word' id='word_1_57' title='bbox 438 561 523 585; x_wconf 84' lang='lat' dir='ltr'>nota.</span> <span class='ocrx_word' id='word_1_58' title='bbox 555 555 597 585; x_wconf 89' lang='lat' dir='ltr'>Et</span> <span class='ocrx_word' id='word_1_59' title='bbox 619 554 806 585; x_wconf 85' lang='lat' dir='ltr'>antecedens</span> <span class='ocrx_word' id='word_1_60' title='bbox 829 555 992 594; x_wconf 89' lang='lat' dir='ltr'>probatur.</span> <span class='ocrx_word' id='word_1_61' title='bbox 1017 553 1219 594; x_wconf 90' lang='lat' dir='ltr'>Cognoscere</span> <span class='ocrx_word' id='word_1_62' title='bbox 1248 553 1356 584; x_wconf 88' lang='lat' dir='ltr'>omnia</span> 
     </span>
    </p>
   </div>
   <div class='ocr_carea' id='block_1_7' title="bbox 272 597 1370 3203">
    <p class='ocr_par' dir='ltr' id='par_1_7' title="bbox 285 597 1359 1079">
     <span class='ocr_line' id='line_1_12' title="bbox 285 597 1356 638; baseline -0.002 -8"><span class='ocrx_word' id='word_1_63' title='bbox 285 599 319 629; x_wconf 92' lang='lat' dir='ltr'>in</span> <span class='ocrx_word' id='word_1_64' title='bbox 337 599 407 630; x_wconf 92' lang='lat' dir='ltr'>Deo</span> <span class='ocrx_word' id='word_1_65' title='bbox 432 598 586 638; x_wconf 90' lang='lat' dir='ltr'>contingit</span> <span class='ocrx_word' id='word_1_66' title='bbox 608 598 790 638; x_wconf 87' lang='lat' dir='ltr'>dupliciter:</span> <span class='ocrx_word' id='word_1_67' title='bbox 822 604 853 628; x_wconf 93' lang='lat' dir='ltr'>et</span> <span class='ocrx_word' id='word_1_68' title='bbox 875 598 1022 628; x_wconf 88' lang='lat' dir='ltr'>habendo</span> <span class='ocrx_word' id='word_1_69' title='bbox 1047 597 1264 638; x_wconf 88' lang='lat' dir='ltr'>cognitionem</span> <span class='ocrx_word' id='word_1_70' title='bbox 1286 597 1356 628; x_wconf 93' lang='lat' dir='ltr'>infi-</span> 
     </span>
     <span class='ocr_line' id='line_1_13' title="bbox 286 641 1356 682; baseline -0.001 -9"><span class='ocrx_word' id='word_1_71' title='bbox 286 643 387 674; x_wconf 88' lang='lat' dir='ltr'>nitam</span> <span class='ocrx_word' id='word_1_72' title='bbox 410 642 582 678; x_wconf 86' lang='lat' dir='ltr'>extensive;</span> <span class='ocrx_word' id='word_1_73' title='bbox 607 648 638 673; x_wconf 93' lang='lat' dir='ltr'>et</span> <span class='ocrx_word' id='word_1_74' title='bbox 661 642 808 672; x_wconf 93' lang='lat' dir='ltr'>habendo</span> <span class='ocrx_word' id='word_1_75' title='bbox 833 642 1049 682; x_wconf 88' lang='lat' dir='ltr'>cognitionem</span> <span class='ocrx_word' id='word_1_76' title='bbox 1075 641 1232 673; x_wconf 88' lang='lat' dir='ltr'>infinitam</span> <span class='ocrx_word' id='word_1_77' title='bbox 1255 642 1356 672; x_wconf 92' lang='lat' dir='ltr'>inten-</span> 
     </span>
     <span class='ocr_line' id='line_1_14' title="bbox 287 685 1356 727; baseline -0.001 -10"><span class='ocrx_word' id='word_1_78' title='bbox 287 687 368 723; x_wconf 86' lang='lat' dir='ltr'>sive;</span> <span class='ocrx_word' id='word_1_79' title='bbox 392 696 474 727; x_wconf 93' lang='lat' dir='ltr'>quae</span> <span class='ocrx_word' id='word_1_80' title='bbox 490 685 559 716; x_wconf 89' lang='lat' dir='ltr'>sola</span> <span class='ocrx_word' id='word_1_81' title='bbox 573 692 619 717; x_wconf 94' lang='lat' dir='ltr'>est</span> <span class='ocrx_word' id='word_1_82' title='bbox 635 686 888 726; x_wconf 85' lang='lat' dir='ltr'>comprehensio,</span> <span class='ocrx_word' id='word_1_83' title='bbox 907 686 982 727; x_wconf 84' lang='lat' dir='ltr'>quia</span> <span class='ocrx_word' id='word_1_84' title='bbox 997 686 1149 726; x_wconf 86' lang='lat' dir='ltr'>perfectio</span> <span class='ocrx_word' id='word_1_85' title='bbox 1166 686 1356 727; x_wconf 89' lang='lat' dir='ltr'>cognitionis</span> 
     </span>
     <span class='ocr_line' id='line_1_15' title="bbox 286 730 1356 771; baseline 0.001 -11"><span class='ocrx_word' id='word_1_86' title='bbox 286 740 384 771; x_wconf 86' lang='lat' dir='ltr'>penes</span> <span class='ocrx_word' id='word_1_87' title='bbox 399 730 614 761; x_wconf 81' lang='lat' dir='ltr'>intensionem</span> <span class='ocrx_word' id='word_1_88' title='bbox 633 730 814 767; x_wconf 90' lang='lat' dir='ltr'>attenditur,</span> <span class='ocrx_word' id='word_1_89' title='bbox 834 740 890 771; x_wconf 93' lang='lat' dir='ltr'>per</span> <span class='ocrx_word' id='word_1_90' title='bbox 913 740 946 760; x_wconf 91' lang='lat' dir='ltr'>se</span> <span class='ocrx_word' id='word_1_91' title='bbox 969 730 1144 771; x_wconf 92' lang='lat' dir='ltr'>loquendo.</span> <span class='ocrx_word' id='word_1_92' title='bbox 1169 731 1255 770; x_wconf 90' lang='lat' dir='ltr'>Ergo</span> <span class='ocrx_word' id='word_1_93' title='bbox 1280 741 1356 761; x_wconf 92' lang='lat' dir='ltr'>con-</span> 
     </span>
     <span class='ocr_line' id='line_1_16' title="bbox 286 774 1358 815; baseline -0.001 -9"><span class='ocrx_word' id='word_1_94' title='bbox 286 774 380 814; x_wconf 88' lang='lat' dir='ltr'>tingit</span> <span class='ocrx_word' id='word_1_95' title='bbox 402 783 593 814; x_wconf 85' lang='lat' dir='ltr'>cognoscere</span> <span class='ocrx_word' id='word_1_96' title='bbox 616 774 726 804; x_wconf 87' lang='lat' dir='ltr'>omnia</span> <span class='ocrx_word' id='word_1_97' title='bbox 747 774 782 804; x_wconf 91' lang='lat' dir='ltr'>in</span> <span class='ocrx_word' id='word_1_98' title='bbox 804 775 874 805; x_wconf 94' lang='lat' dir='ltr'>Deo</span> <span class='ocrx_word' id='word_1_99' title='bbox 904 775 1003 811; x_wconf 89' lang='lat' dir='ltr'>clare,</span> <span class='ocrx_word' id='word_1_100' title='bbox 1029 781 1059 806; x_wconf 92' lang='lat' dir='ltr'>et</span> <span class='ocrx_word' id='word_1_101' title='bbox 1082 775 1182 815; x_wconf 87' lang='lat' dir='ltr'>magis</span> <span class='ocrx_word' id='word_1_102' title='bbox 1206 775 1302 811; x_wconf 90' lang='lat' dir='ltr'>clare,</span> <span class='ocrx_word' id='word_1_103' title='bbox 1328 781 1358 805; x_wconf 92' lang='lat' dir='ltr'>et</span> 
     </span>
     <span class='ocr_line' id='line_1_17' title="bbox 285 818 1357 860; baseline 0 -11"><span class='ocrx_word' id='word_1_104' title='bbox 285 818 408 849; x_wconf 87' lang='lat' dir='ltr'>infinite</span> <span class='ocrx_word' id='word_1_105' title='bbox 431 818 522 854; x_wconf 87' lang='lat' dir='ltr'>clare,</span> <span class='ocrx_word' id='word_1_106' title='bbox 546 818 636 859; x_wconf 94' lang='lat' dir='ltr'>quod</span> <span class='ocrx_word' id='word_1_107' title='bbox 659 825 706 849; x_wconf 90' lang='lat' dir='ltr'>est</span> <span class='ocrx_word' id='word_1_108' title='bbox 729 819 1006 859; x_wconf 87' lang='lat' dir='ltr'>comprehendere.</span> <span class='ocrx_word' id='word_1_109' title='bbox 1031 820 1136 850; x_wconf 85' lang='lat' dir='ltr'>Habet</span> <span class='ocrx_word' id='word_1_110' title='bbox 1158 819 1253 860; x_wconf 86' lang='lat' dir='ltr'>igitur</span> <span class='ocrx_word' id='word_1_111' title='bbox 1276 819 1357 849; x_wconf 89' lang='lat' dir='ltr'>visio</span> 
     </span>
     <span class='ocr_line' id='line_1_18' title="bbox 287 862 1359 894; baseline 0 -1"><span class='ocrx_word' id='word_1_112' title='bbox 287 862 437 893; x_wconf 90' lang='lat' dir='ltr'>omnium</span> <span class='ocrx_word' id='word_1_113' title='bbox 455 862 489 893; x_wconf 89' lang='lat' dir='ltr'>in</span> <span class='ocrx_word' id='word_1_114' title='bbox 508 863 579 893; x_wconf 92' lang='lat' dir='ltr'>Deo</span> <span class='ocrx_word' id='word_1_115' title='bbox 594 862 806 894; x_wconf 87' lang='lat' dir='ltr'>latitudinem.</span> <span class='ocrx_word' id='word_1_116' title='bbox 822 881 843 885; x_wconf 98' lang='lat'>—</span> <span class='ocrx_word' id='word_1_117' title='bbox 859 863 900 894; x_wconf 91' lang='lat' dir='ltr'>Et</span> <span class='ocrx_word' id='word_1_118' title='bbox 923 863 1138 894; x_wconf 84' lang='lat' dir='ltr'>confirmatur.</span> <span class='ocrx_word' id='word_1_119' title='bbox 1164 863 1283 894; x_wconf 89' lang='lat' dir='ltr'>Omnia</span> <span class='ocrx_word' id='word_1_120' title='bbox 1298 863 1359 893; x_wconf 88' lang='lat' dir='ltr'>alia</span> 
     </span>
     <span class='ocr_line' id='line_1_19' title="bbox 286 906 1357 948; baseline 0 -10"><span class='ocrx_word' id='word_1_121' title='bbox 286 917 306 938; x_wconf 88' lang='lat' dir='ltr'>a</span> <span class='ocrx_word' id='word_1_122' title='bbox 321 907 401 943; x_wconf 93' lang='lat' dir='ltr'>Deo,</span> <span class='ocrx_word' id='word_1_123' title='bbox 427 906 452 937; x_wconf 93' lang='lat' dir='ltr'>si</span> <span class='ocrx_word' id='word_1_124' title='bbox 475 913 679 947; x_wconf 74' lang='lat' dir='ltr'>ponerentur,</span> <span class='ocrx_word' id='word_1_125' title='bbox 698 917 764 937; x_wconf 93' lang='lat' dir='ltr'>non</span> <span class='ocrx_word' id='word_1_126' title='bbox 781 907 992 948; x_wconf 85' lang='lat' dir='ltr'>adaequarent</span> <span class='ocrx_word' id='word_1_127' title='bbox 1014 907 1047 938; x_wconf 89' lang='lat' dir='ltr'>in</span> <span class='ocrx_word' id='word_1_128' title='bbox 1071 908 1204 938; x_wconf 88' lang='lat' dir='ltr'>essendo</span> <span class='ocrx_word' id='word_1_129' title='bbox 1228 907 1287 938; x_wconf 91' lang='lat' dir='ltr'>Dei</span> <span class='ocrx_word' id='word_1_130' title='bbox 1311 907 1357 937; x_wconf 92' lang='lat' dir='ltr'>in-</span> 
     </span>
     <span class='ocr_line' id='line_1_20' title="bbox 287 950 1358 992; baseline 0.001 -11"><span class='ocrx_word' id='word_1_131' title='bbox 287 950 415 982; x_wconf 88' lang='lat' dir='ltr'>finitum</span> <span class='ocrx_word' id='word_1_132' title='bbox 434 959 516 981; x_wconf 81' lang='lat' dir='ltr'>esse:</span> <span class='ocrx_word' id='word_1_133' title='bbox 541 960 627 991; x_wconf 91' lang='lat' dir='ltr'>ergo,</span> <span class='ocrx_word' id='word_1_134' title='bbox 645 951 670 981; x_wconf 92' lang='lat' dir='ltr'>si</span> <span class='ocrx_word' id='word_1_135' title='bbox 690 951 800 982; x_wconf 83' lang='lat' dir='ltr'>omnia</span> <span class='ocrx_word' id='word_1_136' title='bbox 814 959 975 992; x_wconf 93' lang='lat' dir='ltr'>ponantur</span> <span class='ocrx_word' id='word_1_137' title='bbox 999 952 1159 992; x_wconf 87' lang='lat' dir='ltr'>cognosci,</span> <span class='ocrx_word' id='word_1_138' title='bbox 1177 961 1242 982; x_wconf 91' lang='lat' dir='ltr'>non</span> <span class='ocrx_word' id='word_1_139' title='bbox 1266 951 1358 982; x_wconf 88' lang='lat' dir='ltr'>adae-</span> 
     </span>
     <span class='ocr_line' id='line_1_21' title="bbox 287 994 1359 1037; baseline 0.001 -12"><span class='ocrx_word' id='word_1_140' title='bbox 287 1002 388 1036; x_wconf 87' lang='lat' dir='ltr'>quant</span> <span class='ocrx_word' id='word_1_141' title='bbox 411 994 479 1026; x_wconf 90' lang='lat' dir='ltr'>eius</span> <span class='ocrx_word' id='word_1_142' title='bbox 503 995 818 1035; x_wconf 81' lang='lat' dir='ltr'>cognoscibilitatem.</span> <span class='ocrx_word' id='word_1_143' title='bbox 851 996 936 1036; x_wconf 88' lang='lat' dir='ltr'>Ergo</span> <span class='ocrx_word' id='word_1_144' title='bbox 960 1006 1027 1027; x_wconf 92' lang='lat' dir='ltr'>non</span> <span class='ocrx_word' id='word_1_145' title='bbox 1051 996 1193 1037; x_wconf 92' lang='lat' dir='ltr'>sequitur</span> <span class='ocrx_word' id='word_1_146' title='bbox 1216 1005 1359 1036; x_wconf 89' lang='lat' dir='ltr'>compre-</span> 
     </span>
     <span class='ocr_line' id='line_1_22' title="bbox 286 1038 851 1079; baseline 0 -9"><span class='ocrx_word' id='word_1_147' title='bbox 286 1038 399 1070; x_wconf 87' lang='lat' dir='ltr'>hensio</span> <span class='ocrx_word' id='word_1_148' title='bbox 423 1049 461 1070; x_wconf 84' lang='lat' dir='ltr'>ex</span> <span class='ocrx_word' id='word_1_149' title='bbox 484 1039 666 1079; x_wconf 89' lang='lat' dir='ltr'>cognitione</span> <span class='ocrx_word' id='word_1_150' title='bbox 691 1040 851 1071; x_wconf 86' lang='lat' dir='ltr'>omnium.</span> 
     </span>
    </p>

    <p class='ocr_par' dir='ltr' id='par_1_8' title="bbox 288 1083 1360 1213">
     <span class='ocr_line' id='line_1_23' title="bbox 340 1083 1360 1124; baseline -0.001 -10"><span class='ocrx_word' id='word_1_151' title='bbox 340 1083 423 1115; x_wconf 86' lang='lat' dir='ltr'>XIII.</span> <span class='ocrx_word' id='word_1_152' title='bbox 443 1083 557 1114; x_wconf 90' lang='lat' dir='ltr'>Scotus</span> <span class='ocrx_word' id='word_1_153' title='bbox 579 1094 713 1124; x_wconf 89' lang='lat' dir='ltr'>quoque</span> <span class='ocrx_word' id='word_1_154' title='bbox 741 1084 796 1115; x_wconf 90' lang='lat' dir='ltr'>ubi</span> <span class='ocrx_word' id='word_1_155' title='bbox 812 1094 907 1124; x_wconf 91' lang='lat' dir='ltr'>supra</span> <span class='ocrx_word' id='word_1_156' title='bbox 923 1084 949 1120; x_wconf 91' lang='lat'>*,</span> <span class='ocrx_word' id='word_1_157' title='bbox 975 1083 1142 1124; x_wconf 89' lang='lat' dir='ltr'>dupliciter</span> <span class='ocrx_word' id='word_1_158' title='bbox 1166 1090 1275 1114; x_wconf 89' lang='lat' dir='ltr'>contra</span> <span class='ocrx_word' id='word_1_159' title='bbox 1297 1083 1360 1114; x_wconf 92' lang='lat' dir='ltr'>hoc</span> 
     </span>
     <span class='ocr_line' id='line_1_24' title="bbox 288 1127 1359 1168; baseline -0.001 -9"><span class='ocrx_word' id='word_1_160' title='bbox 288 1127 400 1168; x_wconf 84' lang='lat' dir='ltr'>arguit.</span> <span class='ocrx_word' id='word_1_161' title='bbox 424 1128 546 1166; x_wconf 80' lang='lat' dir='ltr'>Primo,</span> <span class='ocrx_word' id='word_1_162' title='bbox 562 1127 616 1159; x_wconf 90' lang='lat' dir='ltr'>sic.</span> <span class='ocrx_word' id='word_1_163' title='bbox 641 1128 673 1159; x_wconf 90' lang='lat' dir='ltr'>Si</span> <span class='ocrx_word' id='word_1_164' title='bbox 689 1130 719 1159; x_wconf 83' lang='lat' dir='ltr'><strong>A</strong></span> <span class='ocrx_word' id='word_1_165' title='bbox 732 1128 842 1159; x_wconf 92' lang='lat' dir='ltr'>insunt</span> <span class='ocrx_word' id='word_1_166' title='bbox 860 1129 886 1159; x_wconf 89' lang='lat' dir='ltr'>B</span> <span class='ocrx_word' id='word_1_167' title='bbox 910 1135 941 1159; x_wconf 92' lang='lat' dir='ltr'>et</span> <span class='ocrx_word' id='word_1_168' title='bbox 963 1127 991 1159; x_wconf 94' lang='lat' dir='ltr'>C</span> <span class='ocrx_word' id='word_1_169' title='bbox 1011 1128 1121 1158; x_wconf 88' lang='lat' dir='ltr'>ordine</span> <span class='ocrx_word' id='word_1_170' title='bbox 1145 1128 1299 1168; x_wconf 87' lang='lat' dir='ltr'>quodam,</span> <span class='ocrx_word' id='word_1_171' title='bbox 1315 1127 1359 1158; x_wconf 86' lang='lat' dir='ltr'>ita</span> 
     </span>
     <span class='ocr_line' id='line_1_25' title="bbox 288 1171 1359 1213; baseline -0.001 -11"><span class='ocrx_word' id='word_1_172' title='bbox 288 1171 378 1213; x_wconf 90' lang='lat' dir='ltr'>quod</span> <span class='ocrx_word' id='word_1_173' title='bbox 400 1172 427 1203; x_wconf 92' lang='lat' dir='ltr'>B</span> <span class='ocrx_word' id='word_1_174' title='bbox 451 1171 490 1203; x_wconf 91' lang='lat' dir='ltr'>sit</span> <span class='ocrx_word' id='word_1_175' title='bbox 513 1178 580 1203; x_wconf 90' lang='lat' dir='ltr'>tota</span> <span class='ocrx_word' id='word_1_176' title='bbox 595 1172 674 1203; x_wconf 88' lang='lat' dir='ltr'>ratio</span> <span class='ocrx_word' id='word_1_177' title='bbox 691 1182 788 1213; x_wconf 90' lang='lat' dir='ltr'>quare</span> <span class='ocrx_word' id='word_1_178' title='bbox 811 1172 893 1203; x_wconf 90' lang='lat' dir='ltr'>inest</span> <span class='ocrx_word' id='word_1_179' title='bbox 912 1172 949 1208; x_wconf 92' lang='lat' dir='ltr'>C,</span> <span class='ocrx_word' id='word_1_180' title='bbox 967 1171 992 1202; x_wconf 92' lang='lat' dir='ltr'>si</span> <span class='ocrx_word' id='word_1_181' title='bbox 1015 1171 1127 1202; x_wconf 90' lang='lat' dir='ltr'>videns</span> <span class='ocrx_word' id='word_1_182' title='bbox 1141 1171 1166 1202; x_wconf 92' lang='lat' dir='ltr'>B</span> <span class='ocrx_word' id='word_1_183' title='bbox 1186 1181 1253 1202; x_wconf 91' lang='lat' dir='ltr'>non</span> <span class='ocrx_word' id='word_1_184' title='bbox 1273 1181 1359 1202; x_wconf 89' lang='lat' dir='ltr'>com-</span> 
     </span>
    </p>

    <p class='ocr_par' dir='ltr' id='par_1_9' title="bbox 272 1215 1364 1610">
     <span class='ocr_line' id='line_1_26' title="bbox 312 1215 1360 1256; baseline -0.002 -9"><span class='ocrx_word' id='word_1_185' title='bbox 312 1215 456 1247; x_wconf 83' lang='lat' dir='ltr'>rehendit</span> <span class='ocrx_word' id='word_1_186' title='bbox 470 1218 510 1252; x_wconf 79' lang='lat' dir='ltr'>A,</span> <span class='ocrx_word' id='word_1_187' title='bbox 533 1225 610 1256; x_wconf 84' lang='lat' dir='ltr'>ergo</span> <span class='ocrx_word' id='word_1_188' title='bbox 634 1216 739 1247; x_wconf 89' lang='lat' dir='ltr'>multo</span> <span class='ocrx_word' id='word_1_189' title='bbox 755 1216 863 1247; x_wconf 90' lang='lat' dir='ltr'>minus</span> <span class='ocrx_word' id='word_1_190' title='bbox 885 1216 995 1246; x_wconf 92' lang='lat' dir='ltr'>videns</span> <span class='ocrx_word' id='word_1_191' title='bbox 1011 1215 1038 1246; x_wconf 93' lang='lat' dir='ltr'>C</span> <span class='ocrx_word' id='word_1_192' title='bbox 1056 1215 1298 1255; x_wconf 91' lang='lat' dir='ltr'>comprehendit</span> <span class='ocrx_word' id='word_1_193' title='bbox 1320 1218 1360 1246; x_wconf 89' lang='lat' dir='ltr'>A.</span> 
     </span>
     <span class='ocr_line' id='line_1_27' title="bbox 272 1226 1360 1301; baseline -0.002 -9"><span class='ocrx_word' id='word_1_194' title='bbox 272 1226 482 1301; x_wconf 54' lang='lat' dir='ltr'>·{¹e&#39;r&#39;n&#39;plnm</span> <span class='ocrx_word' id='word_1_195' title='bbox 505 1261 544 1291; x_wconf 91' lang='lat' dir='ltr'>de</span> <span class='ocrx_word' id='word_1_196' title='bbox 563 1260 706 1292; x_wconf 90' lang='lat' dir='ltr'>subiecto</span> <span class='ocrx_word' id='word_1_197' title='bbox 730 1268 761 1292; x_wconf 90' lang='lat' dir='ltr'>et</span> <span class='ocrx_word' id='word_1_198' title='bbox 783 1261 823 1291; x_wconf 92' lang='lat' dir='ltr'>de</span> <span class='ocrx_word' id='word_1_199' title='bbox 842 1260 967 1290; x_wconf 91' lang='lat' dir='ltr'>duabus</span> <span class='ocrx_word' id='word_1_200' title='bbox 990 1259 1203 1300; x_wconf 90' lang='lat' dir='ltr'>passionibus,</span> <span class='ocrx_word' id='word_1_201' title='bbox 1223 1269 1360 1300; x_wconf 89' lang='lat' dir='ltr'>quarum</span> 
     </span>
     <span class='ocr_line' id='line_1_28' title="bbox 289 1303 1360 1344; baseline -0.002 -8"><span class='ocrx_word' id='word_1_202' title='bbox 289 1314 355 1336; x_wconf 82' lang='lat' dir='ltr'>una</span> <span class='ocrx_word' id='word_1_203' title='bbox 375 1304 458 1336; x_wconf 90' lang='lat' dir='ltr'>inest</span> <span class='ocrx_word' id='word_1_204' title='bbox 479 1304 639 1335; x_wconf 82' lang='lat' dir='ltr'>mediante</span> <span class='ocrx_word' id='word_1_205' title='bbox 669 1304 748 1335; x_wconf 89' lang='lat' dir='ltr'>alia:</span> <span class='ocrx_word' id='word_1_206' title='bbox 773 1305 799 1335; x_wconf 89' lang='lat' dir='ltr'>si</span> <span class='ocrx_word' id='word_1_207' title='bbox 821 1304 932 1335; x_wconf 89' lang='lat' dir='ltr'>videns</span> <span class='ocrx_word' id='word_1_208' title='bbox 965 1303 1103 1344; x_wconf 88' lang='lat' dir='ltr'>primam</span> <span class='ocrx_word' id='word_1_209' title='bbox 1126 1314 1193 1334; x_wconf 92' lang='lat' dir='ltr'>non</span> <span class='ocrx_word' id='word_1_210' title='bbox 1217 1313 1360 1344; x_wconf 90' lang='lat' dir='ltr'>compre-</span> 
     </span>
     <span class='ocr_line' id='line_1_29' title="bbox 289 1348 1360 1388; baseline -0.002 -8"><span class='ocrx_word' id='word_1_211' title='bbox 289 1348 400 1380; x_wconf 80' lang='lat' dir='ltr'>hendit</span> <span class='ocrx_word' id='word_1_212' title='bbox 430 1349 627 1385; x_wconf 84' lang='lat' dir='ltr'>subiectum,</span> <span class='ocrx_word' id='word_1_213' title='bbox 656 1358 731 1388; x_wconf 84' lang='lat' dir='ltr'>ergo</span> <span class='ocrx_word' id='word_1_214' title='bbox 759 1358 818 1379; x_wconf 88' lang='lat' dir='ltr'>nec</span> <span class='ocrx_word' id='word_1_215' title='bbox 845 1348 955 1379; x_wconf 90' lang='lat' dir='ltr'>videns</span> <span class='ocrx_word' id='word_1_216' title='bbox 986 1348 1169 1379; x_wconf 86' lang='lat' dir='ltr'>secundam.</span> <span class='ocrx_word' id='word_1_217' title='bbox 1200 1348 1262 1379; x_wconf 91' lang='lat' dir='ltr'>Sed</span> <span class='ocrx_word' id='word_1_218' title='bbox 1290 1349 1360 1379; x_wconf 93' lang='lat' dir='ltr'>Deo</span> 
     </span>
     <span class='ocr_line' id='line_1_30' title="bbox 289 1391 1362 1429; baseline -0.002 -5"><span class='ocrx_word' id='word_1_219' title='bbox 289 1393 373 1424; x_wconf 86' lang='lat' dir='ltr'>inest</span> <span class='ocrx_word' id='word_1_220' title='bbox 393 1391 532 1424; x_wconf 86' lang='lat' dir='ltr'>infinitas</span> <span class='ocrx_word' id='word_1_221' title='bbox 554 1391 727 1429; x_wconf 80' lang='lat' dir='ltr'>intensiva,</span> <span class='ocrx_word' id='word_1_222' title='bbox 748 1399 779 1423; x_wconf 93' lang='lat' dir='ltr'>et</span> <span class='ocrx_word' id='word_1_223' title='bbox 801 1392 835 1422; x_wconf 91' lang='lat' dir='ltr'>in</span> <span class='ocrx_word' id='word_1_224' title='bbox 859 1402 897 1423; x_wconf 93' lang='lat' dir='ltr'>eo</span> <span class='ocrx_word' id='word_1_225' title='bbox 922 1392 1144 1429; x_wconf 86' lang='lat' dir='ltr'>sunt-omnia,</span> <span class='ocrx_word' id='word_1_226' title='bbox 1169 1399 1200 1423; x_wconf 93' lang='lat' dir='ltr'>et</span> <span class='ocrx_word' id='word_1_227' title='bbox 1222 1391 1362 1423; x_wconf 87' lang='lat' dir='ltr'>infinitas</span> 
     </span>
     <span class='ocr_line' id='line_1_31' title="bbox 288 1434 1362 1477; baseline -0.002 -9"><span class='ocrx_word' id='word_1_228' title='bbox 288 1434 445 1468; x_wconf 79' lang='lat' dir='ltr'>intensiva</span> <span class='ocrx_word' id='word_1_229' title='bbox 467 1443 514 1468; x_wconf 90' lang='lat' dir='ltr'>est</span> <span class='ocrx_word' id='word_1_230' title='bbox 536 1436 616 1467; x_wconf 83' lang='lat' dir='ltr'>ratio</span> <span class='ocrx_word' id='word_1_231' title='bbox 639 1446 738 1477; x_wconf 87' lang='lat' dir='ltr'>quare</span> <span class='ocrx_word' id='word_1_232' title='bbox 760 1436 793 1467; x_wconf 91' lang='lat' dir='ltr'>in</span> <span class='ocrx_word' id='word_1_233' title='bbox 817 1446 856 1467; x_wconf 93' lang='lat' dir='ltr'>eo</span> <span class='ocrx_word' id='word_1_234' title='bbox 887 1443 961 1467; x_wconf 91' lang='lat' dir='ltr'>sunt</span> <span class='ocrx_word' id='word_1_235' title='bbox 984 1436 1109 1467; x_wconf 88' lang='lat' dir='ltr'>omnia:</span> <span class='ocrx_word' id='word_1_236' title='bbox 1135 1442 1166 1467; x_wconf 90' lang='lat' dir='ltr'>et</span> <span class='ocrx_word' id='word_1_237' title='bbox 1194 1437 1233 1466; x_wconf 91' lang='lat' dir='ltr'>ad</span> <span class='ocrx_word' id='word_1_238' title='bbox 1256 1435 1362 1467; x_wconf 90' lang='lat' dir='ltr'>videre</span> 
     </span>
     <span class='ocr_line' id='line_1_32' title="bbox 289 1479 1364 1522; baseline -0.002 -9"><span class='ocrx_word' id='word_1_239' title='bbox 289 1479 478 1513; x_wconf 76' lang='lat' dir='ltr'>infinitatem</span> <span class='ocrx_word' id='word_1_240' title='bbox 500 1480 691 1511; x_wconf 90' lang='lat' dir='ltr'>intensivam</span> <span class='ocrx_word' id='word_1_241' title='bbox 713 1490 781 1511; x_wconf 91' lang='lat' dir='ltr'>non</span> <span class='ocrx_word' id='word_1_242' title='bbox 804 1481 948 1522; x_wconf 90' lang='lat' dir='ltr'>sequitur</span> <span class='ocrx_word' id='word_1_243' title='bbox 971 1480 1214 1521; x_wconf 88' lang='lat' dir='ltr'>comprehensio</span> <span class='ocrx_word' id='word_1_244' title='bbox 1237 1479 1307 1516; x_wconf 89' lang='lat' dir='ltr'>Dei,</span> <span class='ocrx_word' id='word_1_245' title='bbox 1327 1487 1364 1511; x_wconf 90' lang='lat' dir='ltr'>ut</span> 
     </span>
     <span class='ocr_line' id='line_1_33' title="bbox 288 1524 1362 1566; baseline -0.001 -10"><span class='ocrx_word' id='word_1_246' title='bbox 288 1530 393 1566; x_wconf 75' lang='lat' dir='ltr'>patet:</span> <span class='ocrx_word' id='word_1_247' title='bbox 417 1534 493 1565; x_wconf 87' lang='lat' dir='ltr'>ergo</span> <span class='ocrx_word' id='word_1_248' title='bbox 507 1534 566 1556; x_wconf 93' lang='lat' dir='ltr'>nec</span> <span class='ocrx_word' id='word_1_249' title='bbox 582 1525 622 1555; x_wconf 89' lang='lat' dir='ltr'>ad</span> <span class='ocrx_word' id='word_1_250' title='bbox 640 1524 747 1556; x_wconf 91' lang='lat' dir='ltr'>videre</span> <span class='ocrx_word' id='word_1_251' title='bbox 762 1525 873 1556; x_wconf 89' lang='lat' dir='ltr'>omnia</span> <span class='ocrx_word' id='word_1_252' title='bbox 887 1525 921 1555; x_wconf 90' lang='lat' dir='ltr'>in</span> <span class='ocrx_word' id='word_1_253' title='bbox 944 1525 1015 1555; x_wconf 91' lang='lat' dir='ltr'>Deo</span> <span class='ocrx_word' id='word_1_254' title='bbox 1030 1525 1173 1566; x_wconf 89' lang='lat' dir='ltr'>sequitur</span> <span class='ocrx_word' id='word_1_255' title='bbox 1197 1525 1256 1555; x_wconf 93' lang='lat' dir='ltr'>Dei</span> <span class='ocrx_word' id='word_1_256' title='bbox 1273 1535 1362 1556; x_wconf 89' lang='lat' dir='ltr'>com-</span> 
     </span>
     <span class='ocr_line' id='line_1_34' title="bbox 289 1568 469 1610; baseline -0.006 -9"><span class='ocrx_word' id='word_1_257' title='bbox 289 1568 469 1610; x_wconf 83' lang='lat' dir='ltr'>prehensio.</span> 
     </span>
    </p>

    <p class='ocr_par' dir='ltr' id='par_1_10' title="bbox 290 1612 1364 1867">
     <span class='ocr_line' id='line_1_35' title="bbox 344 1612 1363 1654; baseline -0.001 -9"><span class='ocrx_word' id='word_1_258' title='bbox 344 1613 504 1651; x_wconf 78' lang='lat' dir='ltr'>Secundo,</span> <span class='ocrx_word' id='word_1_259' title='bbox 521 1612 576 1644; x_wconf 90' lang='lat' dir='ltr'>sic.</span> <span class='ocrx_word' id='word_1_260' title='bbox 600 1612 808 1654; x_wconf 88' lang='lat' dir='ltr'>Cognoscens</span> <span class='ocrx_word' id='word_1_261' title='bbox 824 1623 928 1644; x_wconf 87' lang='lat' dir='ltr'>unum</span> <span class='ocrx_word' id='word_1_262' title='bbox 947 1613 1095 1644; x_wconf 85' lang='lat' dir='ltr'>effectum</span> <span class='ocrx_word' id='word_1_263' title='bbox 1113 1613 1146 1644; x_wconf 91' lang='lat' dir='ltr'>in</span> <span class='ocrx_word' id='word_1_264' title='bbox 1162 1613 1279 1650; x_wconf 87' lang='lat' dir='ltr'>Verbo,</span> <span class='ocrx_word' id='word_1_265' title='bbox 1296 1623 1363 1644; x_wconf 91' lang='lat' dir='ltr'>non</span> 
     </span>
     <span class='ocr_line' id='line_1_36' title="bbox 291 1657 1363 1698; baseline -0.001 -9"><span class='ocrx_word' id='word_1_266' title='bbox 291 1657 532 1698; x_wconf 90' lang='lat' dir='ltr'>comprehendit</span> <span class='ocrx_word' id='word_1_267' title='bbox 564 1657 657 1688; x_wconf 90' lang='lat' dir='ltr'>illum</span> <span class='ocrx_word' id='word_1_268' title='bbox 689 1657 853 1693; x_wconf 86' lang='lat' dir='ltr'>effectum,</span> <span class='ocrx_word' id='word_1_269' title='bbox 883 1667 940 1688; x_wconf 92' lang='lat' dir='ltr'>nec</span> <span class='ocrx_word' id='word_1_270' title='bbox 964 1657 1107 1688; x_wconf 86' lang='lat' dir='ltr'>Verbum</span> <span class='ocrx_word' id='word_1_271' title='bbox 1140 1664 1175 1688; x_wconf 95' lang='lat' dir='ltr'>ut</span> <span class='ocrx_word' id='word_1_272' title='bbox 1205 1664 1251 1688; x_wconf 91' lang='lat' dir='ltr'>est</span> <span class='ocrx_word' id='word_1_273' title='bbox 1278 1657 1363 1688; x_wconf 89' lang='lat' dir='ltr'>illius</span> 
     </span>
     <span class='ocr_line' id='line_1_37' title="bbox 290 1698 1363 1743; baseline 0 -11"><span class='ocrx_word' id='word_1_274' title='bbox 290 1711 396 1733; x_wconf 84' lang='lat' dir='ltr'>causa.</span> <span class='ocrx_word' id='word_1_275' title='bbox 420 1702 518 1742; x_wconf 90' lang='lat' dir='ltr'>Ergo,</span> <span class='ocrx_word' id='word_1_276' title='bbox 534 1708 756 1743; x_wconf 86' lang='lat' dir='ltr'>quotcumque</span> <span class='ocrx_word' id='word_1_277' title='bbox 780 1698 908 1732; x_wconf 80' lang='lat' dir='ltr'>effectus</span> <span class='ocrx_word' id='word_1_278' title='bbox 932 1709 1112 1742; x_wconf 88' lang='lat' dir='ltr'>cognoscat,</span> <span class='ocrx_word' id='word_1_279' title='bbox 1130 1712 1196 1732; x_wconf 92' lang='lat' dir='ltr'>non</span> <span class='ocrx_word' id='word_1_280' title='bbox 1221 1711 1363 1742; x_wconf 90' lang='lat' dir='ltr'>compre-</span> 
     </span>
     <span class='ocr_line' id='line_1_38' title="bbox 290 1746 1363 1782; baseline -0.002 -4"><span class='ocrx_word' id='word_1_281' title='bbox 290 1746 408 1778; x_wconf 83' lang='lat' dir='ltr'>hendet</span> <span class='ocrx_word' id='word_1_282' title='bbox 439 1746 545 1777; x_wconf 88' lang='lat' dir='ltr'>ullum</span> <span class='ocrx_word' id='word_1_283' title='bbox 569 1755 700 1782; x_wconf 89' lang='lat' dir='ltr'>eorum,</span> <span class='ocrx_word' id='word_1_284' title='bbox 726 1756 783 1777; x_wconf 91' lang='lat' dir='ltr'>nec</span> <span class='ocrx_word' id='word_1_285' title='bbox 806 1746 950 1777; x_wconf 90' lang='lat' dir='ltr'>Verbum</span> <span class='ocrx_word' id='word_1_286' title='bbox 980 1753 1016 1777; x_wconf 88' lang='lat' dir='ltr'>ut</span> <span class='ocrx_word' id='word_1_287' title='bbox 1044 1753 1091 1777; x_wconf 86' lang='lat' dir='ltr'>est</span> <span class='ocrx_word' id='word_1_288' title='bbox 1113 1756 1208 1777; x_wconf 90' lang='lat' dir='ltr'>causa</span> <span class='ocrx_word' id='word_1_289' title='bbox 1231 1746 1363 1777; x_wconf 89' lang='lat' dir='ltr'>alicuius</span> 
     </span>
     <span class='ocr_line' id='line_1_39' title="bbox 291 1790 1364 1831; baseline -0.001 -9"><span class='ocrx_word' id='word_1_290' title='bbox 291 1798 416 1822; x_wconf 81' lang='lat' dir='ltr'>eorum.</span> <span class='ocrx_word' id='word_1_291' title='bbox 440 1790 525 1831; x_wconf 86' lang='lat' dir='ltr'>Ergo</span> <span class='ocrx_word' id='word_1_292' title='bbox 542 1799 738 1830; x_wconf 88' lang='lat' dir='ltr'>cognoscens</span> <span class='ocrx_word' id='word_1_293' title='bbox 754 1800 877 1826; x_wconf 91' lang='lat' dir='ltr'>omnes,</span> <span class='ocrx_word' id='word_1_294' title='bbox 893 1800 960 1821; x_wconf 91' lang='lat' dir='ltr'>non</span> <span class='ocrx_word' id='word_1_295' title='bbox 977 1790 1218 1831; x_wconf 89' lang='lat' dir='ltr'>comprehendit</span> <span class='ocrx_word' id='word_1_296' title='bbox 1234 1800 1292 1821; x_wconf 89' lang='lat' dir='ltr'>nec</span> <span class='ocrx_word' id='word_1_297' title='bbox 1309 1800 1364 1821; x_wconf 91' lang='lat' dir='ltr'>eos</span> 
     </span>
     <span class='ocr_line' id='line_1_40' title="bbox 290 1835 490 1867; baseline -0.01 0"><span class='ocrx_word' id='word_1_298' title='bbox 290 1845 350 1867; x_wconf 89' lang='lat' dir='ltr'>nec</span> <span class='ocrx_word' id='word_1_299' title='bbox 372 1835 490 1866; x_wconf 90' lang='lat' dir='ltr'>Deum.</span> 
     </span>
    </p>

    <p class='ocr_par' dir='ltr' id='par_1_11' title="bbox 291 1878 1368 2627">
     <span class='ocr_line' id='line_1_41' title="bbox 344 1878 1363 1919; baseline -0.001 -9"><span class='ocrx_word' id='word_1_300' title='bbox 344 1878 428 1910; x_wconf 87' lang='lat' dir='ltr'>XIV.</span> <span class='ocrx_word' id='word_1_301' title='bbox 454 1878 507 1909; x_wconf 90' lang='lat' dir='ltr'>Ad</span> <span class='ocrx_word' id='word_1_302' title='bbox 529 1878 720 1909; x_wconf 90' lang='lat' dir='ltr'>evidentiam</span> <span class='ocrx_word' id='word_1_303' title='bbox 752 1878 885 1914; x_wconf 87' lang='lat' dir='ltr'>horum,</span> <span class='ocrx_word' id='word_1_304' title='bbox 909 1878 988 1909; x_wconf 91' lang='lat' dir='ltr'>scito</span> <span class='ocrx_word' id='word_1_305' title='bbox 1012 1879 1103 1919; x_wconf 92' lang='lat' dir='ltr'>quod</span> <span class='ocrx_word' id='word_1_306' title='bbox 1125 1878 1230 1908; x_wconf 91' lang='lat' dir='ltr'>videre</span> <span class='ocrx_word' id='word_1_307' title='bbox 1253 1879 1363 1909; x_wconf 87' lang='lat' dir='ltr'>omnia</span> 
     </span>
     <span class='ocr_line' id='line_1_42' title="bbox 292 1922 1363 1963; baseline -0.002 -8"><span class='ocrx_word' id='word_1_308' title='bbox 292 1930 340 1955; x_wconf 90' lang='lat' dir='ltr'>est</span> <span class='ocrx_word' id='word_1_309' title='bbox 362 1933 429 1954; x_wconf 91' lang='lat' dir='ltr'>non</span> <span class='ocrx_word' id='word_1_310' title='bbox 453 1922 562 1953; x_wconf 90' lang='lat' dir='ltr'>solum</span> <span class='ocrx_word' id='word_1_311' title='bbox 588 1922 694 1953; x_wconf 89' lang='lat' dir='ltr'>videre</span> <span class='ocrx_word' id='word_1_312' title='bbox 724 1928 819 1963; x_wconf 86' lang='lat' dir='ltr'>quot,</span> <span class='ocrx_word' id='word_1_313' title='bbox 851 1923 906 1953; x_wconf 93' lang='lat' dir='ltr'>sed</span> <span class='ocrx_word' id='word_1_314' title='bbox 934 1928 1089 1963; x_wconf 83' lang='lat' dir='ltr'>quantum</span> <span class='ocrx_word' id='word_1_315' title='bbox 1121 1929 1226 1963; x_wconf 88' lang='lat' dir='ltr'>potest</span> <span class='ocrx_word' id='word_1_316' title='bbox 1258 1923 1363 1953; x_wconf 87' lang='lat' dir='ltr'>divina</span> 
     </span>
     <span class='ocr_line' id='line_1_43' title="bbox 291 1966 1363 2004; baseline 0 -6"><span class='ocrx_word' id='word_1_317' title='bbox 291 1967 402 1999; x_wconf 82' lang='lat' dir='ltr'>virtus.</span> <span class='ocrx_word' id='word_1_318' title='bbox 427 1966 592 2004; x_wconf 88' lang='lat' dir='ltr'>Quoniam</span> <span class='ocrx_word' id='word_1_319' title='bbox 606 1966 650 1997; x_wconf 91' lang='lat' dir='ltr'>ibi</span> <span class='ocrx_word' id='word_1_320' title='bbox 674 1973 720 1998; x_wconf 91' lang='lat' dir='ltr'>est</span> <span class='ocrx_word' id='word_1_321' title='bbox 736 1974 809 1997; x_wconf 55' lang='lat' dir='ltr'>non*</span> <span class='ocrx_word' id='word_1_322' title='bbox 825 1966 932 1997; x_wconf 92' lang='lat' dir='ltr'>solum</span> <span class='ocrx_word' id='word_1_323' title='bbox 951 1966 1090 1997; x_wconf 88' lang='lat' dir='ltr'>extensio</span> <span class='ocrx_word' id='word_1_324' title='bbox 1112 1967 1290 1997; x_wconf 90' lang='lat' dir='ltr'>secundum</span> <span class='ocrx_word' id='word_1_325' title='bbox 1305 1976 1363 1998; x_wconf 85' lang='lat' dir='ltr'>nu-</span> 
     </span>
     <span class='ocr_line' id='line_1_44' title="bbox 292 2010 1364 2052; baseline -0.002 -9"><span class='ocrx_word' id='word_1_326' title='bbox 292 2021 429 2048; x_wconf 87' lang='lat' dir='ltr'>merum,</span> <span class='ocrx_word' id='word_1_327' title='bbox 442 2011 497 2042; x_wconf 89' lang='lat' dir='ltr'>sed</span> <span class='ocrx_word' id='word_1_328' title='bbox 510 2010 647 2042; x_wconf 86' lang='lat' dir='ltr'>intensio</span> <span class='ocrx_word' id='word_1_329' title='bbox 662 2011 840 2042; x_wconf 91' lang='lat' dir='ltr'>secundum</span> <span class='ocrx_word' id='word_1_330' title='bbox 852 2010 1092 2051; x_wconf 87' lang='lat' dir='ltr'>perfectionem:</span> <span class='ocrx_word' id='word_1_331' title='bbox 1110 2011 1265 2052; x_wconf 87' lang='lat' dir='ltr'>quoniam</span> <span class='ocrx_word' id='word_1_332' title='bbox 1276 2012 1364 2042; x_wconf 93' lang='lat' dir='ltr'>Deus</span> 
     </span>
     <span class='ocr_line' id='line_1_45' title="bbox 294 2055 1363 2096; baseline -0.001 -9"><span class='ocrx_word' id='word_1_333' title='bbox 294 2065 361 2087; x_wconf 89' lang='lat' dir='ltr'>non</span> <span class='ocrx_word' id='word_1_334' title='bbox 384 2056 493 2086; x_wconf 85' lang='lat' dir='ltr'>solum</span> <span class='ocrx_word' id='word_1_335' title='bbox 515 2061 637 2096; x_wconf 88' lang='lat' dir='ltr'>potest,</span> <span class='ocrx_word' id='word_1_336' title='bbox 671 2065 878 2096; x_wconf 91' lang='lat' dir='ltr'>quocumque</span> <span class='ocrx_word' id='word_1_337' title='bbox 909 2055 1011 2091; x_wconf 89' lang='lat' dir='ltr'>facto,</span> <span class='ocrx_word' id='word_1_338' title='bbox 1036 2055 1136 2086; x_wconf 87' lang='lat' dir='ltr'>facere</span> <span class='ocrx_word' id='word_1_339' title='bbox 1161 2055 1266 2092; x_wconf 85' lang='lat' dir='ltr'>aliud;</span> <span class='ocrx_word' id='word_1_340' title='bbox 1291 2056 1363 2091; x_wconf 93' lang='lat' dir='ltr'>sed,</span> 
     </span>
     <span class='ocr_line' id='line_1_46' title="bbox 293 2098 1363 2142; baseline -0.002 -10"><span class='ocrx_word' id='word_1_341' title='bbox 293 2110 502 2142; x_wconf 90' lang='lat' dir='ltr'>quocumque</span> <span class='ocrx_word' id='word_1_342' title='bbox 525 2099 625 2136; x_wconf 88' lang='lat' dir='ltr'>facto,</span> <span class='ocrx_word' id='word_1_343' title='bbox 649 2106 755 2139; x_wconf 88' lang='lat' dir='ltr'>potest</span> <span class='ocrx_word' id='word_1_344' title='bbox 777 2109 904 2140; x_wconf 90' lang='lat' dir='ltr'>semper</span> <span class='ocrx_word' id='word_1_345' title='bbox 925 2098 1026 2130; x_wconf 86' lang='lat' dir='ltr'>facere</span> <span class='ocrx_word' id='word_1_346' title='bbox 1049 2099 1229 2139; x_wconf 89' lang='lat' dir='ltr'>perfectius.</span> <span class='ocrx_word' id='word_1_347' title='bbox 1254 2100 1363 2136; x_wconf 89' lang='lat' dir='ltr'>Unde,</span> 
     </span>
     <span class='ocr_line' id='line_1_47' title="bbox 294 2142 1365 2187; baseline -0.002 -12"><span class='ocrx_word' id='word_1_348' title='bbox 294 2143 441 2187; x_wconf 82' lang='lat' dir='ltr'>quamvis</span> <span class='ocrx_word' id='word_1_349' title='bbox 454 2143 653 2184; x_wconf 89' lang='lat' dir='ltr'>impossibile</span> <span class='ocrx_word' id='word_1_350' title='bbox 675 2143 715 2174; x_wconf 92' lang='lat' dir='ltr'>sit</span> <span class='ocrx_word' id='word_1_351' title='bbox 738 2143 848 2174; x_wconf 87' lang='lat' dir='ltr'>omnia</span> <span class='ocrx_word' id='word_1_352' title='bbox 865 2142 944 2181; x_wconf 87' lang='lat' dir='ltr'>fieri,</span> <span class='ocrx_word' id='word_1_353' title='bbox 964 2143 1029 2173; x_wconf 91' lang='lat' dir='ltr'>sive</span> <span class='ocrx_word' id='word_1_354' title='bbox 1048 2143 1081 2173; x_wconf 89' lang='lat' dir='ltr'>in</span> <span class='ocrx_word' id='word_1_355' title='bbox 1098 2153 1165 2174; x_wconf 90' lang='lat' dir='ltr'>esse</span> <span class='ocrx_word' id='word_1_356' title='bbox 1181 2143 1245 2174; x_wconf 91' lang='lat' dir='ltr'>sive</span> <span class='ocrx_word' id='word_1_357' title='bbox 1261 2143 1293 2174; x_wconf 94' lang='lat' dir='ltr'>in</span> <span class='ocrx_word' id='word_1_358' title='bbox 1313 2154 1365 2174; x_wconf 94' lang='lat' dir='ltr'>co-</span> 
     </span>
     <span class='ocr_line' id='line_1_48' title="bbox 293 2187 1365 2230; baseline 0 -11"><span class='ocrx_word' id='word_1_359' title='bbox 293 2187 414 2230; x_wconf 85' lang='lat' dir='ltr'>gnosci,</span> <span class='ocrx_word' id='word_1_360' title='bbox 438 2187 516 2219; x_wconf 87' lang='lat' dir='ltr'>haec</span> <span class='ocrx_word' id='word_1_361' title='bbox 538 2194 646 2219; x_wconf 86' lang='lat' dir='ltr'>tamen</span> <span class='ocrx_word' id='word_1_362' title='bbox 670 2187 893 2218; x_wconf 84' lang='lat' dir='ltr'>conditionalis</span> <span class='ocrx_word' id='word_1_363' title='bbox 917 2193 964 2218; x_wconf 90' lang='lat' dir='ltr'>est</span> <span class='ocrx_word' id='word_1_364' title='bbox 981 2197 1064 2223; x_wconf 91' lang='lat' dir='ltr'>vera,</span> <span class='ocrx_word' id='word_1_365' title='bbox 1084 2188 1173 2228; x_wconf 92' lang='lat' dir='ltr'>quod</span> <span class='ocrx_word' id='word_1_366' title='bbox 1196 2187 1222 2217; x_wconf 90' lang='lat' dir='ltr'>si</span> <span class='ocrx_word' id='word_1_367' title='bbox 1246 2187 1365 2224; x_wconf 89' lang='lat' dir='ltr'>fierent,</span> 
     </span>
     <span class='ocr_line' id='line_1_49' title="bbox 293 2231 1366 2279; baseline -0.002 -15"><span class='ocrx_word' id='word_1_368' title='bbox 293 2231 382 2279; x_wconf 74' lang='lat' dir='ltr'>fieret</span> <span class='ocrx_word' id='word_1_369' title='bbox 403 2232 598 2274; x_wconf 85' lang='lat' dir='ltr'>adaequatus</span> <span class='ocrx_word' id='word_1_370' title='bbox 618 2231 746 2263; x_wconf 86' lang='lat' dir='ltr'>effectus</span> <span class='ocrx_word' id='word_1_371' title='bbox 765 2231 890 2262; x_wconf 89' lang='lat' dir='ltr'>divinae</span> <span class='ocrx_word' id='word_1_372' title='bbox 912 2231 1091 2272; x_wconf 90' lang='lat' dir='ltr'>potentiae:</span> <span class='ocrx_word' id='word_1_373' title='bbox 1117 2238 1148 2262; x_wconf 91' lang='lat' dir='ltr'>et</span> <span class='ocrx_word' id='word_1_374' title='bbox 1171 2231 1323 2268; x_wconf 89' lang='lat' dir='ltr'>similiter,</span> <span class='ocrx_word' id='word_1_375' title='bbox 1341 2232 1366 2262; x_wconf 91' lang='lat' dir='ltr'>si</span> 
     </span>
     <span class='ocr_line' id='line_1_50' title="bbox 294 2275 1365 2318; baseline -0.002 -10"><span class='ocrx_word' id='word_1_376' title='bbox 294 2282 570 2318; x_wconf 82' lang='lat' dir='ltr'>cognoscerentur,</span> <span class='ocrx_word' id='word_1_377' title='bbox 587 2282 831 2316; x_wconf 89' lang='lat' dir='ltr'>cognosceretur</span> <span class='ocrx_word' id='word_1_378' title='bbox 850 2276 1044 2316; x_wconf 83' lang='lat' dir='ltr'>adaequatus</span> <span class='ocrx_word' id='word_1_379' title='bbox 1064 2275 1191 2306; x_wconf 81' lang='lat' dir='ltr'>effectus</span> <span class='ocrx_word' id='word_1_380' title='bbox 1213 2276 1365 2307; x_wconf 90' lang='lat' dir='ltr'>eiusdem.</span> 
     </span>
     <span class='ocr_line' id='line_1_51' title="bbox 295 2319 1368 2362; baseline -0.003 -9"><span class='ocrx_word' id='word_1_381' title='bbox 295 2321 432 2353; x_wconf 78' lang='lat' dir='ltr'>Constat</span> <span class='ocrx_word' id='word_1_382' title='bbox 444 2327 553 2352; x_wconf 87' lang='lat' dir='ltr'>autem</span> <span class='ocrx_word' id='word_1_383' title='bbox 576 2321 676 2362; x_wconf 90' lang='lat' dir='ltr'>quod,</span> <span class='ocrx_word' id='word_1_384' title='bbox 692 2320 822 2361; x_wconf 91' lang='lat' dir='ltr'>cognito</span> <span class='ocrx_word' id='word_1_385' title='bbox 839 2321 1016 2361; x_wconf 83' lang='lat' dir='ltr'>adaequato</span> <span class='ocrx_word' id='word_1_386' title='bbox 1034 2319 1145 2351; x_wconf 89' lang='lat' dir='ltr'>effectu</span> <span class='ocrx_word' id='word_1_387' title='bbox 1161 2320 1295 2351; x_wconf 88' lang='lat' dir='ltr'>alicuius</span> <span class='ocrx_word' id='word_1_388' title='bbox 1310 2320 1368 2351; x_wconf 88' lang='lat' dir='ltr'>vir·</span> 
     </span>
     <span class='ocr_line' id='line_1_52' title="bbox 295 2364 1368 2406; baseline -0.001 -9"><span class='ocrx_word' id='word_1_389' title='bbox 295 2365 381 2402; x_wconf 86' lang='lat' dir='ltr'>tutis,</span> <span class='ocrx_word' id='word_1_390' title='bbox 401 2365 504 2406; x_wconf 85' lang='lat' dir='ltr'>ipsam</span> <span class='ocrx_word' id='word_1_391' title='bbox 518 2365 669 2396; x_wconf 90' lang='lat' dir='ltr'>virtutem</span> <span class='ocrx_word' id='word_1_392' title='bbox 688 2365 956 2405; x_wconf 89' lang='lat' dir='ltr'>comprehendere</span> <span class='ocrx_word' id='word_1_393' title='bbox 979 2364 1069 2395; x_wconf 87' lang='lat' dir='ltr'>facile</span> <span class='ocrx_word' id='word_1_394' title='bbox 1085 2371 1140 2395; x_wconf 93' lang='lat' dir='ltr'>est.</span> <span class='ocrx_word' id='word_1_395' title='bbox 1166 2365 1265 2402; x_wconf 93' lang='lat' dir='ltr'>Quod</span> <span class='ocrx_word' id='word_1_396' title='bbox 1282 2365 1308 2395; x_wconf 92' lang='lat' dir='ltr'>si</span> <span class='ocrx_word' id='word_1_397' title='bbox 1324 2365 1368 2396; x_wconf 89' lang='lat' dir='ltr'>sic</span> 
     </span>
     <span class='ocr_line' id='line_1_53' title="bbox 295 2409 1367 2450; baseline -0.002 -8"><span class='ocrx_word' id='word_1_398' title='bbox 295 2409 407 2445; x_wconf 84' lang='lat' dir='ltr'>accidit</span> <span class='ocrx_word' id='word_1_399' title='bbox 430 2419 467 2440; x_wconf 86' lang='lat' dir='ltr'>ex</span> <span class='ocrx_word' id='word_1_400' title='bbox 490 2409 673 2450; x_wconf 85' lang='lat' dir='ltr'>cognitione</span> <span class='ocrx_word' id='word_1_401' title='bbox 691 2409 839 2440; x_wconf 89' lang='lat' dir='ltr'>omnium</span> <span class='ocrx_word' id='word_1_402' title='bbox 862 2409 895 2439; x_wconf 92' lang='lat' dir='ltr'>in</span> <span class='ocrx_word' id='word_1_403' title='bbox 918 2419 962 2446; x_wconf 87' lang='lat' dir='ltr'>se,</span> <span class='ocrx_word' id='word_1_404' title='bbox 981 2409 1086 2440; x_wconf 93' lang='lat' dir='ltr'>multo</span> <span class='ocrx_word' id='word_1_405' title='bbox 1110 2409 1210 2449; x_wconf 88' lang='lat' dir='ltr'>magis</span> <span class='ocrx_word' id='word_1_406' title='bbox 1227 2409 1367 2449; x_wconf 88' lang='lat' dir='ltr'>cognitio</span> 
     </span>
     <span class='ocr_line' id='line_1_54' title="bbox 296 2452 1368 2494; baseline -0.002 -9"><span class='ocrx_word' id='word_1_407' title='bbox 296 2453 446 2486; x_wconf 89' lang='lat' dir='ltr'>omnium</span> <span class='ocrx_word' id='word_1_408' title='bbox 473 2453 507 2484; x_wconf 90' lang='lat' dir='ltr'>in</span> <span class='ocrx_word' id='word_1_409' title='bbox 535 2463 630 2484; x_wconf 86' lang='lat' dir='ltr'>causa</span> <span class='ocrx_word' id='word_1_410' title='bbox 661 2453 892 2494; x_wconf 89' lang='lat' dir='ltr'>praesupponit</span> <span class='ocrx_word' id='word_1_411' title='bbox 924 2452 1244 2493; x_wconf 86' lang='lat' dir='ltr'>comprehensionem</span> <span class='ocrx_word' id='word_1_412' title='bbox 1267 2453 1368 2494; x_wconf 90' lang='lat' dir='ltr'>ipsius</span> 
     </span>
     <span class='ocr_line' id='line_1_55' title="bbox 296 2497 1368 2539; baseline -0.002 -9"><span class='ocrx_word' id='word_1_413' title='bbox 296 2508 418 2530; x_wconf 82' lang='lat' dir='ltr'>causae.</span> <span class='ocrx_word' id='word_1_414' title='bbox 443 2498 609 2536; x_wconf 86' lang='lat' dir='ltr'>Quoniam</span> <span class='ocrx_word' id='word_1_415' title='bbox 624 2504 710 2529; x_wconf 88' lang='lat' dir='ltr'>tanta</span> <span class='ocrx_word' id='word_1_416' title='bbox 724 2497 994 2539; x_wconf 86' lang='lat' dir='ltr'>praesupponitur</span> <span class='ocrx_word' id='word_1_417' title='bbox 1010 2497 1160 2538; x_wconf 89' lang='lat' dir='ltr'>cognitio,</span> <span class='ocrx_word' id='word_1_418' title='bbox 1185 2504 1303 2539; x_wconf 88' lang='lat' dir='ltr'>quanta</span> <span class='ocrx_word' id='word_1_419' title='bbox 1322 2505 1368 2528; x_wconf 92' lang='lat' dir='ltr'>est</span> 
     </span>
     <span class='ocr_line' id='line_1_56' title="bbox 294 2541 1367 2583; baseline -0.002 -9"><span class='ocrx_word' id='word_1_420' title='bbox 294 2542 343 2574; x_wconf 80' lang='lat' dir='ltr'>vis</span> <span class='ocrx_word' id='word_1_421' title='bbox 366 2542 533 2574; x_wconf 87' lang='lat' dir='ltr'>causandi:</span> <span class='ocrx_word' id='word_1_422' title='bbox 558 2542 712 2583; x_wconf 87' lang='lat' dir='ltr'>alioquin,</span> <span class='ocrx_word' id='word_1_423' title='bbox 730 2552 767 2573; x_wconf 88' lang='lat' dir='ltr'>ex</span> <span class='ocrx_word' id='word_1_424' title='bbox 787 2552 898 2573; x_wconf 84' lang='lat' dir='ltr'>causae</span> <span class='ocrx_word' id='word_1_425' title='bbox 917 2541 1039 2578; x_wconf 86' lang='lat' dir='ltr'>notitia,</span> <span class='ocrx_word' id='word_1_426' title='bbox 1060 2541 1187 2573; x_wconf 89' lang='lat' dir='ltr'>effectus</span> <span class='ocrx_word' id='word_1_427' title='bbox 1211 2542 1367 2583; x_wconf 87' lang='lat' dir='ltr'>adaequa-</span> 
     </span>
     <span class='ocr_line' id='line_1_57' title="bbox 295 2586 1143 2627; baseline -0.002 -9"><span class='ocrx_word' id='word_1_428' title='bbox 295 2593 358 2623; x_wconf 90' lang='lat' dir='ltr'>tus,</span> <span class='ocrx_word' id='word_1_429' title='bbox 382 2586 464 2617; x_wconf 89' lang='lat' dir='ltr'>idest</span> <span class='ocrx_word' id='word_1_430' title='bbox 486 2586 702 2617; x_wconf 86' lang='lat' dir='ltr'>universalitas</span> <span class='ocrx_word' id='word_1_431' title='bbox 725 2586 938 2627; x_wconf 90' lang='lat' dir='ltr'>possibilium,</span> <span class='ocrx_word' id='word_1_432' title='bbox 962 2586 1143 2617; x_wconf 87' lang='lat' dir='ltr'>nesciretur.</span> 
     </span>
    </p>

    <p class='ocr_par' dir='ltr' id='par_1_12' title="bbox 297 2629 1369 2893">
     <span class='ocr_line' id='line_1_58' title="bbox 351 2629 1367 2671; baseline -0.001 -9"><span class='ocrx_word' id='word_1_433' title='bbox 351 2631 422 2662; x_wconf 88' lang='lat' dir='ltr'>XV.</span> <span class='ocrx_word' id='word_1_434' title='bbox 448 2630 508 2661; x_wconf 90' lang='lat' dir='ltr'>His</span> <span class='ocrx_word' id='word_1_435' title='bbox 530 2637 639 2662; x_wconf 87' lang='lat' dir='ltr'>autem</span> <span class='ocrx_word' id='word_1_436' title='bbox 661 2630 858 2671; x_wconf 86' lang='lat' dir='ltr'>praelibatis,</span> <span class='ocrx_word' id='word_1_437' title='bbox 883 2631 924 2661; x_wconf 89' lang='lat' dir='ltr'>ad</span> <span class='ocrx_word' id='word_1_438' title='bbox 945 2630 1088 2671; x_wconf 91' lang='lat' dir='ltr'>primum</span> <span class='ocrx_word' id='word_1_439' title='bbox 1103 2629 1132 2666; x_wconf 48' lang='grc' dir='ltr'>ὓ,</span> <span class='ocrx_word' id='word_1_440' title='bbox 1157 2637 1290 2671; x_wconf 86' lang='lat' dir='ltr'>negatur</span> <span class='ocrx_word' id='word_1_441' title='bbox 1312 2641 1367 2660; x_wconf 90' lang='lat' dir='ltr'>an-</span> 
     </span>
     <span class='ocr_line' id='line_1_59' title="bbox 297 2674 1367 2716; baseline -0.002 -10"><span class='ocrx_word' id='word_1_442' title='bbox 297 2675 452 2706; x_wconf 87' lang='lat' dir='ltr'>tecedens.</span> <span class='ocrx_word' id='word_1_443' title='bbox 476 2674 626 2706; x_wconf 89' lang='lat' dir='ltr'>Probatio</span> <span class='ocrx_word' id='word_1_444' title='bbox 650 2681 759 2706; x_wconf 89' lang='lat' dir='ltr'>autem</span> <span class='ocrx_word' id='word_1_445' title='bbox 781 2674 913 2706; x_wconf 89' lang='lat' dir='ltr'>assumit</span> <span class='ocrx_word' id='word_1_446' title='bbox 935 2682 991 2706; x_wconf 89' lang='lat' dir='ltr'>aut</span> <span class='ocrx_word' id='word_1_447' title='bbox 1006 2675 1160 2716; x_wconf 87' lang='lat' dir='ltr'>supponit</span> <span class='ocrx_word' id='word_1_448' title='bbox 1183 2685 1286 2705; x_wconf 92' lang='lat' dir='ltr'>unum</span> <span class='ocrx_word' id='word_1_449' title='bbox 1310 2674 1367 2704; x_wconf 90' lang='lat' dir='ltr'>fal-</span> 
     </span>
     <span class='ocr_line' id='line_1_60' title="bbox 297 2718 1369 2760; baseline 0 -11"><span class='ocrx_word' id='word_1_450' title='bbox 297 2729 381 2756; x_wconf 88' lang='lat' dir='ltr'>sum,</span> <span class='ocrx_word' id='word_1_451' title='bbox 396 2719 487 2760; x_wconf 92' lang='lat' dir='ltr'>quod</span> <span class='ocrx_word' id='word_1_452' title='bbox 502 2719 604 2759; x_wconf 89' lang='lat' dir='ltr'>possit</span> <span class='ocrx_word' id='word_1_453' title='bbox 618 2718 652 2749; x_wconf 91' lang='lat' dir='ltr'>in</span> <span class='ocrx_word' id='word_1_454' title='bbox 667 2719 738 2749; x_wconf 91' lang='lat' dir='ltr'>Deo</span> <span class='ocrx_word' id='word_1_455' title='bbox 755 2718 825 2750; x_wconf 89' lang='lat' dir='ltr'>sciri</span> <span class='ocrx_word' id='word_1_456' title='bbox 839 2724 926 2760; x_wconf 85' lang='lat' dir='ltr'>quot,</span> <span class='ocrx_word' id='word_1_457' title='bbox 944 2719 1063 2760; x_wconf 91' lang='lat' dir='ltr'>absque</span> <span class='ocrx_word' id='word_1_458' title='bbox 1083 2729 1121 2750; x_wconf 91' lang='lat' dir='ltr'>eo</span> <span class='ocrx_word' id='word_1_459' title='bbox 1141 2719 1231 2759; x_wconf 93' lang='lat' dir='ltr'>quod</span> <span class='ocrx_word' id='word_1_460' title='bbox 1254 2719 1369 2749; x_wconf 87' lang='lat' dir='ltr'>sciatur</span> 
     </span>
     <span class='ocr_line' id='line_1_61' title="bbox 297 2762 1367 2804; baseline -0.001 -10"><span class='ocrx_word' id='word_1_461' title='bbox 297 2768 454 2804; x_wconf 83' lang='lat' dir='ltr'>quantum</span> <span class='ocrx_word' id='word_1_462' title='bbox 478 2769 591 2804; x_wconf 88' lang='lat' dir='ltr'>potest.</span> <span class='ocrx_word' id='word_1_463' title='bbox 616 2762 689 2794; x_wconf 87' lang='lat' dir='ltr'>Hoc</span> <span class='ocrx_word' id='word_1_464' title='bbox 706 2763 792 2793; x_wconf 91' lang='lat' dir='ltr'>enim</span> <span class='ocrx_word' id='word_1_465' title='bbox 814 2770 1028 2794; x_wconf 90' lang='lat' dir='ltr'>monstratum</span> <span class='ocrx_word' id='word_1_466' title='bbox 1052 2762 1130 2794; x_wconf 71' lang='lat' dir='ltr'>est*</span> <span class='ocrx_word' id='word_1_467' title='bbox 1154 2773 1221 2794; x_wconf 89' lang='lat' dir='ltr'>esse</span> <span class='ocrx_word' id='word_1_468' title='bbox 1240 2762 1367 2794; x_wconf 89' lang='lat' dir='ltr'>falsum.</span> 
     </span>
     <span class='ocr_line' id='line_1_62' title="bbox 297 2807 1368 2847; baseline -0.001 -9"><span class='ocrx_word' id='word_1_469' title='bbox 297 2807 413 2839; x_wconf 88' lang='lat' dir='ltr'>Videre</span> <span class='ocrx_word' id='word_1_470' title='bbox 435 2807 531 2847; x_wconf 88' lang='lat' dir='ltr'>igitur</span> <span class='ocrx_word' id='word_1_471' title='bbox 554 2807 663 2838; x_wconf 89' lang='lat' dir='ltr'>omnia</span> <span class='ocrx_word' id='word_1_472' title='bbox 685 2807 719 2837; x_wconf 94' lang='lat' dir='ltr'>in</span> <span class='ocrx_word' id='word_1_473' title='bbox 742 2808 828 2844; x_wconf 94' lang='lat' dir='ltr'>Deo,</span> <span class='ocrx_word' id='word_1_474' title='bbox 853 2814 883 2838; x_wconf 93' lang='lat' dir='ltr'>et</span> <span class='ocrx_word' id='word_1_475' title='bbox 905 2808 1012 2839; x_wconf 91' lang='lat' dir='ltr'>Deum</span> <span class='ocrx_word' id='word_1_476' title='bbox 1034 2807 1172 2844; x_wconf 88' lang='lat' dir='ltr'>infinite,</span> <span class='ocrx_word' id='word_1_477' title='bbox 1196 2814 1311 2838; x_wconf 90' lang='lat' dir='ltr'>mutuo</span> <span class='ocrx_word' id='word_1_478' title='bbox 1336 2817 1368 2838; x_wconf 90' lang='lat' dir='ltr'>se</span> 
     </span>
     <span class='ocr_line' id='line_1_63' title="bbox 299 2858 550 2893; baseline -0.004 -10"><span class='ocrx_word' id='word_1_479' title='bbox 299 2858 550 2893; x_wconf 89' lang='lat' dir='ltr'>consequuntur.</span> 
     </span>
    </p>

    <p class='ocr_par' dir='ltr' id='par_1_13' title="bbox 299 2895 1370 3203">
     <span class='ocr_line' id='line_1_64' title="bbox 351 2895 1368 2937; baseline -0.002 -10"><span class='ocrx_word' id='word_1_480' title='bbox 351 2896 403 2927; x_wconf 86' lang='lat' dir='ltr'>Ad</span> <span class='ocrx_word' id='word_1_481' title='bbox 415 2895 691 2927; x_wconf 86' lang='lat' dir='ltr'>confirmationem</span> <span class='ocrx_word' id='word_1_482' title='bbox 702 2902 808 2936; x_wconf 91' lang='lat' dir='ltr'>potest</span> <span class='ocrx_word' id='word_1_483' title='bbox 819 2895 882 2927; x_wconf 86' lang='lat' dir='ltr'>dici</span> <span class='ocrx_word' id='word_1_484' title='bbox 896 2896 1072 2937; x_wconf 89' lang='lat' dir='ltr'>dupliciter.</span> <span class='ocrx_word' id='word_1_485' title='bbox 1088 2897 1209 2933; x_wconf 86' lang='lat' dir='ltr'>Primo,</span> <span class='ocrx_word' id='word_1_486' title='bbox 1221 2895 1368 2935; x_wconf 84' lang='lat' dir='ltr'>negando</span> 
     </span>
     <span class='ocr_line' id='line_1_65' title="bbox 299 2939 1369 2982; baseline -0.002 -11"><span class='ocrx_word' id='word_1_487' title='bbox 299 2940 561 2982; x_wconf 90' lang='lat' dir='ltr'>consequentiam</span> <span class='ocrx_word' id='word_1_488' title='bbox 583 2940 744 2971; x_wconf 88' lang='lat' dir='ltr'>ultimam:</span> <span class='ocrx_word' id='word_1_489' title='bbox 765 2940 850 2981; x_wconf 84' lang='lat' dir='ltr'>quia,</span> <span class='ocrx_word' id='word_1_490' title='bbox 869 2940 943 2971; x_wconf 91' lang='lat' dir='ltr'>licet</span> <span class='ocrx_word' id='word_1_491' title='bbox 959 2950 996 2971; x_wconf 90' lang='lat' dir='ltr'>ex</span> <span class='ocrx_word' id='word_1_492' title='bbox 1015 2940 1197 2981; x_wconf 89' lang='lat' dir='ltr'>cognitione</span> <span class='ocrx_word' id='word_1_493' title='bbox 1220 2939 1369 2970; x_wconf 90' lang='lat' dir='ltr'>omniurn</span> 
     </span>
     <span class='ocr_line' id='line_1_66' title="bbox 299 2983 1368 3025; baseline -0.001 -10"><span class='ocrx_word' id='word_1_494' title='bbox 299 2994 367 3015; x_wconf 92' lang='lat' dir='ltr'>non</span> <span class='ocrx_word' id='word_1_495' title='bbox 390 2991 540 3025; x_wconf 85' lang='lat' dir='ltr'>sequatur</span> <span class='ocrx_word' id='word_1_496' title='bbox 564 2984 818 3025; x_wconf 89' lang='lat' dir='ltr'>comprehensio,</span> <span class='ocrx_word' id='word_1_497' title='bbox 834 2984 976 3025; x_wconf 91' lang='lat' dir='ltr'>sequitur</span> <span class='ocrx_word' id='word_1_498' title='bbox 998 2991 1106 3016; x_wconf 88' lang='lat' dir='ltr'>tamen</span> <span class='ocrx_word' id='word_1_499' title='bbox 1126 2994 1163 3014; x_wconf 81' lang='lat' dir='ltr'>ex</span> <span class='ocrx_word' id='word_1_500' title='bbox 1187 2983 1368 3024; x_wconf 90' lang='lat' dir='ltr'>cognitione</span> 
     </span>
     <span class='ocr_line' id='line_1_67' title="bbox 300 3028 1369 3065; baseline -0.001 -6"><span class='ocrx_word' id='word_1_501' title='bbox 300 3028 450 3059; x_wconf 89' lang='lat' dir='ltr'>omnium</span> <span class='ocrx_word' id='word_1_502' title='bbox 472 3028 506 3059; x_wconf 90' lang='lat' dir='ltr'>in</span> <span class='ocrx_word' id='word_1_503' title='bbox 529 3029 609 3065; x_wconf 91' lang='lat' dir='ltr'>Deo,</span> <span class='ocrx_word' id='word_1_504' title='bbox 627 3039 683 3059; x_wconf 91' lang='lat' dir='ltr'>seu</span> <span class='ocrx_word' id='word_1_505' title='bbox 707 3037 817 3064; x_wconf 89' lang='lat' dir='ltr'>causa;</span> <span class='ocrx_word' id='word_1_506' title='bbox 840 3035 871 3059; x_wconf 91' lang='lat' dir='ltr'>et</span> <span class='ocrx_word' id='word_1_507' title='bbox 893 3029 932 3059; x_wconf 94' lang='lat' dir='ltr'>de</span> <span class='ocrx_word' id='word_1_508' title='bbox 955 3029 1014 3060; x_wconf 89' lang='lat' dir='ltr'>hac</span> <span class='ocrx_word' id='word_1_509' title='bbox 1038 3036 1084 3060; x_wconf 91' lang='lat' dir='ltr'>est</span> <span class='ocrx_word' id='word_1_510' title='bbox 1107 3038 1223 3065; x_wconf 90' lang='lat' dir='ltr'>sermo,</span> <span class='ocrx_word' id='word_1_511' title='bbox 1240 3038 1307 3059; x_wconf 92' lang='lat' dir='ltr'>non</span> <span class='ocrx_word' id='word_1_512' title='bbox 1330 3028 1369 3058; x_wconf 94' lang='lat' dir='ltr'>de</span> 
     </span>
     <span class='ocr_line' id='line_1_68' title="bbox 300 3072 1368 3114; baseline -0.001 -12"><span class='ocrx_word' id='word_1_513' title='bbox 300 3072 364 3103; x_wconf 90' lang='lat' dir='ltr'>illa.</span> <span class='ocrx_word' id='word_1_514' title='bbox 381 3090 402 3095; x_wconf 97' lang='lat'>-</span> <span class='ocrx_word' id='word_1_515' title='bbox 416 3072 550 3104; x_wconf 83' lang='lat' dir='ltr'>Videtur</span> <span class='ocrx_word' id='word_1_516' title='bbox 563 3083 695 3114; x_wconf 92' lang='lat' dir='ltr'>quoque</span> <span class='ocrx_word' id='word_1_517' title='bbox 714 3073 793 3103; x_wconf 91' lang='lat' dir='ltr'>mihi</span> <span class='ocrx_word' id='word_1_518' title='bbox 813 3073 902 3113; x_wconf 90' lang='lat' dir='ltr'>quod</span> <span class='ocrx_word' id='word_1_519' title='bbox 918 3073 1019 3114; x_wconf 89' lang='lat' dir='ltr'>possit</span> <span class='ocrx_word' id='word_1_520' title='bbox 1035 3073 1095 3104; x_wconf 89' lang='lat' dir='ltr'>dici</span> <span class='ocrx_word' id='word_1_521' title='bbox 1111 3073 1262 3110; x_wconf 85' lang='lat' dir='ltr'>secundo,</span> <span class='ocrx_word' id='word_1_522' title='bbox 1279 3072 1368 3113; x_wconf 92' lang='lat' dir='ltr'>quod</span> 
     </span>
     <span class='ocr_line' id='line_1_69' title="bbox 301 3116 1369 3158; baseline 0 -12"><span class='ocrx_word' id='word_1_523' title='bbox 301 3116 412 3146; x_wconf 86' lang='lat' dir='ltr'>omnia</span> <span class='ocrx_word' id='word_1_524' title='bbox 433 3116 608 3158; x_wconf 87' lang='lat' dir='ltr'>adaequare</span> <span class='ocrx_word' id='word_1_525' title='bbox 636 3117 782 3148; x_wconf 91' lang='lat' dir='ltr'>divinum</span> <span class='ocrx_word' id='word_1_526' title='bbox 805 3127 872 3148; x_wconf 91' lang='lat' dir='ltr'>esse</span> <span class='ocrx_word' id='word_1_527' title='bbox 900 3124 956 3148; x_wconf 85' lang='lat' dir='ltr'>aut</span> <span class='ocrx_word' id='word_1_528' title='bbox 983 3117 1150 3158; x_wconf 85' lang='lat' dir='ltr'>cognosci,</span> <span class='ocrx_word' id='word_1_529' title='bbox 1182 3123 1288 3157; x_wconf 88' lang='lat' dir='ltr'>potest</span> <span class='ocrx_word' id='word_1_530' title='bbox 1310 3117 1369 3146; x_wconf 88' lang='lat' dir='ltr'>du-</span> 
     </span>
     <span class='ocr_line' id='line_1_70' title="bbox 301 3160 1370 3203; baseline 0.001 -13"><span class='ocrx_word' id='word_1_531' title='bbox 301 3160 423 3201; x_wconf 87' lang='lat' dir='ltr'>pliciter</span> <span class='ocrx_word' id='word_1_532' title='bbox 445 3160 585 3201; x_wconf 83' lang='lat' dir='ltr'>intelligi.</span> <span class='ocrx_word' id='word_1_533' title='bbox 610 3161 684 3192; x_wconf 90' lang='lat' dir='ltr'>Uno</span> <span class='ocrx_word' id='word_1_534' title='bbox 708 3162 819 3198; x_wconf 90' lang='lat' dir='ltr'>modo,</span> <span class='ocrx_word' id='word_1_535' title='bbox 843 3162 933 3203; x_wconf 94' lang='lat' dir='ltr'>quod</span> <span class='ocrx_word' id='word_1_536' title='bbox 956 3161 1095 3203; x_wconf 88' lang='lat' dir='ltr'>aequalis</span> <span class='ocrx_word' id='word_1_537' title='bbox 1119 3161 1159 3192; x_wconf 92' lang='lat' dir='ltr'>sit</span> <span class='ocrx_word' id='word_1_538' title='bbox 1180 3161 1292 3192; x_wconf 87' lang='lat' dir='ltr'>entitas</span> <span class='ocrx_word' id='word_1_539' title='bbox 1316 3167 1370 3191; x_wconf 87' lang='lat' dir='ltr'>aut</span> 
     </span>
    </p>
   </div>
   <div class='ocr_carea' id='block_1_8' title="bbox 2404 259 2470 295">
    <p class='ocr_par' dir='ltr' id='par_1_14' title="bbox 2404 259 2470 295">
     <span class='ocr_line' id='line_1_71' title="bbox 2404 259 2470 295; baseline 0 -1"><span class='ocrx_word' id='word_1_540' title='bbox 2404 259 2470 295; x_wconf 86' lang='lat'>131</span> 
     </span>
    </p>
   </div>
   <div class='ocr_carea' id='block_1_9' title="bbox 1409 334 2491 3198">
    <p class='ocr_par' dir='ltr' id='par_1_15' title="bbox 1409 334 2479 861">
     <span class='ocr_line' id='line_1_72' title="bbox 1411 334 2476 378; baseline 0.005 -15"><span class='ocrx_word' id='word_1_541' title='bbox 1411 334 1663 374; x_wconf 90' lang='lat' dir='ltr'>cognoscibilitas</span> <span class='ocrx_word' id='word_1_542' title='bbox 1687 335 1746 365; x_wconf 93' lang='lat' dir='ltr'>Dei</span> <span class='ocrx_word' id='word_1_543' title='bbox 1771 343 1800 366; x_wconf 91' lang='lat' dir='ltr'>et</span> <span class='ocrx_word' id='word_1_544' title='bbox 1824 336 1968 367; x_wconf 85' lang='lat' dir='ltr'>illorum:</span> <span class='ocrx_word' id='word_1_545' title='bbox 1994 345 2023 368; x_wconf 93' lang='lat' dir='ltr'>et</span> <span class='ocrx_word' id='word_1_546' title='bbox 2038 338 2100 368; x_wconf 94' lang='lat' dir='ltr'>hoc</span> <span class='ocrx_word' id='word_1_547' title='bbox 2117 339 2215 368; x_wconf 91' lang='lat' dir='ltr'>modo</span> <span class='ocrx_word' id='word_1_548' title='bbox 2232 348 2298 368; x_wconf 92' lang='lat' dir='ltr'>non</span> <span class='ocrx_word' id='word_1_549' title='bbox 2322 338 2476 378; x_wconf 88' lang='lat' dir='ltr'>adaequa-</span> 
     </span>
     <span class='ocr_line' id='line_1_73' title="bbox 1410 379 2477 420; baseline 0.003 -12"><span class='ocrx_word' id='word_1_550' title='bbox 1410 385 1488 409; x_wconf 93' lang='lat' dir='ltr'>rent.</span> <span class='ocrx_word' id='word_1_551' title='bbox 1512 379 1586 409; x_wconf 88' lang='lat' dir='ltr'>Alio</span> <span class='ocrx_word' id='word_1_552' title='bbox 1610 379 1721 415; x_wconf 91' lang='lat' dir='ltr'>modo,</span> <span class='ocrx_word' id='word_1_553' title='bbox 1739 380 1828 420; x_wconf 92' lang='lat' dir='ltr'>quod</span> <span class='ocrx_word' id='word_1_554' title='bbox 1847 381 2099 420; x_wconf 90' lang='lat' dir='ltr'>cognoscibilitas</span> <span class='ocrx_word' id='word_1_555' title='bbox 2118 382 2187 418; x_wconf 90' lang='lat' dir='ltr'>Dei,</span> <span class='ocrx_word' id='word_1_556' title='bbox 2203 392 2259 412; x_wconf 91' lang='lat' dir='ltr'>seu</span> <span class='ocrx_word' id='word_1_557' title='bbox 2275 381 2398 411; x_wconf 89' lang='lat' dir='ltr'>divinae</span> <span class='ocrx_word' id='word_1_558' title='bbox 2418 382 2477 411; x_wconf 92' lang='lat' dir='ltr'>vir-</span> 
     </span>
     <span class='ocr_line' id='line_1_74' title="bbox 1410 422 2477 466; baseline 0.004 -14"><span class='ocrx_word' id='word_1_559' title='bbox 1410 422 1485 453; x_wconf 89' lang='lat' dir='ltr'>tutis</span> <span class='ocrx_word' id='word_1_560' title='bbox 1504 429 1541 453; x_wconf 94' lang='lat' dir='ltr'>ut</span> <span class='ocrx_word' id='word_1_561' title='bbox 1564 423 1617 459; x_wconf 90' lang='lat' dir='ltr'>sic,</span> <span class='ocrx_word' id='word_1_562' title='bbox 1641 433 1708 453; x_wconf 90' lang='lat' dir='ltr'>non</span> <span class='ocrx_word' id='word_1_563' title='bbox 1728 430 1808 454; x_wconf 91' lang='lat' dir='ltr'>esset</span> <span class='ocrx_word' id='word_1_564' title='bbox 1831 424 1958 454; x_wconf 91' lang='lat' dir='ltr'>maioris</span> <span class='ocrx_word' id='word_1_565' title='bbox 1980 426 2269 465; x_wconf 88' lang='lat' dir='ltr'>cognoscibilitatis‚</span> <span class='ocrx_word' id='word_1_566' title='bbox 2287 435 2386 466; x_wconf 88' lang='lat' dir='ltr'>quam</span> <span class='ocrx_word' id='word_1_567' title='bbox 2410 426 2477 456; x_wconf 89' lang='lat' dir='ltr'>eius</span> 
     </span>
     <span class='ocr_line' id='line_1_75' title="bbox 1410 468 2476 510; baseline 0.004 -14"><span class='ocrx_word' id='word_1_568' title='bbox 1410 476 1508 507; x_wconf 89' lang='lat' dir='ltr'>quam</span> <span class='ocrx_word' id='word_1_569' title='bbox 1531 474 1798 507; x_wconf 88' lang='lat' dir='ltr'>repraesentarent</span> <span class='ocrx_word' id='word_1_570' title='bbox 1830 468 1952 504; x_wconf 85' lang='lat' dir='ltr'>omnia;</span> <span class='ocrx_word' id='word_1_571' title='bbox 1982 469 2060 500; x_wconf 89' lang='lat' dir='ltr'>sicut</span> <span class='ocrx_word' id='word_1_572' title='bbox 2085 470 2218 500; x_wconf 89' lang='lat' dir='ltr'>dicimus</span> <span class='ocrx_word' id='word_1_573' title='bbox 2251 470 2340 510; x_wconf 92' lang='lat' dir='ltr'>quod</span> <span class='ocrx_word' id='word_1_574' title='bbox 2363 470 2476 500; x_wconf 91' lang='lat' dir='ltr'>intelli-</span> 
     </span>
     <span class='ocr_line' id='line_1_76' title="bbox 1409 511 2477 553; baseline 0.003 -12"><span class='ocrx_word' id='word_1_575' title='bbox 1409 520 1481 550; x_wconf 87' lang='lat' dir='ltr'>gere</span> <span class='ocrx_word' id='word_1_576' title='bbox 1505 518 1551 541; x_wconf 91' lang='lat' dir='ltr'>est</span> <span class='ocrx_word' id='word_1_577' title='bbox 1574 511 1701 542; x_wconf 89' lang='lat' dir='ltr'>effectus</span> <span class='ocrx_word' id='word_1_578' title='bbox 1723 512 1916 553; x_wconf 87' lang='lat' dir='ltr'>adaequatus</span> <span class='ocrx_word' id='word_1_579' title='bbox 1940 513 2062 543; x_wconf 89' lang='lat' dir='ltr'>animae</span> <span class='ocrx_word' id='word_1_580' title='bbox 2082 514 2297 550; x_wconf 86' lang='lat' dir='ltr'>intellectivae,</span> <span class='ocrx_word' id='word_1_581' title='bbox 2319 521 2348 544; x_wconf 90' lang='lat' dir='ltr'>et</span> <span class='ocrx_word' id='word_1_582' title='bbox 2371 521 2477 544; x_wconf 90' lang='lat' dir='ltr'>tamen</span> 
     </span>
     <span class='ocr_line' id='line_1_77' title="bbox 1410 555 2476 598; baseline 0.004 -14"><span class='ocrx_word' id='word_1_583' title='bbox 1410 564 1477 584; x_wconf 92' lang='lat' dir='ltr'>non</span> <span class='ocrx_word' id='word_1_584' title='bbox 1494 562 1540 586; x_wconf 93' lang='lat' dir='ltr'>est</span> <span class='ocrx_word' id='word_1_585' title='bbox 1555 555 1695 596; x_wconf 85' lang='lat' dir='ltr'>aequalis</span> <span class='ocrx_word' id='word_1_586' title='bbox 1714 555 1850 586; x_wconf 88' lang='lat' dir='ltr'>entitatis</span> <span class='ocrx_word' id='word_1_587' title='bbox 1873 566 1931 587; x_wconf 92' lang='lat' dir='ltr'>nec</span> <span class='ocrx_word' id='word_1_588' title='bbox 1955 557 2230 596; x_wconf 89' lang='lat' dir='ltr'>cognoscibilitatis</span> <span class='ocrx_word' id='word_1_589' title='bbox 2246 558 2350 598; x_wconf 89' lang='lat' dir='ltr'>primo</span> <span class='ocrx_word' id='word_1_590' title='bbox 2367 558 2476 594; x_wconf 90' lang='lat' dir='ltr'>modo,</span> 
     </span>
     <span class='ocr_line' id='line_1_78' title="bbox 1411 599 2478 642; baseline 0.004 -14"><span class='ocrx_word' id='word_1_591' title='bbox 1411 599 1467 628; x_wconf 90' lang='lat' dir='ltr'>sed</span> <span class='ocrx_word' id='word_1_592' title='bbox 1490 600 1640 630; x_wconf 90' lang='lat' dir='ltr'>secundo.</span> <span class='ocrx_word' id='word_1_593' title='bbox 1672 600 1713 631; x_wconf 89' lang='lat' dir='ltr'>Et</span> <span class='ocrx_word' id='word_1_594' title='bbox 1736 600 1798 630; x_wconf 92' lang='lat' dir='ltr'>hoc</span> <span class='ocrx_word' id='word_1_595' title='bbox 1827 601 1926 630; x_wconf 93' lang='lat' dir='ltr'>modo</span> <span class='ocrx_word' id='word_1_596' title='bbox 1961 601 2068 631; x_wconf 89' lang='lat' dir='ltr'>omnia</span> <span class='ocrx_word' id='word_1_597' title='bbox 2092 602 2303 642; x_wconf 89' lang='lat' dir='ltr'>adaequarent</span> <span class='ocrx_word' id='word_1_598' title='bbox 2333 602 2478 632; x_wconf 92' lang='lat' dir='ltr'>divinum</span> 
     </span>
     <span class='ocr_line' id='line_1_79' title="bbox 1412 643 2477 683; baseline 0.003 -10"><span class='ocrx_word' id='word_1_599' title='bbox 1412 653 1478 673; x_wconf 91' lang='lat' dir='ltr'>esse</span> <span class='ocrx_word' id='word_1_600' title='bbox 1494 650 1525 674; x_wconf 92' lang='lat' dir='ltr'>et</span> <span class='ocrx_word' id='word_1_601' title='bbox 1541 643 1682 674; x_wconf 89' lang='lat' dir='ltr'>divinam</span> <span class='ocrx_word' id='word_1_602' title='bbox 1697 643 2012 683; x_wconf 89' lang='lat' dir='ltr'>cognoscibilitatem.</span> <span class='ocrx_word' id='word_1_603' title='bbox 2025 663 2045 667; x_wconf 94' lang='lat'><em>-</em></span> <span class='ocrx_word' id='word_1_604' title='bbox 2057 645 2186 682; x_wconf 88' lang='lat' dir='ltr'>Verum,</span> <span class='ocrx_word' id='word_1_605' title='bbox 2204 653 2240 676; x_wconf 93' lang='lat' dir='ltr'>ut</span> <span class='ocrx_word' id='word_1_606' title='bbox 2256 646 2375 676; x_wconf 90' lang='lat' dir='ltr'>dictum</span> <span class='ocrx_word' id='word_1_607' title='bbox 2393 653 2438 676; x_wconf 93' lang='lat' dir='ltr'>est</span> <span class='ocrx_word' id='word_1_608' title='bbox 2449 645 2477 682; x_wconf 69' lang='lat'>⁴⁹,</span> 
     </span>
     <span class='ocr_line' id='line_1_80' title="bbox 1412 687 2478 728; baseline 0.003 -11"><span class='ocrx_word' id='word_1_609' title='bbox 1412 687 1696 718; x_wconf 88' lang='lat' dir='ltr'>contradictionem</span> <span class='ocrx_word' id='word_1_610' title='bbox 1718 687 1860 728; x_wconf 89' lang='lat' dir='ltr'>implicat</span> <span class='ocrx_word' id='word_1_611' title='bbox 1883 688 1991 718; x_wconf 91' lang='lat' dir='ltr'>omnia</span> <span class='ocrx_word' id='word_1_612' title='bbox 2014 688 2096 725; x_wconf 89' lang='lat' dir='ltr'>fieri,</span> <span class='ocrx_word' id='word_1_613' title='bbox 2121 689 2185 719; x_wconf 90' lang='lat' dir='ltr'>sive</span> <span class='ocrx_word' id='word_1_614' title='bbox 2208 690 2240 719; x_wconf 89' lang='lat' dir='ltr'>in</span> <span class='ocrx_word' id='word_1_615' title='bbox 2265 700 2331 720; x_wconf 91' lang='lat' dir='ltr'>esse</span> <span class='ocrx_word' id='word_1_616' title='bbox 2359 690 2424 720; x_wconf 91' lang='lat' dir='ltr'>sive</span> <span class='ocrx_word' id='word_1_617' title='bbox 2446 690 2478 720; x_wconf 92' lang='lat' dir='ltr'>in</span> 
     </span>
     <span class='ocr_line' id='line_1_81' title="bbox 1413 731 2479 774; baseline 0.001 -12"><span class='ocrx_word' id='word_1_618' title='bbox 1413 731 1578 772; x_wconf 88' lang='lat' dir='ltr'>cognosci:</span> <span class='ocrx_word' id='word_1_619' title='bbox 1609 741 1734 772; x_wconf 91' lang='lat' dir='ltr'>semper</span> <span class='ocrx_word' id='word_1_620' title='bbox 1764 732 1866 768; x_wconf 89' lang='lat' dir='ltr'>enim,</span> <span class='ocrx_word' id='word_1_621' title='bbox 1898 742 2105 773; x_wconf 90' lang='lat' dir='ltr'>quocumque</span> <span class='ocrx_word' id='word_1_622' title='bbox 2136 733 2237 769; x_wconf 88' lang='lat' dir='ltr'>facto,</span> <span class='ocrx_word' id='word_1_623' title='bbox 2262 741 2367 774; x_wconf 92' lang='lat' dir='ltr'>potest</span> <span class='ocrx_word' id='word_1_624' title='bbox 2394 734 2479 764; x_wconf 85' lang='lat' dir='ltr'>aliud</span> 
     </span>
     <span class='ocr_line' id='line_1_82' title="bbox 1412 775 2479 818; baseline 0.001 -12"><span class='ocrx_word' id='word_1_625' title='bbox 1412 782 1508 816; x_wconf 87' lang='lat' dir='ltr'>atque</span> <span class='ocrx_word' id='word_1_626' title='bbox 1524 775 1693 816; x_wconf 87' lang='lat' dir='ltr'>perfectius</span> <span class='ocrx_word' id='word_1_627' title='bbox 1712 776 1822 812; x_wconf 91' lang='lat' dir='ltr'>facere,</span> <span class='ocrx_word' id='word_1_628' title='bbox 1844 782 1874 806; x_wconf 91' lang='lat' dir='ltr'>et</span> <span class='ocrx_word' id='word_1_629' title='bbox 1889 786 2096 817; x_wconf 92' lang='lat' dir='ltr'>quocumque</span> <span class='ocrx_word' id='word_1_630' title='bbox 2113 777 2259 814; x_wconf 88' lang='lat' dir='ltr'>revelato,</span> <span class='ocrx_word' id='word_1_631' title='bbox 2275 785 2380 818; x_wconf 88' lang='lat' dir='ltr'>potest</span> <span class='ocrx_word' id='word_1_632' title='bbox 2394 778 2479 814; x_wconf 85' lang='lat' dir='ltr'>aliud</span> 
     </span>
     <span class='ocr_line' id='line_1_83' title="bbox 1412 820 2301 861; baseline 0.002 -11"><span class='ocrx_word' id='word_1_633' title='bbox 1412 820 1558 856; x_wconf 92' lang='lat' dir='ltr'>revelare,</span> <span class='ocrx_word' id='word_1_634' title='bbox 1582 820 1817 851; x_wconf 84' lang='lat' dir='ltr'>inexhauribilis</span> <span class='ocrx_word' id='word_1_635' title='bbox 1841 820 1961 861; x_wconf 91' lang='lat' dir='ltr'>quippe</span> <span class='ocrx_word' id='word_1_636' title='bbox 1985 828 2040 857; x_wconf 91' lang='lat' dir='ltr'>est,</span> <span class='ocrx_word' id='word_1_637' title='bbox 2065 821 2171 851; x_wconf 89' lang='lat' dir='ltr'>divina</span> <span class='ocrx_word' id='word_1_638' title='bbox 2192 822 2301 852; x_wconf 90' lang='lat' dir='ltr'>virtus.</span> 
     </span>
    </p>

    <p class='ocr_par' dir='ltr' id='par_1_16' title="bbox 1413 864 2487 1964">
     <span class='ocr_line' id='line_1_84' title="bbox 1466 864 2479 906; baseline 0.002 -12"><span class='ocrx_word' id='word_1_639' title='bbox 1466 864 1548 895; x_wconf 91' lang='lat' dir='ltr'>XVI.</span> <span class='ocrx_word' id='word_1_640' title='bbox 1569 865 1620 894; x_wconf 85' lang='lat' dir='ltr'>Ad</span> <span class='ocrx_word' id='word_1_641' title='bbox 1642 864 1784 904; x_wconf 89' lang='lat' dir='ltr'>primum</span> <span class='ocrx_word' id='word_1_642' title='bbox 1808 864 1894 895; x_wconf 90' lang='lat' dir='ltr'>Scoti</span> <span class='ocrx_word' id='word_1_643' title='bbox 1907 865 1924 884; x_wconf 90' lang='lat'><em>*</em></span> <span class='ocrx_word' id='word_1_644' title='bbox 1948 865 2070 901; x_wconf 90' lang='lat' dir='ltr'>dicitur,</span> <span class='ocrx_word' id='word_1_645' title='bbox 2095 865 2184 906; x_wconf 92' lang='lat' dir='ltr'>quod</span> <span class='ocrx_word' id='word_1_646' title='bbox 2205 865 2307 896; x_wconf 89' lang='lat' dir='ltr'>maior</span> <span class='ocrx_word' id='word_1_647' title='bbox 2329 872 2376 896; x_wconf 87' lang='lat' dir='ltr'>est</span> <span class='ocrx_word' id='word_1_648' title='bbox 2397 876 2479 902; x_wconf 87' lang='lat' dir='ltr'>vera,</span> 
     </span>
     <span class='ocr_line' id='line_1_85' title="bbox 1414 908 2480 946; baseline 0.002 -8"><span class='ocrx_word' id='word_1_649' title='bbox 1414 915 1536 939; x_wconf 89' lang='lat' dir='ltr'>servato</span> <span class='ocrx_word' id='word_1_650' title='bbox 1561 908 1676 939; x_wconf 88' lang='lat' dir='ltr'>eodem</span> <span class='ocrx_word' id='word_1_651' title='bbox 1699 908 1799 939; x_wconf 92' lang='lat' dir='ltr'>modo</span> <span class='ocrx_word' id='word_1_652' title='bbox 1816 909 1938 939; x_wconf 89' lang='lat' dir='ltr'>essendi</span> <span class='ocrx_word' id='word_1_653' title='bbox 1958 910 2002 946; x_wconf 89' lang='lat' dir='ltr'>in,</span> <span class='ocrx_word' id='word_1_654' title='bbox 2023 919 2090 939; x_wconf 89' lang='lat' dir='ltr'>non</span> <span class='ocrx_word' id='word_1_655' title='bbox 2106 916 2213 941; x_wconf 88' lang='lat' dir='ltr'>autem</span> <span class='ocrx_word' id='word_1_656' title='bbox 2227 909 2357 940; x_wconf 90' lang='lat' dir='ltr'>variato.</span> <span class='ocrx_word' id='word_1_657' title='bbox 2381 910 2416 939; x_wconf 93' lang='lat' dir='ltr'>In</span> <span class='ocrx_word' id='word_1_658' title='bbox 2431 910 2480 940; x_wconf 92' lang='lat' dir='ltr'>his</span> 
     </span>
     <span class='ocr_line' id='line_1_86' title="bbox 1414 952 2479 995; baseline 0.002 -13"><span class='ocrx_word' id='word_1_659' title='bbox 1414 953 1500 983; x_wconf 91' lang='lat' dir='ltr'>enim</span> <span class='ocrx_word' id='word_1_660' title='bbox 1523 962 1604 994; x_wconf 90' lang='lat' dir='ltr'>quae</span> <span class='ocrx_word' id='word_1_661' title='bbox 1638 952 1810 983; x_wconf 91' lang='lat' dir='ltr'>formaliter</span> <span class='ocrx_word' id='word_1_662' title='bbox 1838 953 1931 984; x_wconf 90' lang='lat' dir='ltr'>alicui</span> <span class='ocrx_word' id='word_1_663' title='bbox 1963 953 2072 984; x_wconf 89' lang='lat' dir='ltr'>insunt</span> <span class='ocrx_word' id='word_1_664' title='bbox 2095 953 2206 984; x_wconf 92' lang='lat' dir='ltr'>ordine</span> <span class='ocrx_word' id='word_1_665' title='bbox 2229 953 2371 995; x_wconf 89' lang='lat' dir='ltr'>quodam</span> <span class='ocrx_word' id='word_1_666' title='bbox 2402 960 2479 990; x_wconf 91' lang='lat' dir='ltr'>etc.,</span> 
     </span>
     <span class='ocr_line' id='line_1_87' title="bbox 1413 996 2481 1038; baseline 0 -11"><span class='ocrx_word' id='word_1_667' title='bbox 1413 996 1592 1037; x_wconf 92' lang='lat' dir='ltr'>propositio</span> <span class='ocrx_word' id='word_1_668' title='bbox 1615 996 1669 1027; x_wconf 89' lang='lat' dir='ltr'>illa</span> <span class='ocrx_word' id='word_1_669' title='bbox 1693 1003 1740 1027; x_wconf 91' lang='lat' dir='ltr'>est</span> <span class='ocrx_word' id='word_1_670' title='bbox 1754 1006 1842 1027; x_wconf 90' lang='lat' dir='ltr'>vera:</span> <span class='ocrx_word' id='word_1_671' title='bbox 1866 1004 1899 1035; x_wconf 72' lang='lat' dir='ltr'>et</span> <span class='ocrx_word' id='word_1_672' title='bbox 1921 1004 2088 1038; x_wconf 89' lang='lat' dir='ltr'>propterea</span> <span class='ocrx_word' id='word_1_673' title='bbox 2103 1004 2188 1029; x_wconf 91' lang='lat' dir='ltr'>tenet</span> <span class='ocrx_word' id='word_1_674' title='bbox 2210 997 2243 1028; x_wconf 91' lang='lat' dir='ltr'>in</span> <span class='ocrx_word' id='word_1_675' title='bbox 2267 998 2413 1038; x_wconf 85' lang='lat' dir='ltr'>exemplo</span> <span class='ocrx_word' id='word_1_676' title='bbox 2430 998 2481 1028; x_wconf 91' lang='lat' dir='ltr'>ad-</span> 
     </span>
     <span class='ocr_line' id='line_1_88' title="bbox 1414 1041 2482 1082; baseline 0.001 -11"><span class='ocrx_word' id='word_1_677' title='bbox 1414 1042 1522 1072; x_wconf 94' lang='lat' dir='ltr'>ducto.</span> <span class='ocrx_word' id='word_1_678' title='bbox 1546 1041 1581 1071; x_wconf 92' lang='lat' dir='ltr'>In</span> <span class='ocrx_word' id='word_1_679' title='bbox 1604 1041 1653 1071; x_wconf 93' lang='lat' dir='ltr'>his</span> <span class='ocrx_word' id='word_1_680' title='bbox 1676 1047 1784 1071; x_wconf 89' lang='lat' dir='ltr'>autem</span> <span class='ocrx_word' id='word_1_681' title='bbox 1807 1051 1948 1082; x_wconf 89' lang='lat' dir='ltr'>quorum</span> <span class='ocrx_word' id='word_1_682' title='bbox 1972 1042 2113 1082; x_wconf 89' lang='lat' dir='ltr'>primum</span> <span class='ocrx_word' id='word_1_683' title='bbox 2135 1042 2217 1072; x_wconf 90' lang='lat' dir='ltr'>inest</span> <span class='ocrx_word' id='word_1_684' title='bbox 2240 1041 2427 1078; x_wconf 88' lang='lat' dir='ltr'>formaliter,</span> <span class='ocrx_word' id='word_1_685' title='bbox 2452 1049 2482 1072; x_wconf 90' lang='lat' dir='ltr'>et</span> 
     </span>
     <span class='ocr_line' id='line_1_89' title="bbox 1414 1085 2481 1126; baseline 0.001 -11"><span class='ocrx_word' id='word_1_686' title='bbox 1414 1085 1591 1116; x_wconf 90' lang='lat' dir='ltr'>secundum</span> <span class='ocrx_word' id='word_1_687' title='bbox 1607 1085 1780 1121; x_wconf 87' lang='lat' dir='ltr'>causaliter,</span> <span class='ocrx_word' id='word_1_688' title='bbox 1797 1096 1870 1116; x_wconf 87' lang='lat' dir='ltr'>vera</span> <span class='ocrx_word' id='word_1_689' title='bbox 1885 1096 1952 1116; x_wconf 92' lang='lat' dir='ltr'>non</span> <span class='ocrx_word' id='word_1_690' title='bbox 1968 1093 2024 1117; x_wconf 89' lang='lat' dir='ltr'>est.</span> <span class='ocrx_word' id='word_1_691' title='bbox 2048 1086 2222 1123; x_wconf 88' lang='lat' dir='ltr'>Quoniam,</span> <span class='ocrx_word' id='word_1_692' title='bbox 2239 1086 2320 1117; x_wconf 89' lang='lat' dir='ltr'>sicut</span> <span class='ocrx_word' id='word_1_693' title='bbox 2343 1096 2360 1116; x_wconf 89' lang='lat' dir='ltr'>a</span> <span class='ocrx_word' id='word_1_694' title='bbox 2383 1086 2481 1126; x_wconf 89' lang='lat' dir='ltr'>priori</span> 
     </span>
     <span class='ocr_line' id='line_1_90' title="bbox 1414 1129 2480 1166; baseline 0.001 -7"><span class='ocrx_word' id='word_1_695' title='bbox 1414 1129 1494 1159; x_wconf 91' lang='lat' dir='ltr'>visio</span> <span class='ocrx_word' id='word_1_696' title='bbox 1519 1139 1631 1160; x_wconf 86' lang='lat' dir='ltr'>causae</span> <span class='ocrx_word' id='word_1_697' title='bbox 1653 1129 1747 1160; x_wconf 90' lang='lat' dir='ltr'>infert</span> <span class='ocrx_word' id='word_1_698' title='bbox 1769 1129 1926 1160; x_wconf 90' lang='lat' dir='ltr'>visionem</span> <span class='ocrx_word' id='word_1_699' title='bbox 1951 1130 2126 1161; x_wconf 87' lang='lat' dir='ltr'>formaliter</span> <span class='ocrx_word' id='word_1_700' title='bbox 2154 1130 2355 1161; x_wconf 85' lang='lat' dir='ltr'>existentium</span> <span class='ocrx_word' id='word_1_701' title='bbox 2377 1130 2410 1160; x_wconf 92' lang='lat' dir='ltr'>in</span> <span class='ocrx_word' id='word_1_702' title='bbox 2435 1140 2480 1166; x_wconf 88' lang='lat' dir='ltr'>ea,</span> 
     </span>
     <span class='ocr_line' id='line_1_91' title="bbox 1415 1172 2481 1216; baseline 0.001 -13"><span class='ocrx_word' id='word_1_703' title='bbox 1415 1183 1481 1203; x_wconf 91' lang='lat' dir='ltr'>non</span> <span class='ocrx_word' id='word_1_704' title='bbox 1506 1179 1613 1203; x_wconf 92' lang='lat' dir='ltr'>autem</span> <span class='ocrx_word' id='word_1_705' title='bbox 1637 1173 1786 1204; x_wconf 89' lang='lat' dir='ltr'>omnium</span> <span class='ocrx_word' id='word_1_706' title='bbox 1810 1181 2034 1204; x_wconf 91' lang='lat' dir='ltr'>contentorum</span> <span class='ocrx_word' id='word_1_707' title='bbox 2057 1174 2229 1205; x_wconf 89' lang='lat' dir='ltr'>virtualiter</span> <span class='ocrx_word' id='word_1_708' title='bbox 2252 1174 2284 1204; x_wconf 93' lang='lat' dir='ltr'>in</span> <span class='ocrx_word' id='word_1_709' title='bbox 2308 1174 2361 1204; x_wconf 88' lang='lat' dir='ltr'>illa</span> <span class='ocrx_word' id='word_1_710' title='bbox 2385 1172 2481 1216; x_wconf 91' lang='lat' dir='ltr'>(quo-</span> 
     </span>
     <span class='ocr_line' id='line_1_92' title="bbox 1415 1216 2482 1258; baseline 0.002 -12"><span class='ocrx_word' id='word_1_711' title='bbox 1415 1216 1502 1246; x_wconf 90' lang='lat' dir='ltr'>niam</span> <span class='ocrx_word' id='word_1_712' title='bbox 1525 1217 1577 1247; x_wconf 91' lang='lat' dir='ltr'>illa</span> <span class='ocrx_word' id='word_1_713' title='bbox 1601 1217 1766 1248; x_wconf 89' lang='lat' dir='ltr'>manifeste</span> <span class='ocrx_word' id='word_1_714' title='bbox 1789 1218 1822 1247; x_wconf 89' lang='lat' dir='ltr'>in</span> <span class='ocrx_word' id='word_1_715' title='bbox 1846 1228 1882 1248; x_wconf 87' lang='lat' dir='ltr'>ea</span> <span class='ocrx_word' id='word_1_716' title='bbox 1905 1225 2072 1258; x_wconf 88' lang='lat' dir='ltr'>apparent,</span> <span class='ocrx_word' id='word_1_717' title='bbox 2099 1218 2176 1249; x_wconf 89' lang='lat' dir='ltr'>haec</span> <span class='ocrx_word' id='word_1_718' title='bbox 2199 1225 2307 1249; x_wconf 92' lang='lat' dir='ltr'>autem</span> <span class='ocrx_word' id='word_1_719' title='bbox 2329 1218 2427 1249; x_wconf 88' lang='lat' dir='ltr'>latent</span> <span class='ocrx_word' id='word_1_720' title='bbox 2449 1218 2482 1248; x_wconf 91' lang='lat' dir='ltr'>in</span> 
     </span>
     <span class='ocr_line' id='line_1_93' title="bbox 1414 1259 2482 1303; baseline 0.001 -12"><span class='ocrx_word' id='word_1_721' title='bbox 1414 1259 1560 1303; x_wconf 88' lang='lat' dir='ltr'>virtute);</span> <span class='ocrx_word' id='word_1_722' title='bbox 1584 1261 1635 1297; x_wconf 89' lang='lat' dir='ltr'>ita,</span> <span class='ocrx_word' id='word_1_723' title='bbox 1654 1270 1670 1291; x_wconf 92' lang='lat' dir='ltr'>e</span> <span class='ocrx_word' id='word_1_724' title='bbox 1686 1271 1848 1298; x_wconf 91' lang='lat' dir='ltr'>converso,</span> <span class='ocrx_word' id='word_1_725' title='bbox 1863 1261 1943 1292; x_wconf 90' lang='lat' dir='ltr'>visio</span> <span class='ocrx_word' id='word_1_726' title='bbox 1960 1262 2108 1292; x_wconf 91' lang='lat' dir='ltr'>omnium</span> <span class='ocrx_word' id='word_1_727' title='bbox 2123 1262 2295 1293; x_wconf 88' lang='lat' dir='ltr'>virtualiter</span> <span class='ocrx_word' id='word_1_728' title='bbox 2318 1268 2482 1293; x_wconf 91' lang='lat' dir='ltr'>contento-</span> 
     </span>
     <span class='ocr_line' id='line_1_94' title="bbox 1415 1305 2481 1346; baseline 0.002 -12"><span class='ocrx_word' id='word_1_729' title='bbox 1415 1315 1488 1335; x_wconf 86' lang='lat' dir='ltr'>rum</span> <span class='ocrx_word' id='word_1_730' title='bbox 1510 1305 1544 1334; x_wconf 89' lang='lat' dir='ltr'>in</span> <span class='ocrx_word' id='word_1_731' title='bbox 1568 1315 1670 1341; x_wconf 88' lang='lat' dir='ltr'>causa,</span> <span class='ocrx_word' id='word_1_732' title='bbox 1690 1305 1784 1336; x_wconf 91' lang='lat' dir='ltr'>infert</span> <span class='ocrx_word' id='word_1_733' title='bbox 1798 1315 1816 1335; x_wconf 88' lang='lat' dir='ltr'>a</span> <span class='ocrx_word' id='word_1_734' title='bbox 1831 1306 1999 1346; x_wconf 88' lang='lat' dir='ltr'>posteriori</span> <span class='ocrx_word' id='word_1_735' title='bbox 2023 1306 2341 1346; x_wconf 90' lang='lat' dir='ltr'>comprehensionem</span> <span class='ocrx_word' id='word_1_736' title='bbox 2359 1316 2481 1342; x_wconf 88' lang='lat' dir='ltr'>causae,</span> 
     </span>
     <span class='ocr_line' id='line_1_95' title="bbox 1414 1348 2483 1390; baseline 0.001 -11"><span class='ocrx_word' id='word_1_737' title='bbox 1414 1349 1496 1380; x_wconf 88' lang='lat' dir='ltr'>visio</span> <span class='ocrx_word' id='word_1_738' title='bbox 1521 1355 1628 1379; x_wconf 87' lang='lat' dir='ltr'>autem</span> <span class='ocrx_word' id='word_1_739' title='bbox 1651 1348 1826 1380; x_wconf 89' lang='lat' dir='ltr'>formaliter</span> <span class='ocrx_word' id='word_1_740' title='bbox 1847 1349 2092 1386; x_wconf 81' lang='lat' dir='ltr'>inexistentium,</span> <span class='ocrx_word' id='word_1_741' title='bbox 2119 1350 2213 1380; x_wconf 90' lang='lat' dir='ltr'>infert</span> <span class='ocrx_word' id='word_1_742' title='bbox 2235 1350 2392 1380; x_wconf 90' lang='lat' dir='ltr'>visionem</span> <span class='ocrx_word' id='word_1_743' title='bbox 2415 1356 2483 1390; x_wconf 80' lang='lat' dir='ltr'>tan-</span> 
     </span>
     <span class='ocr_line' id='line_1_96' title="bbox 1415 1393 2484 1434; baseline 0.001 -11"><span class='ocrx_word' id='word_1_744' title='bbox 1415 1400 1487 1424; x_wconf 88' lang='lat' dir='ltr'>tum</span> <span class='ocrx_word' id='word_1_745' title='bbox 1510 1393 1610 1433; x_wconf 90' lang='lat' dir='ltr'>ipsius</span> <span class='ocrx_word' id='word_1_746' title='bbox 1626 1402 1752 1429; x_wconf 88' lang='lat' dir='ltr'>causae;</span> <span class='ocrx_word' id='word_1_747' title='bbox 1777 1393 1852 1434; x_wconf 94' lang='lat' dir='ltr'>quia</span> <span class='ocrx_word' id='word_1_748' title='bbox 1875 1393 1928 1424; x_wconf 92' lang='lat' dir='ltr'>illa</span> <span class='ocrx_word' id='word_1_749' title='bbox 1951 1401 2025 1425; x_wconf 89' lang='lat' dir='ltr'>sunt</span> <span class='ocrx_word' id='word_1_750' title='bbox 2041 1394 2079 1424; x_wconf 94' lang='lat' dir='ltr'>de</span> <span class='ocrx_word' id='word_1_751' title='bbox 2099 1394 2209 1424; x_wconf 90' lang='lat' dir='ltr'>ordine</span> <span class='ocrx_word' id='word_1_752' title='bbox 2232 1394 2408 1430; x_wconf 89' lang='lat' dir='ltr'>latentium,</span> <span class='ocrx_word' id='word_1_753' title='bbox 2425 1394 2484 1424; x_wconf 92' lang='lat' dir='ltr'>ista</span> 
     </span>
     <span class='ocr_line' id='line_1_97' title="bbox 1415 1437 2485 1479; baseline 0.001 -12"><span class='ocrx_word' id='word_1_754' title='bbox 1415 1447 1492 1468; x_wconf 92' lang='lat' dir='ltr'>vero</span> <span class='ocrx_word' id='word_1_755' title='bbox 1509 1437 1752 1468; x_wconf 90' lang='lat' dir='ltr'>manifestorum</span> <span class='ocrx_word' id='word_1_756' title='bbox 1775 1437 1807 1467; x_wconf 92' lang='lat' dir='ltr'>in</span> <span class='ocrx_word' id='word_1_757' title='bbox 1832 1447 1934 1468; x_wconf 88' lang='lat' dir='ltr'>causa.</span> <span class='ocrx_word' id='word_1_758' title='bbox 1960 1438 2001 1469; x_wconf 91' lang='lat' dir='ltr'>Et</span> <span class='ocrx_word' id='word_1_759' title='bbox 2022 1445 2198 1479; x_wconf 90' lang='lat' dir='ltr'>propterea,</span> <span class='ocrx_word' id='word_1_760' title='bbox 2218 1438 2347 1479; x_wconf 88' lang='lat' dir='ltr'>quando</span> <span class='ocrx_word' id='word_1_761' title='bbox 2363 1439 2388 1468; x_wconf 94' lang='grc' dir='ltr'><strong>Β</strong></span> <span class='ocrx_word' id='word_1_762' title='bbox 2404 1438 2485 1468; x_wconf 92' lang='lat' dir='ltr'>inest</span> 
     </span>
     <span class='ocr_line' id='line_1_98' title="bbox 1417 1481 2484 1523; baseline 0 -11"><span class='ocrx_word' id='word_1_763' title='bbox 1417 1481 1590 1512; x_wconf 88' lang='lat' dir='ltr'>formaliter</span> <span class='ocrx_word' id='word_1_764' title='bbox 1605 1483 1634 1512; x_wconf 91' lang='lat' dir='ltr'><strong>A</strong></span> <span class='ocrx_word' id='word_1_765' title='bbox 1651 1491 1772 1517; x_wconf 90' lang='lat' dir='ltr'>causae,</span> <span class='ocrx_word' id='word_1_766' title='bbox 1789 1488 1819 1512; x_wconf 94' lang='lat' dir='ltr'>et</span> <span class='ocrx_word' id='word_1_767' title='bbox 1835 1481 1861 1513; x_wconf 96' lang='lat' dir='ltr'>C</span> <span class='ocrx_word' id='word_1_768' title='bbox 1878 1482 1959 1512; x_wconf 91' lang='lat' dir='ltr'>inest</span> <span class='ocrx_word' id='word_1_769' title='bbox 1978 1482 2160 1518; x_wconf 86' lang='lat' dir='ltr'>virtualiter,</span> <span class='ocrx_word' id='word_1_770' title='bbox 2177 1489 2236 1513; x_wconf 89' lang='lat' dir='ltr'>stat</span> <span class='ocrx_word' id='word_1_771' title='bbox 2259 1482 2347 1523; x_wconf 93' lang='lat' dir='ltr'>quod</span> <span class='ocrx_word' id='word_1_772' title='bbox 2362 1482 2442 1512; x_wconf 93' lang='lat' dir='ltr'>visio</span> <span class='ocrx_word' id='word_1_773' title='bbox 2459 1482 2484 1512; x_wconf 94' lang='lat' dir='ltr'>B</span> 
     </span>
     <span class='ocr_line' id='line_1_99' title="bbox 1417 1525 2485 1566; baseline 0 -10"><span class='ocrx_word' id='word_1_774' title='bbox 1417 1535 1483 1556; x_wconf 90' lang='lat' dir='ltr'>non</span> <span class='ocrx_word' id='word_1_775' title='bbox 1507 1525 1620 1556; x_wconf 89' lang='lat' dir='ltr'>inferat</span> <span class='ocrx_word' id='word_1_776' title='bbox 1643 1525 1964 1566; x_wconf 89' lang='lat' dir='ltr'>comprehensionem</span> <span class='ocrx_word' id='word_1_777' title='bbox 1986 1529 2029 1563; x_wconf 90' lang='lat' dir='ltr'>A,</span> <span class='ocrx_word' id='word_1_778' title='bbox 2055 1533 2085 1557; x_wconf 91' lang='lat' dir='ltr'>et</span> <span class='ocrx_word' id='word_1_779' title='bbox 2108 1534 2214 1557; x_wconf 87' lang='lat' dir='ltr'>tamen</span> <span class='ocrx_word' id='word_1_780' title='bbox 2236 1526 2316 1557; x_wconf 91' lang='lat' dir='ltr'>visio</span> <span class='ocrx_word' id='word_1_781' title='bbox 2341 1525 2368 1557; x_wconf 94' lang='lat' dir='ltr'>C</span> <span class='ocrx_word' id='word_1_782' title='bbox 2391 1526 2485 1556; x_wconf 90' lang='lat' dir='ltr'>infert</span> 
     </span>
     <span class='ocr_line' id='line_1_100' title="bbox 1416 1570 2485 1610; baseline 0.001 -10"><span class='ocrx_word' id='word_1_783' title='bbox 1416 1570 1515 1601; x_wconf 87' lang='lat' dir='ltr'>illam.</span> <span class='ocrx_word' id='word_1_784' title='bbox 1539 1570 1590 1601; x_wconf 92' lang='lat' dir='ltr'>Sic</span> <span class='ocrx_word' id='word_1_785' title='bbox 1606 1576 1713 1600; x_wconf 91' lang='lat' dir='ltr'>autem</span> <span class='ocrx_word' id='word_1_786' title='bbox 1729 1577 1775 1601; x_wconf 91' lang='lat' dir='ltr'>est</span> <span class='ocrx_word' id='word_1_787' title='bbox 1792 1570 1825 1600; x_wconf 91' lang='lat' dir='ltr'>in</span> <span class='ocrx_word' id='word_1_788' title='bbox 1842 1570 2019 1610; x_wconf 90' lang='lat' dir='ltr'>proposito.</span> <span class='ocrx_word' id='word_1_789' title='bbox 2044 1571 2208 1608; x_wconf 88' lang='lat' dir='ltr'>Quoniam</span> <span class='ocrx_word' id='word_1_790' title='bbox 2226 1570 2364 1601; x_wconf 84' lang='lat' dir='ltr'>infinitas</span> <span class='ocrx_word' id='word_1_791' title='bbox 2387 1570 2485 1601; x_wconf 88' lang='lat' dir='ltr'>inten-</span> 
     </span>
     <span class='ocr_line' id='line_1_101' title="bbox 1417 1614 2485 1653; baseline 0 -8"><span class='ocrx_word' id='word_1_792' title='bbox 1417 1615 1483 1645; x_wconf 90' lang='lat' dir='ltr'>siva</span> <span class='ocrx_word' id='word_1_793' title='bbox 1507 1621 1553 1645; x_wconf 88' lang='lat' dir='ltr'>est</span> <span class='ocrx_word' id='word_1_794' title='bbox 1575 1614 1609 1644; x_wconf 93' lang='lat' dir='ltr'>in</span> <span class='ocrx_word' id='word_1_795' title='bbox 1631 1614 1702 1653; x_wconf 80' lang='lat' dir='ltr'>Deo</span> <span class='ocrx_word' id='word_1_796' title='bbox 1726 1614 1915 1651; x_wconf 90' lang='lat' dir='ltr'>formaliter;</span> <span class='ocrx_word' id='word_1_797' title='bbox 1941 1615 2050 1645; x_wconf 91' lang='lat' dir='ltr'>omnia</span> <span class='ocrx_word' id='word_1_798' title='bbox 2073 1622 2181 1646; x_wconf 91' lang='lat' dir='ltr'>autem</span> <span class='ocrx_word' id='word_1_799' title='bbox 2204 1615 2329 1646; x_wconf 90' lang='lat' dir='ltr'>suntin</span> <span class='ocrx_word' id='word_1_800' title='bbox 2345 1624 2394 1651; x_wconf 88' lang='lat' dir='ltr'>e0,</span> <span class='ocrx_word' id='word_1_801' title='bbox 2419 1625 2485 1645; x_wconf 91' lang='lat' dir='ltr'>non</span> 
     </span>
     <span class='ocr_line' id='line_1_102' title="bbox 1418 1658 2485 1700; baseline 0 -11"><span class='ocrx_word' id='word_1_802' title='bbox 1418 1658 1600 1695; x_wconf 87' lang='lat' dir='ltr'>formaliter,</span> <span class='ocrx_word' id='word_1_803' title='bbox 1625 1658 1680 1689; x_wconf 91' lang='lat' dir='ltr'>sed</span> <span class='ocrx_word' id='word_1_804' title='bbox 1702 1658 1888 1690; x_wconf 85' lang='lat' dir='ltr'>virtualiter:</span> <span class='ocrx_word' id='word_1_805' title='bbox 1913 1666 1943 1690; x_wconf 94' lang='lat' dir='ltr'>et</span> <span class='ocrx_word' id='word_1_806' title='bbox 1967 1666 2197 1700; x_wconf 91' lang='lat' dir='ltr'>consequenter</span> <span class='ocrx_word' id='word_1_807' title='bbox 2219 1659 2272 1689; x_wconf 91' lang='lat' dir='ltr'>illa</span> <span class='ocrx_word' id='word_1_808' title='bbox 2294 1665 2392 1699; x_wconf 90' lang='lat' dir='ltr'>patet,</span> <span class='ocrx_word' id='word_1_809' title='bbox 2417 1659 2485 1689; x_wconf 92' lang='lat' dir='ltr'>viso</span> 
     </span>
     <span class='ocr_line' id='line_1_103' title="bbox 1417 1702 2487 1744; baseline -0.002 -10"><span class='ocrx_word' id='word_1_810' title='bbox 1417 1703 1554 1739; x_wconf 87' lang='lat' dir='ltr'>Deo,-et</span> <span class='ocrx_word' id='word_1_811' title='bbox 1577 1713 1594 1733; x_wconf 95' lang='lat' dir='ltr'>e</span> <span class='ocrx_word' id='word_1_812' title='bbox 1618 1708 1741 1739; x_wconf 86' lang='lat' dir='ltr'>contra;</span> <span class='ocrx_word' id='word_1_813' title='bbox 1766 1702 1824 1733; x_wconf 91' lang='lat' dir='ltr'>ista</span> <span class='ocrx_word' id='word_1_814' title='bbox 1848 1709 1974 1739; x_wconf 90' lang='lat' dir='ltr'>autern,</span> <span class='ocrx_word' id='word_1_815' title='bbox 1997 1703 2073 1744; x_wconf 91' lang='lat' dir='ltr'>quia</span> <span class='ocrx_word' id='word_1_816' title='bbox 2096 1703 2228 1734; x_wconf 90' lang='lat' dir='ltr'>latenter</span> <span class='ocrx_word' id='word_1_817' title='bbox 2250 1703 2375 1739; x_wconf 91' lang='lat' dir='ltr'>insunt,</span> <span class='ocrx_word' id='word_1_818' title='bbox 2399 1702 2487 1733; x_wconf 88' lang='lat' dir='ltr'>iuxta</span> 
     </span>
     <span class='ocr_line' id='line_1_104' title="bbox 1418 1746 2486 1788; baseline 0 -11"><span class='ocrx_word' id='word_1_819' title='bbox 1418 1747 1555 1778; x_wconf 90' lang='lat' dir='ltr'>modum</span> <span class='ocrx_word' id='word_1_820' title='bbox 1577 1746 1708 1777; x_wconf 91' lang='lat' dir='ltr'>visionis</span> <span class='ocrx_word' id='word_1_821' title='bbox 1732 1747 1791 1777; x_wconf 90' lang='lat' dir='ltr'>Dei</span> <span class='ocrx_word' id='word_1_822' title='bbox 1815 1747 1970 1778; x_wconf 92' lang='lat' dir='ltr'>videntur.</span> <span class='ocrx_word' id='word_1_823' title='bbox 1996 1748 2036 1778; x_wconf 90' lang='lat' dir='ltr'>Et</span> <span class='ocrx_word' id='word_1_824' title='bbox 2058 1754 2225 1788; x_wconf 88' lang='lat' dir='ltr'>propterea</span> <span class='ocrx_word' id='word_1_825' title='bbox 2248 1747 2328 1777; x_wconf 88' lang='lat' dir='ltr'>visio</span> <span class='ocrx_word' id='word_1_826' title='bbox 2352 1747 2486 1778; x_wconf 90' lang='lat' dir='ltr'>istorum</span> 
     </span>
     <span class='ocr_line' id='line_1_105' title="bbox 1419 1791 2484 1832; baseline 0 -11"><span class='ocrx_word' id='word_1_827' title='bbox 1419 1791 1567 1822; x_wconf 89' lang='lat' dir='ltr'>omnium</span> <span class='ocrx_word' id='word_1_828' title='bbox 1591 1791 1624 1821; x_wconf 93' lang='lat' dir='ltr'>in</span> <span class='ocrx_word' id='word_1_829' title='bbox 1649 1801 1751 1827; x_wconf 88' lang='lat' dir='ltr'>causa,</span> <span class='ocrx_word' id='word_1_830' title='bbox 1768 1797 1880 1832; x_wconf 89' lang='lat' dir='ltr'>utpote</span> <span class='ocrx_word' id='word_1_831' title='bbox 1904 1791 1942 1822; x_wconf 91' lang='lat' dir='ltr'>de</span> <span class='ocrx_word' id='word_1_832' title='bbox 1966 1792 2076 1822; x_wconf 87' lang='lat' dir='ltr'>ordine</span> <span class='ocrx_word' id='word_1_833' title='bbox 2100 1792 2311 1828; x_wconf 85' lang='lat' dir='ltr'>occultorum,</span> <span class='ocrx_word' id='word_1_834' title='bbox 2332 1801 2484 1831; x_wconf 86' lang='lat' dir='ltr'>praesup-</span> 
     </span>
     <span class='ocr_line' id='line_1_106' title="bbox 1418 1834 2486 1876; baseline -0.001 -10"><span class='ocrx_word' id='word_1_835' title='bbox 1418 1835 1511 1876; x_wconf 91' lang='lat' dir='ltr'>ponit</span> <span class='ocrx_word' id='word_1_836' title='bbox 1530 1835 1851 1875; x_wconf 88' lang='lat' dir='ltr'>comprehensionem</span> <span class='ocrx_word' id='word_1_837' title='bbox 1874 1835 1955 1866; x_wconf 91' lang='lat' dir='ltr'>eius:</span> <span class='ocrx_word' id='word_1_838' title='bbox 1981 1846 2046 1866; x_wconf 90' lang='lat' dir='ltr'>non</span> <span class='ocrx_word' id='word_1_839' title='bbox 2063 1843 2171 1866; x_wconf 92' lang='lat' dir='ltr'>autem</span> <span class='ocrx_word' id='word_1_840' title='bbox 2184 1835 2264 1866; x_wconf 91' lang='lat' dir='ltr'>visio</span> <span class='ocrx_word' id='word_1_841' title='bbox 2283 1834 2454 1866; x_wconf 88' lang='lat' dir='ltr'>infinitatis.</span> <span class='ocrx_word' id='word_1_842' title='bbox 2467 1853 2486 1858; x_wconf 89' lang='lat'>—</span> 
     </span>
     <span class='ocr_line' id='line_1_107' title="bbox 1418 1879 2487 1919; baseline -0.002 -8"><span class='ocrx_word' id='word_1_843' title='bbox 1418 1879 1546 1911; x_wconf 85' lang='lat' dir='ltr'>Variato</span> <span class='ocrx_word' id='word_1_844' title='bbox 1570 1879 1664 1919; x_wconf 91' lang='lat' dir='ltr'>igitur</span> <span class='ocrx_word' id='word_1_845' title='bbox 1687 1879 1786 1909; x_wconf 90' lang='lat' dir='ltr'>modo</span> <span class='ocrx_word' id='word_1_846' title='bbox 1818 1879 1941 1910; x_wconf 90' lang='lat' dir='ltr'>essendi</span> <span class='ocrx_word' id='word_1_847' title='bbox 1965 1881 2013 1917; x_wconf 88' lang='lat' dir='ltr'>in,</span> <span class='ocrx_word' id='word_1_848' title='bbox 2042 1879 2120 1911; x_wconf 90' lang='lat' dir='ltr'>falsa</span> <span class='ocrx_word' id='word_1_849' title='bbox 2143 1887 2190 1911; x_wconf 91' lang='lat' dir='ltr'>est</span> <span class='ocrx_word' id='word_1_850' title='bbox 2211 1880 2265 1910; x_wconf 90' lang='lat' dir='ltr'>illa</span> <span class='ocrx_word' id='word_1_851' title='bbox 2288 1879 2399 1910; x_wconf 90' lang='lat' dir='ltr'>maior.</span> <span class='ocrx_word' id='word_1_852' title='bbox 2426 1879 2487 1910; x_wconf 87' lang='lat' dir='ltr'>Hic</span> 
     </span>
     <span class='ocr_line' id='line_1_108' title="bbox 1418 1923 1936 1964; baseline 0 -10"><span class='ocrx_word' id='word_1_853' title='bbox 1418 1930 1527 1955; x_wconf 90' lang='lat' dir='ltr'>autem</span> <span class='ocrx_word' id='word_1_854' title='bbox 1550 1930 1672 1956; x_wconf 88' lang='lat' dir='ltr'>constat</span> <span class='ocrx_word' id='word_1_855' title='bbox 1694 1923 1816 1954; x_wconf 90' lang='lat' dir='ltr'>variari.</span> <span class='ocrx_word' id='word_1_856' title='bbox 1840 1923 1936 1964; x_wconf 89' lang='lat' dir='ltr'>Ergo.</span> 
     </span>
    </p>

    <p class='ocr_par' dir='ltr' id='par_1_17' title="bbox 1420 1967 2491 3067">
     <span class='ocr_line' id='line_1_109' title="bbox 1474 1967 2486 2009; baseline -0.001 -11"><span class='ocrx_word' id='word_1_857' title='bbox 1474 1967 1526 1998; x_wconf 90' lang='lat' dir='ltr'>Ad</span> <span class='ocrx_word' id='word_1_858' title='bbox 1549 1967 1726 1998; x_wconf 91' lang='lat' dir='ltr'>secundum</span> <span class='ocrx_word' id='word_1_859' title='bbox 1748 1977 1823 1998; x_wconf 93' lang='lat' dir='ltr'>vero</span> <span class='ocrx_word' id='word_1_860' title='bbox 1847 1967 1990 1998; x_wconf 89' lang='lat' dir='ltr'>eiusdem</span> <span class='ocrx_word' id='word_1_861' title='bbox 2015 1967 2142 2004; x_wconf 90' lang='lat' dir='ltr'>dicitur,</span> <span class='ocrx_word' id='word_1_862' title='bbox 2166 1968 2255 2009; x_wconf 91' lang='lat' dir='ltr'>quod</span> <span class='ocrx_word' id='word_1_863' title='bbox 2279 1967 2486 2008; x_wconf 91' lang='lat' dir='ltr'>comprehen-</span> 
     </span>
     <span class='ocr_line' id='line_1_110' title="bbox 1420 2011 2486 2052; baseline -0.001 -10"><span class='ocrx_word' id='word_1_864' title='bbox 1420 2012 1492 2042; x_wconf 89' lang='lat' dir='ltr'>dere</span> <span class='ocrx_word' id='word_1_865' title='bbox 1508 2012 1648 2052; x_wconf 91' lang='lat' dir='ltr'>aliquem</span> <span class='ocrx_word' id='word_1_866' title='bbox 1664 2011 1811 2042; x_wconf 88' lang='lat' dir='ltr'>effectum</span> <span class='ocrx_word' id='word_1_867' title='bbox 1825 2018 1930 2052; x_wconf 89' lang='lat' dir='ltr'>potest</span> <span class='ocrx_word' id='word_1_868' title='bbox 1944 2011 2075 2052; x_wconf 87' lang='lat' dir='ltr'>intelligi</span> <span class='ocrx_word' id='word_1_869' title='bbox 2091 2012 2267 2052; x_wconf 87' lang='lat' dir='ltr'>dupliciter.</span> <span class='ocrx_word' id='word_1_870' title='bbox 2284 2012 2358 2043; x_wconf 92' lang='lat' dir='ltr'>Uno</span> <span class='ocrx_word' id='word_1_871' title='bbox 2375 2011 2486 2047; x_wconf 91' lang='lat' dir='ltr'>modo,</span> 
     </span>
     <span class='ocr_line' id='line_1_111' title="bbox 1420 2055 2487 2097; baseline -0.002 -10"><span class='ocrx_word' id='word_1_872' title='bbox 1420 2057 1510 2097; x_wconf 93' lang='lat' dir='ltr'>quod</span> <span class='ocrx_word' id='word_1_873' title='bbox 1533 2062 1743 2096; x_wconf 86' lang='lat' dir='ltr'>cognoscatur</span> <span class='ocrx_word' id='word_1_874' title='bbox 1761 2055 1868 2096; x_wconf 89' lang='lat' dir='ltr'>ipsum</span> <span class='ocrx_word' id='word_1_875' title='bbox 1883 2056 2060 2086; x_wconf 91' lang='lat' dir='ltr'>secundum</span> <span class='ocrx_word' id='word_1_876' title='bbox 2076 2056 2194 2092; x_wconf 89' lang='lat' dir='ltr'>omnia,</span> <span class='ocrx_word' id='word_1_877' title='bbox 2214 2055 2309 2087; x_wconf 90' lang='lat' dir='ltr'>etiam</span> <span class='ocrx_word' id='word_1_878' title='bbox 2324 2055 2487 2096; x_wconf 91' lang='lat' dir='ltr'>possibilia</span> 
     </span>
     <span class='ocr_line' id='line_1_112' title="bbox 1420 2100 2486 2141; baseline -0.001 -11"><span class='ocrx_word' id='word_1_879' title='bbox 1420 2111 1476 2141; x_wconf 93' lang='lat' dir='ltr'>per</span> <span class='ocrx_word' id='word_1_880' title='bbox 1499 2100 1676 2141; x_wconf 89' lang='lat' dir='ltr'>potentiam</span> <span class='ocrx_word' id='word_1_881' title='bbox 1698 2100 1732 2130; x_wconf 93' lang='lat' dir='ltr'>in</span> <span class='ocrx_word' id='word_1_882' title='bbox 1756 2110 1794 2130; x_wconf 94' lang='lat' dir='ltr'>eo</span> <span class='ocrx_word' id='word_1_883' title='bbox 1818 2100 2011 2131; x_wconf 87' lang='lat' dir='ltr'>existentem.</span> <span class='ocrx_word' id='word_1_884' title='bbox 2029 2100 2103 2130; x_wconf 86' lang='lat' dir='ltr'>Alio</span> <span class='ocrx_word' id='word_1_885' title='bbox 2126 2101 2237 2136; x_wconf 88' lang='lat' dir='ltr'>modo,</span> <span class='ocrx_word' id='word_1_886' title='bbox 2262 2100 2351 2141; x_wconf 93' lang='lat' dir='ltr'>quod</span> <span class='ocrx_word' id='word_1_887' title='bbox 2367 2109 2486 2139; x_wconf 89' lang='lat' dir='ltr'>cogno-</span> 
     </span>
     <span class='ocr_line' id='line_1_113' title="bbox 1421 2144 2489 2184; baseline -0.002 -9"><span class='ocrx_word' id='word_1_888' title='bbox 1421 2151 1525 2175; x_wconf 88' lang='lat' dir='ltr'>scatur</span> <span class='ocrx_word' id='word_1_889' title='bbox 1547 2144 1654 2184; x_wconf 90' lang='lat' dir='ltr'>ipsum</span> <span class='ocrx_word' id='word_1_890' title='bbox 1678 2144 1856 2174; x_wconf 91' lang='lat' dir='ltr'>secundum</span> <span class='ocrx_word' id='word_1_891' title='bbox 1872 2144 1991 2180; x_wconf 85' lang='lat' dir='ltr'>omnia,</span> <span class='ocrx_word' id='word_1_892' title='bbox 2008 2144 2103 2175; x_wconf 89' lang='lat' dir='ltr'>etiam</span> <span class='ocrx_word' id='word_1_893' title='bbox 2122 2144 2286 2184; x_wconf 90' lang='lat' dir='ltr'>possibilia</span> <span class='ocrx_word' id='word_1_894' title='bbox 2308 2144 2489 2184; x_wconf 91' lang='lat' dir='ltr'>quomodo-</span> 
     </span>
     <span class='ocr_line' id='line_1_114' title="bbox 1420 2188 2487 2229; baseline -0.001 -11"><span class='ocrx_word' id='word_1_895' title='bbox 1420 2189 1506 2225; x_wconf 86' lang='lat' dir='ltr'>libet,</span> <span class='ocrx_word' id='word_1_896' title='bbox 1524 2188 1588 2219; x_wconf 87' lang='lat' dir='ltr'>sive</span> <span class='ocrx_word' id='word_1_897' title='bbox 1611 2198 1667 2227; x_wconf 89' lang='lat' dir='ltr'>per</span> <span class='ocrx_word' id='word_1_898' title='bbox 1690 2188 1866 2228; x_wconf 91' lang='lat' dir='ltr'>potentiam</span> <span class='ocrx_word' id='word_1_899' title='bbox 1881 2188 1914 2218; x_wconf 92' lang='lat' dir='ltr'>in</span> <span class='ocrx_word' id='word_1_900' title='bbox 1930 2198 1973 2224; x_wconf 90' lang='lat' dir='ltr'>se,</span> <span class='ocrx_word' id='word_1_901' title='bbox 1991 2188 2054 2218; x_wconf 92' lang='lat' dir='ltr'>sive</span> <span class='ocrx_word' id='word_1_902' title='bbox 2070 2188 2103 2218; x_wconf 93' lang='lat' dir='ltr'>in</span> <span class='ocrx_word' id='word_1_903' title='bbox 2119 2188 2192 2219; x_wconf 87' lang='lat' dir='ltr'>alio.</span> <span class='ocrx_word' id='word_1_904' title='bbox 2217 2188 2249 2219; x_wconf 92' lang='lat' dir='ltr'>Si</span> <span class='ocrx_word' id='word_1_905' title='bbox 2264 2188 2368 2229; x_wconf 90' lang='lat' dir='ltr'>primo</span> <span class='ocrx_word' id='word_1_906' title='bbox 2387 2188 2487 2218; x_wconf 90' lang='lat' dir='ltr'>modo</span> 
     </span>
     <span class='ocr_line' id='line_1_115' title="bbox 1422 2231 2488 2273; baseline -0.001 -10"><span class='ocrx_word' id='word_1_907' title='bbox 1422 2233 1559 2263; x_wconf 89' lang='lat' dir='ltr'>sumitur</span> <span class='ocrx_word' id='word_1_908' title='bbox 1591 2232 1880 2272; x_wconf 88' lang='lat' dir='ltr'>comprehendere,</span> <span class='ocrx_word' id='word_1_909' title='bbox 1912 2242 1994 2272; x_wconf 89' lang='lat' dir='ltr'>nego</span> <span class='ocrx_word' id='word_1_910' title='bbox 2025 2232 2115 2273; x_wconf 93' lang='lat' dir='ltr'>quod</span> <span class='ocrx_word' id='word_1_911' title='bbox 2145 2232 2255 2262; x_wconf 92' lang='lat' dir='ltr'>videns</span> <span class='ocrx_word' id='word_1_912' title='bbox 2287 2232 2426 2272; x_wconf 86' lang='lat' dir='ltr'>lapidem</span> <span class='ocrx_word' id='word_1_913' title='bbox 2455 2231 2488 2261; x_wconf 88' lang='lat' dir='ltr'>in</span> 
     </span>
     <span class='ocr_line' id='line_1_116' title="bbox 1422 2275 2489 2317; baseline -0.003 -9"><span class='ocrx_word' id='word_1_914' title='bbox 1422 2277 1538 2313; x_wconf 91' lang='lat' dir='ltr'>Verbo,</span> <span class='ocrx_word' id='word_1_915' title='bbox 1559 2286 1626 2306; x_wconf 92' lang='lat' dir='ltr'>non</span> <span class='ocrx_word' id='word_1_916' title='bbox 1649 2276 1897 2316; x_wconf 91' lang='lat' dir='ltr'>comprehendat</span> <span class='ocrx_word' id='word_1_917' title='bbox 1919 2276 2036 2316; x_wconf 91' lang='lat' dir='ltr'>ipsum.</span> <span class='ocrx_word' id='word_1_918' title='bbox 2061 2276 2141 2307; x_wconf 91' lang='lat' dir='ltr'>Dico</span> <span class='ocrx_word' id='word_1_919' title='bbox 2165 2276 2251 2307; x_wconf 91' lang='lat' dir='ltr'>enim</span> <span class='ocrx_word' id='word_1_920' title='bbox 2275 2277 2367 2317; x_wconf 89' lang='lat' dir='ltr'>quod&#39;</span> <span class='ocrx_word' id='word_1_921' title='bbox 2384 2275 2489 2305; x_wconf 91' lang='lat' dir='ltr'>anima</span> 
     </span>
     <span class='ocr_line' id='line_1_117' title="bbox 1423 2320 2489 2361; baseline -0.002 -9"><span class='ocrx_word' id='word_1_922' title='bbox 1423 2321 1542 2353; x_wconf 91' lang='lat' dir='ltr'>Christi</span> <span class='ocrx_word' id='word_1_923' title='bbox 1564 2320 1650 2351; x_wconf 89' lang='lat' dir='ltr'>videt</span> <span class='ocrx_word' id='word_1_924' title='bbox 1671 2320 1705 2350; x_wconf 94' lang='lat' dir='ltr'>in</span> <span class='ocrx_word' id='word_1_925' title='bbox 1720 2321 1826 2351; x_wconf 91' lang='lat' dir='ltr'>Verbo</span> <span class='ocrx_word' id='word_1_926' title='bbox 1850 2330 1982 2350; x_wconf 92' lang='lat' dir='ltr'>omnem</span> <span class='ocrx_word' id='word_1_927' title='bbox 2006 2327 2189 2357; x_wconf 90' lang='lat' dir='ltr'>creaturam,</span> <span class='ocrx_word' id='word_1_928' title='bbox 2211 2327 2241 2351; x_wconf 87' lang='lat' dir='ltr'>et</span> <span class='ocrx_word' id='word_1_929' title='bbox 2264 2320 2420 2361; x_wconf 87' lang='lat' dir='ltr'>quidquid</span> <span class='ocrx_word' id='word_1_930' title='bbox 2444 2326 2489 2349; x_wconf 90' lang='lat' dir='ltr'>est</span> 
     </span>
     <span class='ocr_line' id='line_1_118' title="bbox 1422 2364 2490 2406; baseline -0.002 -10"><span class='ocrx_word' id='word_1_931' title='bbox 1422 2366 1455 2396; x_wconf 91' lang='lat' dir='ltr'>in</span> <span class='ocrx_word' id='word_1_932' title='bbox 1474 2365 1616 2406; x_wconf 88' lang='lat' dir='ltr'>potentia</span> <span class='ocrx_word' id='word_1_933' title='bbox 1631 2364 1712 2395; x_wconf 92' lang='lat' dir='ltr'>eius:</span> <span class='ocrx_word' id='word_1_934' title='bbox 1738 2371 1768 2395; x_wconf 92' lang='lat' dir='ltr'>et</span> <span class='ocrx_word' id='word_1_935' title='bbox 1784 2371 2014 2405; x_wconf 91' lang='lat' dir='ltr'>consequenter</span> <span class='ocrx_word' id='word_1_936' title='bbox 2036 2364 2276 2405; x_wconf 88' lang='lat' dir='ltr'>comprehendit</span> <span class='ocrx_word' id='word_1_937' title='bbox 2293 2374 2389 2394; x_wconf 90' lang='lat' dir='ltr'>omne</span> <span class='ocrx_word' id='word_1_938' title='bbox 2408 2373 2490 2394; x_wconf 92' lang='lat' dir='ltr'>crea-</span> 
     </span>
     <span class='ocr_line' id='line_1_119' title="bbox 1423 2408 2489 2450; baseline -0.002 -10"><span class='ocrx_word' id='word_1_939' title='bbox 1423 2416 1510 2446; x_wconf 90' lang='lat' dir='ltr'>tum,</span> <span class='ocrx_word' id='word_1_940' title='bbox 1535 2409 1640 2450; x_wconf 90' lang='lat' dir='ltr'>primo</span> <span class='ocrx_word' id='word_1_941' title='bbox 1665 2409 1776 2439; x_wconf 91' lang='lat' dir='ltr'>modo.</span> <span class='ocrx_word' id='word_1_942' title='bbox 1808 2409 1849 2439; x_wconf 85' lang='lat' dir='ltr'>Et</span> <span class='ocrx_word' id='word_1_943' title='bbox 1871 2409 1982 2439; x_wconf 86' lang='lat' dir='ltr'>eadem</span> <span class='ocrx_word' id='word_1_944' title='bbox 2004 2408 2125 2439; x_wconf 89' lang='lat' dir='ltr'>ratione</span> <span class='ocrx_word' id='word_1_945' title='bbox 2150 2408 2389 2448; x_wconf 90' lang='lat' dir='ltr'>comprehendit</span> <span class='ocrx_word' id='word_1_946' title='bbox 2411 2408 2489 2438; x_wconf 92' lang='lat' dir='ltr'>Ver-</span> 
     </span>
     <span class='ocr_line' id='line_1_120' title="bbox 1423 2452 2489 2492; baseline -0.002 -8"><span class='ocrx_word' id='word_1_947' title='bbox 1423 2455 1502 2484; x_wconf 91' lang='lat' dir='ltr'>bum</span> <span class='ocrx_word' id='word_1_948' title='bbox 1526 2461 1562 2484; x_wconf 90' lang='lat' dir='ltr'>ut</span> <span class='ocrx_word' id='word_1_949' title='bbox 1585 2460 1631 2484; x_wconf 89' lang='lat' dir='ltr'>est</span> <span class='ocrx_word' id='word_1_950' title='bbox 1653 2453 1737 2483; x_wconf 88' lang='lat' dir='ltr'>illius</span> <span class='ocrx_word' id='word_1_951' title='bbox 1761 2459 1797 2483; x_wconf 92' lang='lat' dir='ltr'>ut</span> <span class='ocrx_word' id='word_1_952' title='bbox 1827 2452 1870 2482; x_wconf 90' lang='lat' dir='ltr'>sic</span> <span class='ocrx_word' id='word_1_953' title='bbox 1894 2462 1996 2483; x_wconf 88' lang='lat' dir='ltr'>causa.</span> <span class='ocrx_word' id='word_1_954' title='bbox 2028 2452 2129 2483; x_wconf 87' lang='lat' dir='ltr'>Cuius</span> <span class='ocrx_word' id='word_1_955' title='bbox 2157 2452 2284 2492; x_wconf 89' lang='lat' dir='ltr'>signum</span> <span class='ocrx_word' id='word_1_956' title='bbox 2312 2459 2375 2488; x_wconf 86' lang='lat' dir='ltr'>est,</span> <span class='ocrx_word' id='word_1_957' title='bbox 2400 2452 2489 2492; x_wconf 93' lang='lat' dir='ltr'>quod</span> 
     </span>
     <span class='ocr_line' id='line_1_121' title="bbox 1423 2495 2489 2538; baseline -0.002 -10"><span class='ocrx_word' id='word_1_958' title='bbox 1423 2498 1463 2528; x_wconf 92' lang='lat' dir='ltr'>ad</span> <span class='ocrx_word' id='word_1_959' title='bbox 1487 2497 1822 2538; x_wconf 91' lang='lat' dir='ltr'>comprehendendum</span> <span class='ocrx_word' id='word_1_960' title='bbox 1854 2497 1915 2527; x_wconf 94' lang='lat' dir='ltr'>hoc</span> <span class='ocrx_word' id='word_1_961' title='bbox 1943 2506 2009 2526; x_wconf 92' lang='lat' dir='ltr'>non</span> <span class='ocrx_word' id='word_1_962' title='bbox 2041 2496 2172 2536; x_wconf 84' lang='lat' dir='ltr'>exigitur</span> <span class='ocrx_word' id='word_1_963' title='bbox 2201 2496 2290 2537; x_wconf 94' lang='lat' dir='ltr'>quod</span> <span class='ocrx_word' id='word_1_964' title='bbox 2322 2495 2489 2536; x_wconf 89' lang='lat' dir='ltr'>perfectius</span> 
     </span>
     <span class='ocr_line' id='line_1_122' title="bbox 1422 2539 2489 2580; baseline -0.004 -7"><span class='ocrx_word' id='word_1_965' title='bbox 1422 2542 1527 2573; x_wconf 91' lang='lat' dir='ltr'>videat</span> <span class='ocrx_word' id='word_1_966' title='bbox 1549 2542 1702 2572; x_wconf 89' lang='lat' dir='ltr'>Verbum.</span> <span class='ocrx_word' id='word_1_967' title='bbox 1735 2541 1801 2571; x_wconf 90' lang='lat' dir='ltr'>Nec</span> <span class='ocrx_word' id='word_1_968' title='bbox 1823 2540 1886 2571; x_wconf 91' lang='lat' dir='ltr'>hoc</span> <span class='ocrx_word' id='word_1_969' title='bbox 1914 2547 1961 2571; x_wconf 88' lang='lat' dir='ltr'>est</span> <span class='ocrx_word' id='word_1_970' title='bbox 1988 2540 2254 2580; x_wconf 89' lang='lat' dir='ltr'>comprehendere</span> <span class='ocrx_word' id='word_1_971' title='bbox 2282 2540 2404 2576; x_wconf 90' lang='lat' dir='ltr'>Deum,</span> <span class='ocrx_word' id='word_1_972' title='bbox 2429 2539 2489 2570; x_wconf 90' lang='lat' dir='ltr'>nisi</span> 
     </span>
     <span class='ocr_line' id='line_1_123' title="bbox 1423 2584 2491 2625; baseline -0.003 -8"><span class='ocrx_word' id='word_1_973' title='bbox 1423 2586 1600 2617; x_wconf 91' lang='lat' dir='ltr'>secundum</span> <span class='ocrx_word' id='word_1_974' title='bbox 1616 2585 1708 2625; x_wconf 90' lang='lat' dir='ltr'>quid:</span> <span class='ocrx_word' id='word_1_975' title='bbox 1733 2585 1822 2625; x_wconf 92' lang='lat' dir='ltr'>quod</span> <span class='ocrx_word' id='word_1_976' title='bbox 1840 2594 1907 2614; x_wconf 91' lang='lat' dir='ltr'>non</span> <span class='ocrx_word' id='word_1_977' title='bbox 1930 2584 2122 2615; x_wconf 90' lang='lat' dir='ltr'>inconvenit.</span> <span class='ocrx_word' id='word_1_978' title='bbox 2139 2602 2159 2606; x_wconf 98' lang='lat'>—</span> <span class='ocrx_word' id='word_1_979' title='bbox 2175 2584 2207 2615; x_wconf 92' lang='lat' dir='ltr'>Si</span> <span class='ocrx_word' id='word_1_980' title='bbox 2223 2591 2330 2615; x_wconf 90' lang='lat' dir='ltr'>autem</span> <span class='ocrx_word' id='word_1_981' title='bbox 2346 2590 2491 2614; x_wconf 89' lang='lat' dir='ltr'>sumatur</span> 
     </span>
     <span class='ocr_line' id='line_1_124' title="bbox 1424 2628 2488 2671; baseline -0.003 -10"><span class='ocrx_word' id='word_1_982' title='bbox 1424 2630 1691 2671; x_wconf 86' lang='lat' dir='ltr'>comprehendere</span> <span class='ocrx_word' id='word_1_983' title='bbox 1715 2629 1855 2659; x_wconf 90' lang='lat' dir='ltr'>secundo</span> <span class='ocrx_word' id='word_1_984' title='bbox 1879 2629 1997 2665; x_wconf 91' lang='lat' dir='ltr'>modo,</span> <span class='ocrx_word' id='word_1_985' title='bbox 2022 2629 2066 2659; x_wconf 91' lang='lat' dir='ltr'>sic</span> <span class='ocrx_word' id='word_1_986' title='bbox 2089 2635 2221 2668; x_wconf 89' lang='lat' dir='ltr'>negatur</span> <span class='ocrx_word' id='word_1_987' title='bbox 2243 2628 2355 2659; x_wconf 90' lang='lat' dir='ltr'>ultima</span> <span class='ocrx_word' id='word_1_988' title='bbox 2380 2637 2488 2658; x_wconf 92' lang='lat' dir='ltr'>conse-</span> 
     </span>
     <span class='ocr_line' id='line_1_125' title="bbox 1423 2671 2490 2715; baseline -0.003 -10"><span class='ocrx_word' id='word_1_989' title='bbox 1423 2674 1561 2715; x_wconf 88' lang='lat' dir='ltr'>quentia.</span> <span class='ocrx_word' id='word_1_990' title='bbox 1594 2673 1757 2711; x_wconf 86' lang='lat' dir='ltr'>Quoniam</span> <span class='ocrx_word' id='word_1_991' title='bbox 1786 2672 1900 2713; x_wconf 86' lang='lat' dir='ltr'>aliquis</span> <span class='ocrx_word' id='word_1_992' title='bbox 1930 2679 1960 2703; x_wconf 92' lang='lat' dir='ltr'>et</span> <span class='ocrx_word' id='word_1_993' title='bbox 1987 2672 2086 2713; x_wconf 89' lang='lat' dir='ltr'>aliqui</span> <span class='ocrx_word' id='word_1_994' title='bbox 2106 2671 2239 2715; x_wconf 62' lang='lat' dir='ltr'>{effectus</span> <span class='ocrx_word' id='word_1_995' title='bbox 2270 2679 2490 2713; x_wconf 90' lang='lat' dir='ltr'>quotcumque</span> 
     </span>
     <span class='ocr_line' id='line_1_126' title="bbox 1423 2716 2489 2758; baseline -0.003 -9"><span class='ocrx_word' id='word_1_996' title='bbox 1423 2729 1489 2749; x_wconf 90' lang='lat' dir='ltr'>non</span> <span class='ocrx_word' id='word_1_997' title='bbox 1513 2724 1587 2749; x_wconf 92' lang='lat' dir='ltr'>sunt</span> <span class='ocrx_word' id='word_1_998' title='bbox 1610 2717 1822 2758; x_wconf 84' lang='lat' dir='ltr'>adaequatum</span> <span class='ocrx_word' id='word_1_999' title='bbox 1846 2716 2007 2747; x_wconf 89' lang='lat' dir='ltr'>obiectum</span> <span class='ocrx_word' id='word_1_1000' title='bbox 2040 2716 2164 2747; x_wconf 90' lang='lat' dir='ltr'>divinae</span> <span class='ocrx_word' id='word_1_1001' title='bbox 2189 2716 2367 2757; x_wconf 89' lang='lat' dir='ltr'>potentiae:</span> <span class='ocrx_word' id='word_1_1002' title='bbox 2392 2726 2489 2746; x_wconf 91' lang='lat' dir='ltr'>omne</span> 
     </span>
     <span class='ocr_line' id='line_1_127' title="bbox 1423 2759 2489 2802; baseline -0.003 -9"><span class='ocrx_word' id='word_1_1003' title='bbox 1423 2770 1530 2794; x_wconf 91' lang='lat' dir='ltr'>autem</span> <span class='ocrx_word' id='word_1_1004' title='bbox 1554 2761 1703 2802; x_wconf 91' lang='lat' dir='ltr'>possibile</span> <span class='ocrx_word' id='word_1_1005' title='bbox 1727 2767 1773 2791; x_wconf 92' lang='lat' dir='ltr'>est</span> <span class='ocrx_word' id='word_1_1006' title='bbox 1796 2760 1863 2791; x_wconf 90' lang='lat' dir='ltr'>eius</span> <span class='ocrx_word' id='word_1_1007' title='bbox 1887 2760 2049 2791; x_wconf 90' lang='lat' dir='ltr'>obiectum</span> <span class='ocrx_word' id='word_1_1008' title='bbox 2072 2761 2295 2801; x_wconf 88' lang='lat' dir='ltr'>adaequatum,</span> <span class='ocrx_word' id='word_1_1009' title='bbox 2313 2767 2343 2791; x_wconf 91' lang='lat' dir='ltr'>et</span> <span class='ocrx_word' id='word_1_1010' title='bbox 2362 2759 2489 2790; x_wconf 88' lang='lat' dir='ltr'>effectus</span> 
     </span>
     <span class='ocr_line' id='line_1_128' title="bbox 1423 2804 2488 2847; baseline -0.004 -10"><span class='ocrx_word' id='word_1_1011' title='bbox 1423 2808 1626 2847; x_wconf 86' lang='lat' dir='ltr'>adaequatus.</span> <span class='ocrx_word' id='word_1_1012' title='bbox 1658 2805 1699 2836; x_wconf 85' lang='lat' dir='ltr'>Et</span> <span class='ocrx_word' id='word_1_1013' title='bbox 1721 2811 1888 2845; x_wconf 90' lang='lat' dir='ltr'>propterea</span> <span class='ocrx_word' id='word_1_1014' title='bbox 1912 2804 1981 2835; x_wconf 78' lang='lat' dir='ltr'>non&#39;</span> <span class='ocrx_word' id='word_1_1015' title='bbox 2001 2811 2048 2835; x_wconf 93' lang='lat' dir='ltr'>est</span> <span class='ocrx_word' id='word_1_1016' title='bbox 2074 2805 2160 2835; x_wconf 89' lang='lat' dir='ltr'>idem</span> <span class='ocrx_word' id='word_1_1017' title='bbox 2182 2804 2337 2835; x_wconf 91' lang='lat' dir='ltr'>iudicium</span> <span class='ocrx_word' id='word_1_1018' title='bbox 2361 2804 2399 2834; x_wconf 95' lang='lat' dir='ltr'>de</span> <span class='ocrx_word' id='word_1_1019' title='bbox 2422 2814 2488 2834; x_wconf 91' lang='lat' dir='ltr'>uno</span> 
     </span>
     <span class='ocr_line' id='line_1_129' title="bbox 1424 2848 2491 2891; baseline -0.003 -10"><span class='ocrx_word' id='word_1_1020' title='bbox 1424 2858 1479 2882; x_wconf 91' lang='lat' dir='ltr'>aut</span> <span class='ocrx_word' id='word_1_1021' title='bbox 1505 2850 1682 2891; x_wconf 84' lang='lat' dir='ltr'>aliquibus,</span> <span class='ocrx_word' id='word_1_1022' title='bbox 1714 2855 1745 2880; x_wconf 92' lang='lat' dir='ltr'>et</span> <span class='ocrx_word' id='word_1_1023' title='bbox 1770 2848 1936 2885; x_wconf 87' lang='lat' dir='ltr'>omnibus;</span> <span class='ocrx_word' id='word_1_1024' title='bbox 1965 2848 2046 2880; x_wconf 91' lang='lat' dir='ltr'>sicut</span> <span class='ocrx_word' id='word_1_1025' title='bbox 2070 2859 2127 2879; x_wconf 91' lang='lat' dir='ltr'>nec</span> <span class='ocrx_word' id='word_1_1026' title='bbox 2157 2849 2195 2878; x_wconf 92' lang='lat' dir='ltr'>de</span> <span class='ocrx_word' id='word_1_1027' title='bbox 2222 2849 2431 2888; x_wconf 88' lang='lat' dir='ltr'>inadaequato</span> <span class='ocrx_word' id='word_1_1028' title='bbox 2459 2854 2491 2878; x_wconf 93' lang='lat' dir='ltr'>et</span> 
     </span>
     <span class='ocr_line' id='line_1_130' title="bbox 1424 2891 2488 2935; baseline -0.004 -10"><span class='ocrx_word' id='word_1_1029' title='bbox 1424 2895 1600 2935; x_wconf 87' lang='lat' dir='ltr'>adaequato</span> <span class='ocrx_word' id='word_1_1030' title='bbox 1624 2893 1746 2924; x_wconf 86' lang='lat' dir='ltr'>effectu.</span> <span class='ocrx_word' id='word_1_1031' title='bbox 1771 2893 1883 2924; x_wconf 90' lang='lat' dir='ltr'>Peccat</span> <span class='ocrx_word' id='word_1_1032' title='bbox 1908 2903 1982 2933; x_wconf 91' lang='lat' dir='ltr'>ergo</span> <span class='ocrx_word' id='word_1_1033' title='bbox 2007 2899 2239 2933; x_wconf 89' lang='lat' dir='ltr'>argumentum,</span> <span class='ocrx_word' id='word_1_1034' title='bbox 2267 2893 2305 2922; x_wconf 90' lang='lat' dir='ltr'>ab</span> <span class='ocrx_word' id='word_1_1035' title='bbox 2330 2891 2488 2932; x_wconf 86' lang='lat' dir='ltr'>inaequali</span> 
     </span>
     <span class='ocr_line' id='line_1_131' title="bbox 1424 2935 2489 2979; baseline -0.004 -10"><span class='ocrx_word' id='word_1_1036' title='bbox 1424 2940 1463 2969; x_wconf 91' lang='lat' dir='ltr'>ad</span> <span class='ocrx_word' id='word_1_1037' title='bbox 1482 2938 1612 2979; x_wconf 87' lang='lat' dir='ltr'>aequale</span> <span class='ocrx_word' id='word_1_1038' title='bbox 1629 2947 1772 2977; x_wconf 80' lang='lat' dir='ltr'>arguenS.</span> <span class='ocrx_word' id='word_1_1039' title='bbox 1798 2937 2001 2978; x_wconf 89' lang='lat' dir='ltr'>Cognoscere</span> <span class='ocrx_word' id='word_1_1040' title='bbox 2016 2937 2101 2967; x_wconf 92' lang='lat' dir='ltr'>enim</span> <span class='ocrx_word' id='word_1_1041' title='bbox 2122 2936 2320 2977; x_wconf 89' lang='lat' dir='ltr'>inaequalem</span> <span class='ocrx_word' id='word_1_1042' title='bbox 2344 2935 2489 2966; x_wconf 83' lang='lat' dir='ltr'>effectum</span> 
     </span>
     <span class='ocr_line' id='line_1_132' title="bbox 1423 2979 2487 3023; baseline -0.004 -10"><span class='ocrx_word' id='word_1_1043' title='bbox 1423 2983 1456 3013; x_wconf 93' lang='lat' dir='ltr'>in</span> <span class='ocrx_word' id='word_1_1044' title='bbox 1481 2992 1574 3014; x_wconf 91' lang='lat' dir='ltr'>causa</span> <span class='ocrx_word' id='word_1_1045' title='bbox 1597 2981 1743 3023; x_wconf 88' lang='lat' dir='ltr'>quamvis</span> <span class='ocrx_word' id='word_1_1046' title='bbox 1766 2991 1833 3012; x_wconf 90' lang='lat' dir='ltr'>non</span> <span class='ocrx_word' id='word_1_1047' title='bbox 1855 2981 2032 3022; x_wconf 84' lang='lat' dir='ltr'>praeexigat</span> <span class='ocrx_word' id='word_1_1048' title='bbox 2052 2980 2370 3021; x_wconf 88' lang='lat' dir='ltr'>comprehensionem</span> <span class='ocrx_word' id='word_1_1049' title='bbox 2393 2979 2487 3015; x_wconf 89' lang='lat' dir='ltr'>illius,</span> 
     </span>
     <span class='ocr_line' id='line_1_133' title="bbox 1426 3025 2136 3067; baseline -0.004 -9"><span class='ocrx_word' id='word_1_1050' title='bbox 1426 3036 1617 3067; x_wconf 88' lang='lat' dir='ltr'>cognoscere</span> <span class='ocrx_word' id='word_1_1051' title='bbox 1639 3033 1746 3056; x_wconf 86' lang='lat' dir='ltr'>tamen</span> <span class='ocrx_word' id='word_1_1052' title='bbox 1769 3025 1936 3066; x_wconf 76' lang='lat' dir='ltr'>aequalem</span> <span class='ocrx_word' id='word_1_1053' title='bbox 1958 3025 2136 3065; x_wconf 86' lang='lat' dir='ltr'>praeexigit.</span> 
     </span>
    </p>

    <p class='ocr_par' dir='ltr' id='par_1_18' title="bbox 1424 3067 2488 3198">
     <span class='ocr_line' id='line_1_134' title="bbox 1478 3067 2488 3109; baseline -0.005 -8"><span class='ocrx_word' id='word_1_1054' title='bbox 1478 3071 1579 3102; x_wconf 86' lang='lat' dir='ltr'>Multa</span> <span class='ocrx_word' id='word_1_1055' title='bbox 1595 3070 1654 3100; x_wconf 89' lang='lat' dir='ltr'>alia</span> <span class='ocrx_word' id='word_1_1056' title='bbox 1676 3076 1863 3109; x_wconf 86' lang='lat' dir='ltr'>argumenta</span> <span class='ocrx_word' id='word_1_1057' title='bbox 1885 3069 1918 3099; x_wconf 90' lang='lat' dir='ltr'>in</span> <span class='ocrx_word' id='word_1_1058' title='bbox 1933 3069 1992 3100; x_wconf 90' lang='lat' dir='ltr'>hac</span> <span class='ocrx_word' id='word_1_1059' title='bbox 2008 3069 2137 3100; x_wconf 88' lang='lat' dir='ltr'>materia</span> <span class='ocrx_word' id='word_1_1060' title='bbox 2155 3068 2250 3098; x_wconf 91' lang='lat' dir='ltr'>habes</span> <span class='ocrx_word' id='word_1_1061' title='bbox 2270 3067 2302 3097; x_wconf 90' lang='lat' dir='ltr'>in</span> <span class='ocrx_word' id='word_1_1062' title='bbox 2319 3067 2488 3107; x_wconf 89' lang='lat' dir='ltr'>Capreolo,</span> 
     </span>
     <span class='ocr_line' id='line_1_135' title="bbox 1424 3110 2487 3154; baseline -0.006 -8"><span class='ocrx_word' id='word_1_1063' title='bbox 1424 3115 1457 3146; x_wconf 92' lang='lat' dir='ltr'>in</span> <span class='ocrx_word' id='word_1_1064' title='bbox 1475 3115 1526 3151; x_wconf 91' lang='lat'>111,</span> <span class='ocrx_word' id='word_1_1065' title='bbox 1544 3115 1615 3145; x_wconf 88' lang='lat' dir='ltr'>dist.</span> <span class='ocrx_word' id='word_1_1066' title='bbox 1629 3124 1692 3150; x_wconf 75' lang='lat' dir='ltr'>xxv,</span> <span class='ocrx_word' id='word_1_1067' title='bbox 1708 3123 1763 3154; x_wconf 88' lang='lat' dir='ltr'>qu.</span> <span class='ocrx_word' id='word_1_1068' title='bbox 1779 3124 1812 3150; x_wconf 90' lang='lat'>11,</span> <span class='ocrx_word' id='word_1_1069' title='bbox 1830 3120 1860 3144; x_wconf 91' lang='lat' dir='ltr'>et</span> <span class='ocrx_word' id='word_1_1070' title='bbox 1883 3113 1916 3143; x_wconf 91' lang='lat' dir='ltr'>in</span> <span class='ocrx_word' id='word_1_1071' title='bbox 1940 3113 1992 3150; x_wconf 92' lang='lat' dir='ltr'>IV,</span> <span class='ocrx_word' id='word_1_1072' title='bbox 2010 3113 2080 3144; x_wconf 92' lang='lat' dir='ltr'>dist.</span> <span class='ocrx_word' id='word_1_1073' title='bbox 2097 3123 2177 3148; x_wconf 76' lang='lat' dir='ltr'>xmx,</span> <span class='ocrx_word' id='word_1_1074' title='bbox 2195 3122 2249 3152; x_wconf 92' lang='lat' dir='ltr'>qu.</span> <span class='ocrx_word' id='word_1_1075' title='bbox 2268 3122 2309 3142; x_wconf 82' lang='lat' dir='ltr'>vl.</span> <span class='ocrx_word' id='word_1_1076' title='bbox 2325 3111 2405 3142; x_wconf 92' lang='lat' dir='ltr'>Vide</span> <span class='ocrx_word' id='word_1_1077' title='bbox 2428 3110 2487 3141; x_wconf 84' lang='lat' dir='ltr'>ibi:</span> 
     </span>
     <span class='ocr_line' id='line_1_136' title="bbox 1425 3157 2206 3198; baseline -0.005 -8"><span class='ocrx_word' id='word_1_1078' title='bbox 1425 3160 1502 3190; x_wconf 87' lang='lat' dir='ltr'>haec</span> <span class='ocrx_word' id='word_1_1079' title='bbox 1526 3158 1612 3189; x_wconf 91' lang='lat' dir='ltr'>enim</span> <span class='ocrx_word' id='word_1_1080' title='bbox 1634 3158 1707 3188; x_wconf 91' lang='lat' dir='ltr'>loco</span> <span class='ocrx_word' id='word_1_1081' title='bbox 1731 3157 1806 3189; x_wconf 90' lang='lat' dir='ltr'>huic</span> <span class='ocrx_word' id='word_1_1082' title='bbox 1829 3164 2011 3198; x_wconf 87' lang='lat' dir='ltr'>opportuna</span> <span class='ocrx_word' id='word_1_1083' title='bbox 2034 3157 2099 3187; x_wconf 88' lang='lat' dir='ltr'>visa</span> <span class='ocrx_word' id='word_1_1084' title='bbox 2123 3163 2206 3187; x_wconf 87' lang='lat' dir='ltr'>sunt.</span> 
     </span>
    </p>
   </div>
   <div class='ocr_carea' id='block_1_10' title="bbox 2505 649 2658 670">
    <p class='ocr_par' dir='ltr' id='par_1_19' title="bbox 2505 649 2658 670">
     <span class='ocr_line' id='line_1_137' title="bbox 2505 649 2658 670; baseline 0 0"><span class='ocrx_word' id='word_1_1085' title='bbox 2505 650 2516 660; x_wconf 68' lang='lat'>⁶</span> <span class='ocrx_word' id='word_1_1086' title='bbox 2530 649 2601 670; x_wconf 87' lang='lat' dir='ltr'>Num.</span> <span class='ocrx_word' id='word_1_1087' title='bbox 2612 655 2658 670; x_wconf 78' lang='lat' dir='ltr'>xJV.</span> 
     </span>
    </p>
   </div>
   <div class='ocr_carea' id='block_1_11' title="bbox 2508 871 2707 892">
    <p class='ocr_par' dir='ltr' id='par_1_20' title="bbox 2508 871 2707 892">
     <span class='ocr_line' id='line_1_138' title="bbox 2508 871 2707 892; baseline -0.005 0"><span class='ocrx_word' id='word_1_1088' title='bbox 2508 872 2516 880; x_wconf 93' lang='grc'>·</span> <span class='ocrx_word' id='word_1_1089' title='bbox 2534 871 2569 892; x_wconf 80' lang='lat' dir='ltr'>Cf.</span> <span class='ocrx_word' id='word_1_1090' title='bbox 2585 875 2707 892; x_wconf 84' lang='lat' dir='ltr'>num.x111.</span> 
     </span>
    </p>
   </div>
  </div>
 </body>
</html>
