2768 4178
69 536 79 546 ⁶
95 535 131 557 Cf.
146 541 210 557 num.
226 541 250 557 n.

67 1065 76 1074 ·
93 1063 130 1085 Cf.
145 1069 210 1085 num.
225 1069 255 1085 iv.

66 1640 75 1648 ⁴
92 1638 146 1660 Did.
168 1639 210 1660 lib.
230 1639 276 1667 lv,

64 1671 116 1693 cap.
130 1672 162 1693 vr,
177 1671 201 1687 n.
216 1671 245 1694 15.

69 1904 78 1913 ”
93 1903 128 1926 Cf.
140 1909 204 1926 num.
214 1909 263 1925 vui.

65 2168 76 2179 ⁸
96 2168 147 2190 Art.
161 2174 188 2196 3,
207 2167 279 2190 Com-

66 2199 138 2216 ment.
159 2200 223 2216 num.
237 2200 279 2216 vui

66 2227 120 2248 sqq.

67 2260 80 2271 ¹*
94 2259 131 2281 Cf.
145 2265 209 2282 num.
225 2266 257 2282 ix.

68 2650 78 2659 '¹
94 2649 129 2671 Cf.
145 2655 209 2672 num.
224 2656 249 2672 ιι.

311 241 390 285 434

311 320 342 344 et
365 324 430 344 non
456 313 677 354 cognoscimus
706 323 756 343 eas
782 313 958 343 secundum
984 312 1116 352 seipsas,
1147 312 1201 342 sed
1229 321 1265 341 ex
1292 321 1375 342 crea-

311 357 398 396 turis,
422 364 458 388 ut
480 367 661 397 possumus,
686 357 726 387 ad
750 366 802 387 eas
825 357 1037 391 ascendimus;
1062 362 1099 386 ut
1116 363 1280 386 teneamus
1301 365 1375 385 con-

311 402 487 432 clusionem
507 408 622 431 certam
638 408 668 432 et
683 401 900 439 necessariam,
916 411 952 431 ex
967 399 1186 441 propositione
1205 399 1376 430 certissima

311 445 475 476 communi
498 445 646 475 omnibus
670 445 878 485 philosophis,
903 445 970 474 imo
995 443 1160 474 communi
1183 443 1281 473 animi
1298 453 1374 473 con-

310 490 454 529 ceptione
477 489 665 529 sapientum.

364 534 446 564 VIII.
462 533 609 563 Secunda
625 534 709 563 ratio
722 532 741 550 ‘⁸‘
764 532 900 563 sumitur
918 543 955 563 ex
971 532 1071 562 modo
1087 530 1285 571 specificante
1301 541 1374 571 pro-

310 577 474 613 cessiones,
496 577 612 607 scilicet
634 587 691 617 per
713 577 849 607 modum
867 577 953 607 verbi
968 583 999 607 et
1014 575 1141 606 amoris.
1166 575 1208 606 Et
1223 575 1375 606 fundatur

308 631 403 661 super
425 621 544 652 unitate
567 627 655 652 actus
678 621 882 661 intelligendi,
900 631 935 651 ac
954 620 1073 651 unitate
1092 626 1179 650 actus
1199 619 1326 650 amandi
1341 619 1373 649 in

308 665 430 695 divinis.

367 709 486 740 Contra
514 719 612 750 quam
645 708 801 739 rationem
828 709 944 739 instant
967 708 1099 749 quidam
1128 707 1181 738 sic.
1213 707 1246 738 Si
1269 707 1373 738 unitas

307 759 394 783 actus
416 753 609 793 intelligendi
632 752 726 783 infert
746 753 901 784 unitatem
924 752 1004 788 Filii,
1029 758 1084 782 aut
1098 751 1234 782 intendis
1250 751 1288 781 de
1304 751 1373 781 uni-

307 803 369 827 tate
392 797 486 834 reali,
518 804 573 828 aut
600 797 776 828 secundum
805 797 970 827 rationem.
999 796 1032 827 Si
1054 795 1146 832 reali,
1171 805 1246 835 ergo
1270 795 1373 826 unitas

306 841 396 871 realis
411 848 498 872 actus
514 841 689 872 intellectus
706 847 737 872 et
751 841 923 871 voluntatis
939 841 972 871 in
990 841 1060 871 Deo
1074 839 1201 870 inferret
1219 839 1374 870 unitatem

306 895 459 925 personae
482 886 664 926 productae.
689 885 722 916 Si
742 885 918 916 secundum
934 885 1099 920 rationem,
1120 893 1194 923 ergo
1214 883 1372 914 distinctio

306 930 483 960 secundum
496 929 653 960 rationem
666 929 794 960 inferret
806 929 1041 960 distinctionem
1053 936 1275 968 personarum:
1293 927 1374 958 sicut

307 974 392 1004 enim
416 974 518 1004 unitas
542 974 582 1004 ad
605 973 769 1010 unitatem,
794 973 838 1004 sic
858 973 1015 1004 distinctio
1032 973 1072 1003 ad
1089 972 1325 1003 distinctionem
1339 979 1372 1002 se

306 1018 408 1048 habet.

362 1062 415 1092 IX.
440 1061 552 1092 Scotus
580 1067 705 1097 autem,
730 1061 763 1091 in
791 1061 987 1098 Quodlibetis
1013 1061 1068 1091 ubi
1092 1070 1187 1101 supra
1205 1060 1238 1097 *,
1264 1066 1373 1091 contra

305 1106 386 1136 hanc
412 1106 568 1136 rationem
596 1105 670 1135 dicit
697 1105 784 1146 quod
813 1115 878 1135 non
907 1111 954 1135 est
975 1105 1091 1142 valida,
1117 1105 1192 1145 quia
1221 1104 1373 1135 fundatur

305 1159 399 1190 super
422 1149 479 1180 hac
507 1149 742 1190 propositione:
772 1149 832 1179 Ubi
859 1158 921 1180 non
947 1154 1054 1189 potest
1082 1159 1150 1180 esse
1173 1150 1236 1179 nisi
1258 1149 1372 1179 unicus

305 1199 396 1224 actus
419 1193 636 1234 in'telligendi,
662 1203 724 1224 non
748 1198 855 1233 potest
883 1203 950 1224 esse
974 1194 1036 1224 nisi
1059 1194 1189 1224 unicum
1212 1193 1319 1224 dicere
1342 1198 1373 1223 et

305 1239 434 1269 unicum
458 1238 599 1269 verbum.
623 1238 711 1268 Haec
734 1244 841 1268 autem
864 1237 1042 1278 propositio
1067 1244 1113 1268 est
1127 1247 1200 1268 vera
1219 1237 1252 1267 in
1268 1236 1370 1273 nobis,

304 1282 401 1322 gratia
424 1282 580 1319 materiae,
605 1281 680 1322 quia
698 1282 731 1312 in
754 1281 846 1312 nobis
870 1291 967 1312 omne
989 1281 1162 1322 intelligere
1187 1288 1233 1312 est
1249 1291 1371 1321 expres-

305 1337 377 1357 sum
393 1336 448 1366 per
463 1333 570 1357 actum
593 1326 734 1356 dicendi:
759 1335 826 1356 non
847 1325 891 1356 sic
906 1332 1013 1356 autem
1029 1326 1121 1356 estin
1138 1325 1260 1362 divinis,
1279 1331 1336 1356 etc.
1353 1342 1372 1348 —-

304 1371 345 1401 Et
367 1370 517 1407 breviter,
542 1369 657 1411 inquit,
683 1380 720 1400 ex
743 1370 863 1401 unitate
890 1369 1012 1401 formae
1039 1370 1201 1401 absolutae
1229 1370 1372 1400 eiusdem

304 1415 449 1454 rationis,
474 1424 540 1445 non
563 1420 668 1454 potest
689 1414 796 1444 inferri
823 1414 927 1445 unitas
950 1414 1170 1454 productionis
1194 1421 1224 1445 et
1246 1413 1372 1445 termini

305 1458 520 1490 universaliter
547 1465 578 1489 et
604 1458 637 1488 in
661 1458 750 1488 omni
778 1458 923 1489 materia:
948 1468 1022 1498 ergo
1047 1468 1084 1489 ex
1106 1458 1226 1489 unitate
1248 1458 1370 1489 intelle-

305 1503 417 1534 ctionis
433 1513 499 1533 non
516 1502 666 1543 sequitur,
683 1502 779 1542 gratia
799 1502 930 1539 formae,
947 1502 1051 1533 unitas
1068 1502 1214 1533 dictionis
1229 1509 1259 1533 et
1273 1502 1370 1533 verbi.

361 1548 400 1578 X.
424 1547 475 1578 Ad
499 1546 560 1577 hoc
583 1546 716 1577 breviter
739 1546 861 1583 dicitur,
882 1547 971 1587 quod
985 1546 1036 1578 hic
1055 1553 1101 1578 est
1120 1557 1224 1577 sermo
1244 1547 1283 1577 de
1302 1546 1371 1577 uni—

304 1598 366 1622 tate
390 1591 554 1628 numerali,
579 1601 661 1632 quae
684 1591 837 1631 supponit
860 1590 1014 1622 unitatem
1033 1591 1210 1627 formalem,
1236 1597 1272 1621 ut
1287 1597 1372 1631 patet

304 1636 332 1667 V
356 1636 552 1676 Metaphys„
577 1645 645 1676 cap.
662 1635 702 1666 de
723 1635 794 1666 Uno
809 1635 843 1665 *:
868 1635 1023 1676 quoniam
1046 1635 1085 1665 de
1109 1635 1371 1675 multiplicatione

304 1679 459 1711 numerali
482 1686 607 1710 tantum
630 1689 838 1719 personarum
861 1685 908 1710 est
930 1680 1084 1720 quaestio.
1112 1679 1158 1710 Ita
1180 1679 1270 1720 quod
1291 1679 1371 1710 ratio

305 1723 447 1755 consistit
461 1723 494 1753 in
513 1724 589 1754 hoc:
615 1723 792 1754 Intellectio
808 1724 871 1754 Dei
887 1729 934 1754 est
949 1733 1015 1754 una
1032 1733 1177 1762 numero,
1194 1733 1275 1764 ergo
1296 1723 1371 1754 Ver-

304 1769 377 1799 bum
402 1773 448 1799 est
471 1778 570 1798 unum
595 1777 739 1799 numero.
763 1768 805 1798 Et
820 1767 845 1798 si
861 1774 963 1798 essent
981 1767 1210 1799 intellectiones
1224 1767 1284 1798 Dei
1300 1768 1370 1808 plu-

304 1822 352 1842 res
370 1812 546 1843 secundum
565 1822 745 1848 numerum,
770 1819 873 1843 essent
895 1812 987 1852 plura
1002 1812 1097 1842 verba
1120 1812 1297 1843 secundum
1312 1822 1370 1842 nu-

304 1866 439 1887 merum.

363 1901 415 1931 Ad
433 1906 656 1940 argumentum
669 1899 687 1919 *
710 1909 784 1939 ergo
802 1899 923 1936 dicitur,
941 1900 1030 1941 quod
1046 1899 1180 1930 intendit
1195 1900 1233 1930 de
1249 1901 1372 1930 unitate

305 1945 466 1975 numerali
473 1944 626 1985 formali,
639 1944 719 1974 idest
730 1954 812 1984 quae
826 1943 919 1975 infert
934 1943 1089 1975 unitatem
1105 1943 1287 1974 formalem:
1305 1954 1372 1974 non

305 1996 412 2019 autem
435 1989 474 2019 de
498 1987 615 2019 unitate
639 1988 794 2018 numerali
817 1988 961 2025 identica,
978 1988 1079 2029 qualis
1099 1995 1145 2019 est
1167 1988 1247 2019 inter
1266 1995 1372 2019 actum

305 2033 479 2064 intellectus
507 2039 538 2063 et
559 2032 731 2063 voluntatis
755 2032 889 2063 divinae.
918 2033 959 2063 Et
981 2039 1148 2073 propterea
1170 2039 1303 2072 negatur
1326 2042 1372 2063 se-

306 2077 408 2118 quela.
425 2095 444 2100 -
460 2077 637 2114 Quomodo
656 2083 763 2107 autem
779 2086 816 2107 ex
835 2076 1036 2107 distinctione
1050 2076 1177 2107 formali
1195 2077 1373 2107 secundum

306 2121 461 2152 rationem
474 2121 554 2152 inter
568 2121 763 2152 intellectum
778 2127 809 2151 et
822 2121 1031 2158 voluntatem,
1048 2121 1199 2151 inferatur
1214 2121 1372 2152 distinctio

307 2175 523 2206 personarum,
540 2165 572 2195 in
592 2175 646 2205 qu.
663 2175 745 2195 xxvn
761 2165 778 2184 *
794 2165 986 2196 declaratum
1005 2165 1077 2201 fuit;
1103 2172 1133 2196 et
1147 2165 1268 2196 dicturn
1283 2165 1373 2206 quod

307 2210 369 2240 hoc
392 2220 458 2240 non
481 2209 623 2250 sequitur
638 2209 829 2245 immediate,
854 2209 909 2239 sed
927 2209 1085 2240 mediante
1102 2209 1212 2240 ordine
1232 2209 1371 2249 originis.

360 2254 414 2284 XI.
431 2253 482 2283 Ad
501 2252 713 2283 obiectionem
735 2263 810 2283 vero
834 2253 921 2284 Scoti
935 2253 953 2272 *
976 2253 1098 2290 dicitur,
1116 2253 1205 2294 quod
1225 2253 1304 2284 ratio
1322 2253 1373 2284 lit-

308 2304 391 2328 terae
414 2307 480 2328 non
504 2297 654 2327 fundatur
677 2307 771 2337 super
794 2297 847 2327 illa
866 2297 1095 2337 propositione,
1113 2297 1168 2327 sed
1184 2307 1279 2337 super
1293 2297 1371 2328 hoc:

309 2341 396 2382 quod
410 2342 463 2372 ubi
477 2346 522 2372 est
537 2351 635 2372 unum
651 2346 774 2371 tantum
790 2341 981 2382 intelligere,
995 2346 1025 2372 et
1038 2341 1144 2372 dicere
1158 2341 1372 2381 adaequatum

310 2386 369 2423 illi,
394 2386 436 2416 ibi
459 2395 521 2416 non
546 2390 592 2416 est
615 2386 676 2416 nisi
699 2395 798 2415 unum
822 2385 928 2416 dicere
950 2390 980 2416 et
995 2395 1094 2416 unum
1110 2385 1249 2416 verbum.
1275 2386 1373 2423 Quod

309 2436 394 2470 patet
409 2440 475 2460 esse
491 2438 615 2460 verum:
640 2429 845 2469 superflueret
860 2439 998 2470 namque
1014 2429 1101 2460 aliud
1115 2429 1225 2460 dicere.
1242 2446 1261 2452 -
1277 2430 1318 2460 Et
1333 2429 1373 2460 si-

309 2474 423 2504 militer
445 2484 482 2504 ex
504 2473 624 2504 unitate
647 2473 768 2503 formae
791 2473 963 2509 absolutae,
984 2473 1104 2514 optime
1123 2473 1255 2504 infertur
1270 2473 1373 2504 unitas

309 2518 429 2548 formae
457 2517 645 2558 respectivae
675 2527 731 2548 seu
761 2517 893 2548 actionis
920 2517 1122 2558 adaequatae.
1153 2518 1194 2548 Et
1223 2518 1262 2548 ad
1293 2518 1373 2548 hanc

309 2562 571 2603 adaequationem
597 2561 833 2597 insinuandam,
858 2561 972 2592 dicitur
994 2561 1027 2592 in
1049 2561 1151 2592 littera
1174 2562 1263 2602 quod
1286 2562 1373 2593 Deus

308 2606 416 2636 omnia
439 2606 573 2646 simplici
596 2612 667 2636 actu
691 2605 844 2646 intelligit,
870 2615 905 2636 ac
928 2615 984 2646 per
1006 2605 1068 2637 hoc
1091 2605 1175 2636 dicit.

358 2651 426 2681 XII.
445 2651 551 2680 Tertia
562 2651 644 2681 ratio
653 2649 672 2667 ὓ
687 2649 822 2680 sumitur
832 2660 868 2680 ex
881 2650 1045 2680 communi
1058 2650 1157 2681 modo
1171 2650 1371 2690 procedendi,

307 2694 363 2735 qui
385 2704 456 2725 vere
472 2701 519 2725 est
533 2694 659 2730 modus,
680 2694 769 2735 quod
792 2694 908 2725 scilicet
931 2695 1108 2740 procedunt
1130 2694 1320 2731 naturaliter,
1338 2702 1373 2725 ut

1000 236 1267 284 QUAESTIO
1297 237 1400 284 XLI,
1429 237 1727 274 ARTICULUS
1755 237 1806 274 VI

1431 312 1632 352 distinguitur
1656 319 1764 343 contra
1785 313 1891 343 libere.
1916 313 1957 344 Et
1975 313 2126 344 fundatur
2141 323 2236 354 super
2254 313 2325 350 hoc,
2341 315 2430 355 quod
2446 325 2499 345 na-

1431 362 1501 387 tura
1524 356 1749 387 determinatur
1772 357 1812 386 ad
1835 367 1948 387 unum.

1491 399 1611 431 Contra
1634 410 1732 441 quam
1756 400 1850 431 etiam
1873 401 2028 431 rationem
2051 401 2167 432 instant
2191 401 2332 442 quidam.
2363 405 2430 433 Aut
2452 403 2499 433 in-

1430 444 1532 474 tendis
1555 445 1644 485 quod
1667 452 1778 475 natura
1798 445 2023 475 determinatur
2037 446 2076 475 ad
2093 455 2195 475 unum
2215 454 2366 476 nurnero:
2391 453 2423 477 et
2437 447 2499 477 hoc

1430 494 1476 518 est
1491 488 1616 524 falsum,
1631 489 1726 519 etiam
1744 489 1777 519 in
1793 489 1912 519 naturis
1930 489 2079 520 limitatis.
2104 492 2170 520 Aut
2185 490 2225 519 ad
2241 499 2344 520 unum
2363 490 2499 520 modum

1429 532 1642 572 producendi:
1667 539 1698 563 et
1720 533 1782 563 hoc
1806 540 1852 564 est
1880 533 1995 563 falsum
2019 533 2052 563 in
2075 540 2186 564 natura
2214 533 2345 570 infinita.
2377 534 2498 565 Neutro

1429 576 1523 616 igitur
1546 577 1645 607 modo
1669 577 1748 608 ratio
1772 577 1891 618 aliquid
1914 578 2006 608 valet.

1484 620 1566 651 XIII.
1587 621 1639 651 Ad
1661 621 1724 651 hoc
1738 621 1870 652 breviter
1885 621 2006 657 dicitur,
2024 621 2113 662 quod
2128 621 2262 652 intendit
2277 623 2371 652 tertio
2387 622 2496 658 modo,

1429 663 1546 694 scilicet
1561 665 1651 705 quod
1667 672 1777 695 namra
1794 665 2019 696 determinatur
2037 666 2076 695 ad
2095 675 2198 696 unum
2205 665 2406 706 formaliter.
2431 665 2497 696 Sub

1428 707 1487 738 hac
1511 708 1596 738 enirn
1620 709 1826 746 subsumitur,
1851 716 1881 740 et
1904 716 1995 746 recte,
2020 710 2060 740 de
2083 716 2194 740 natura
2218 710 2329 740 eadem
2354 709 2497 750 pluribus

1428 751 1533 781 modis
1557 753 1824 790 communicabili,
1845 754 1934 794 quod
1953 754 2130 784 secundum
2146 763 2412 794 unumquemque
2427 763 2497 784 mo—

1429 795 1508 825 dum
1527 802 1573 826 est
1596 796 1802 827 determinata
1830 798 1870 827 ad
1893 807 1997 828 unum
2029 797 2203 828 formaliter
2229 798 2313 828 illius
2337 797 2442 828 modi:
2467 804 2499 828 et

1429 846 1658 880 consequenter
1680 841 1769 881 quod
1792 840 1869 872 haec
1892 848 2016 878 natura,
2041 842 2218 872 secundum
2240 842 2326 873 hunc
2349 842 2495 878 modurn,

1428 889 1475 913 est
1497 883 1702 914 determinata
1730 885 1771 914 ad
1798 884 1860 915 hoc
1888 895 2002 916 unum.
2031 886 2072 916 Et
2095 886 2139 916 sic
2163 886 2363 917 concluditur
2393 886 2497 916 unitas

1428 927 1598 957 numeralis
1622 928 1769 968 producti
1793 938 1860 959 uno
1883 930 1994 959 modo.
2010 946 2029 952 —
2045 929 2086 960 Et
2109 929 2237 961 inducta
2258 937 2304 961 est
2326 930 2403 961 haec
2417 930 2496 960 ratio

1428 971 1467 1001 ad
1487 972 1721 1002 ostendendum
1745 972 1951 1003 differentiam
1974 973 2055 1003 inter
2077 974 2219 1004 naturale
2234 980 2266 1005 et
2279 974 2496 1005 voluntarium

1428 1025 1532 1055 agens,
1543 1016 1576 1046 in
1591 1016 1754 1056 largiendo
1769 1016 1923 1047 unitatem
1939 1017 2136 1048 numeralem
2146 1017 2278 1054 effectui,
2291 1018 2385 1048 unica
2400 1016 2497 1048 simul

1427 1059 1550 1090 actione
1574 1060 1707 1100 agendo.
1731 1061 1782 1091 Ab
1805 1068 1916 1100 agente
1936 1061 2022 1091 enim
2039 1061 2220 1092 voluntario
2243 1068 2378 1102 possunt
2391 1062 2497 1092 simul

1427 1103 1519 1143 plura
1541 1104 1685 1144 produci,
1709 1111 1746 1135 ut
1767 1104 1871 1145 inquit
1893 1107 2058 1141 Averroes,
2080 1112 2251 1136 comment.
2266 1116 2339 1139 κων,
2353 1106 2410 1136 XII
2426 1107 2496 1136 Me-

1427 1148 1577 1189 taphys.:
1600 1158 1618 1178 a
1640 1148 1774 1179 naturali
1798 1156 1915 1185 autem,
1939 1159 2006 1179 non
2026 1149 2085 1179 nisi
2101 1159 2204 1180 unum
2220 1150 2259 1180 ab
2274 1159 2351 1180 uno.
2367 1167 2388 1172 -
2403 1150 2444 1180 Et
2459 1159 2497 1180 ex

1426 1192 1475 1222 his
1498 1199 1584 1233 patet
1606 1192 1772 1233 responsio
1796 1193 1835 1223 ad
1859 1193 2072 1224 obiectionem
2095 1193 2191 1230 Scoti,
2215 1194 2270 1224 ubi
2288 1203 2384 1234 supra
2397 1193 2424 1230 *‚
2448 1193 2495 1224 in-

1427 1235 1589 1276 fringentis
1612 1246 1744 1278 quoque
1762 1236 1843 1267 hanc
1858 1237 2025 1274 rationem,
2041 1237 2116 1278 quia
2130 1244 2242 1268 natura
2265 1248 2332 1268 non
2350 1238 2496 1268 determi-

1427 1287 1520 1311 natur
1542 1281 1582 1311 ad
1605 1291 1709 1311 unum
1732 1291 1877 1312 numero.

1481 1325 1565 1356 XIV.
1589 1325 1716 1362 Quarta
1734 1335 1810 1356 vero
1829 1326 1913 1356 ratio
1928 1325 1952 1360 ’ἱ
1970 1335 2007 1356 ex
2021 1325 2213 1366 perfectione
2227 1325 2333 1356 divina
2348 1325 2494 1357 sumitur.

1426 1369 1468 1400 Et
1490 1369 1642 1400 fundatur
1660 1379 1755 1410 super
1773 1369 1844 1406 hoc,
1862 1370 1951 1410 quod
1974 1369 2079 1400 omnis
2102 1380 2150 1400 res
2169 1370 2276 1400 divina
2294 1370 2388 1400 habet
2403 1369 2495 1411 quid.-

1427 1413 1506 1453 quid
1520 1413 1653 1444 inveniri
1668 1420 1774 1454 potest
1789 1414 1869 1444 infra
1882 1414 2083 1444 latitudinem
2097 1414 2182 1444 illius
2199 1414 2328 1444 rationis
2343 1413 2494 1445 formalis.

1427 1457 1474 1488 Ex
1496 1457 1559 1488 hoc
1583 1457 1668 1488 enim
1691 1457 1856 1489 manifeste
1880 1458 2022 1499 sequitur
2045 1458 2134 1499 quod
2153 1468 2219 1489 non
2236 1458 2429 1499 compatitur
2446 1457 2496 1489 sui

1427 1502 1640 1542 partitionem,
1665 1509 1696 1533 et
1719 1509 1948 1543 consequenter
1971 1512 2029 1533 nec
2052 1502 2275 1543 pluralitatem.

1482 1546 1544 1577 Sed
1568 1553 1676 1577 contra
1699 1546 1781 1577 hanc
1805 1556 1936 1587 quoque
1958 1546 2114 1577 rationem
2136 1546 2278 1583 instatur,
2303 1546 2392 1587 quod
2416 1545 2495 1577 nihil

1426 1590 1545 1621 valeat:
1569 1590 1646 1631 quia
1668 1590 1712 1621 sic
1735 1598 1918 1631 sequeretur
1940 1591 2030 1631 quod
2052 1597 2133 1621 esset
2151 1601 2254 1621 unum
2274 1597 2400 1621 tantum
2423 1599 2496 1630 pro·

1427 1634 1560 1665 ductum
1582 1635 1615 1665 in
1639 1634 1762 1665 divinis.
1780 1652 1799 1658 -
1814 1635 1855 1666 Et
1877 1635 2029 1675 probatur
2047 1635 2190 1676 sequela:
2215 1634 2290 1675 quia
2300 1634 2495 1675 productum

1427 1685 1474 1709 est
1495 1689 1544 1709 res
1568 1679 1682 1715 divina,
1711 1689 1747 1710 ac
1770 1689 1826 1720 per
1849 1679 1910 1710 hoc
1933 1679 2052 1709 habens
2076 1679 2233 1720 quidquid
2256 1678 2338 1709 infra
2359 1677 2496 1709 latitudi-

1427 1733 1501 1753 nem
1521 1723 1667 1763 producti
1690 1723 1822 1754 inveniri
1846 1730 1965 1763 potest;
1991 1730 2022 1754 et
2039 1723 2084 1754 sic
2100 1723 2237 1754 excludit
2258 1722 2495 1763 multiplicatio-

1426 1777 1501 1798 nem
1524 1767 1584 1798 sui.
1610 1767 1707 1805 Quod
1731 1767 1757 1798 si
1780 1767 1831 1798 hic
1854 1777 1919 1797 non
1943 1767 2035 1803 valet,
2060 1777 2134 1807 ergo
2158 1777 2216 1798 nec
2238 1767 2271 1797 in
2290 1766 2410 1797 ratione
2429 1773 2494 1798 tua.

1485 1812 1554 1842 XV.
1578 1812 1630 1842 Ad
1652 1811 1714 1842 hoc
1738 1811 1870 1842 breviter
1894 1811 2016 1847 dicitur,
2040 1811 2130 1851 quod
2153 1810 2399 1842 fundamentum
2416 1810 2496 1841 illud

1426 1855 1667 1895 intelligendum
1695 1862 1741 1886 est
1764 1855 1803 1886 de
1826 1865 1859 1886 re
1883 1855 1988 1886 divina
2018 1865 2099 1896 quae
2131 1862 2177 1886 est
2199 1865 2264 1885 una
2280 1864 2345 1895 per
2366 1854 2495 1886 modum

1425 1901 1541 1939 speciei
1562 1900 1828 1940 specialissimae,
1854 1907 1885 1930 et
1908 1909 1974 1930 non
1998 1900 2036 1930 de
2059 1909 2092 1930 re
2121 1899 2226 1930 divina
2256 1909 2339 1940 quae
2361 1905 2408 1930 est
2431 1908 2495 1930 una

1426 1953 1482 1984 per
1503 1944 1641 1974 modum
1663 1943 1801 1984 generis:
1827 1943 1982 1984 quoniam
2008 1944 2067 1974 sub
2090 1943 2194 1983 specie
2217 1953 2283 1974 non
2313 1943 2373 1973 nisi
2396 1949 2495 1974 mate-

1426 1988 1508 2018 rialis
1532 1994 1626 2018 restat
1648 1987 1830 2024 differentia,
1855 1988 1914 2018 sub
1938 1998 2050 2028 genere
2074 1994 2181 2018 autem
2204 1987 2302 2018 latent
2320 1987 2431 2019 multa.
2455 1987 2497 2018 Et

1426 2032 1470 2062 sic
1493 2032 1608 2063 directe
1631 2032 1766 2063 deservit
1788 2032 1969 2072 proposito:
1994 2032 2149 2073 quoniam
2172 2032 2211 2062 de
2234 2031 2412 2073 pluralitate
2434 2041 2495 2062 nu-

1426 2076 1544 2113 merali,
1569 2083 1605 2107 ut
1627 2076 1692 2106 iam
1707 2076 1724 2095 *
1747 2076 1869 2107 dictum
1893 2083 1947 2113 est,
1972 2076 2143 2117 quaeritur.
2162 2093 2181 2099 -
2201 2076 2242 2107 Et
2264 2082 2386 2107 cessant
2408 2075 2495 2106 obie-

1426 2121 1563 2151 ctiones:
1582 2121 1777 2161 productum
1810 2121 1895 2151 enim
1923 2131 1990 2151 non
2020 2119 2216 2161 specificam,
2240 2120 2296 2151 sed
2318 2119 2496 2160 genencam

1426 2165 1582 2196 rationem
1605 2164 1767 2205 significat,
1791 2165 1895 2196 Filius
1918 2171 2026 2196 autem
2050 2163 2242 2205 specificam:
2263 2171 2294 2196 et
2311 2164 2384 2195 ideo
2403 2164 2443 2195 de
2458 2163 2495 2195 fi-

1425 2209 1554 2240 liatione
1577 2215 1662 2240 tenet
1684 2209 1774 2245 ratio,
1799 2209 1837 2239 de
1861 2209 2070 2249 productione
2095 2215 2202 2240 autem
2225 2218 2302 2239 non.

1479 2253 1562 2284 XVI.
1580 2253 1621 2284 Et
1635 2260 1713 2284 nota
1727 2253 1808 2284 hanc
1828 2253 2001 2284 rationem:
2026 2253 2182 2293 quoniam
2197 2252 2359 2284 concludit
2371 2252 2495 2283 univer-

1426 2297 1530 2328 saliter
1552 2297 1679 2327 nullum
1702 2296 1917 2337 praedicatum
1940 2296 2132 2337 specificum,
2149 2297 2213 2327 sive
2232 2297 2416 2328 absolutum
2431 2296 2495 2328 sive

1426 2341 1646 2381 respecu'vum,
1671 2340 1703 2370 in
1727 2341 1796 2371 Deo
1821 2340 1999 2381 plurificari.
2025 2341 2118 2372 Unde
2141 2347 2226 2381 patet
2241 2341 2331 2382 quod
2349 2341 2438 2372 nulla
2456 2340 2496 2372 sit

1426 2385 1573 2416 instantia
1601 2384 1703 2421 Scoti,
1729 2384 1784 2415 ubi
1813 2395 1907 2425 supra
1922 2384 1953 2421 *,
1979 2391 2087 2416 contra
2114 2384 2196 2416 hanc
2225 2385 2399 2421 rationem,
2420 2384 2496 2426 quia

1427 2429 1525 2460 Filius
1541 2436 1588 2460 est
1602 2429 1758 2469 perfectus
1773 2429 1869 2465 Deus,
1886 2435 1917 2460 et
1931 2435 2038 2460 tamen
2053 2439 2119 2460 non
2134 2429 2229 2460 habet
2241 2429 2390 2460 deitatem
2404 2428 2495 2459 omni

1427 2473 1526 2504 modo
1550 2473 1701 2509 habendi3
1727 2482 1801 2513 ergo
1824 2472 1934 2504 filiatio
1958 2480 2062 2513 potest
2085 2483 2152 2504 esse
2175 2473 2321 2514 perfecta,
2342 2480 2373 2504 et
2387 2480 2494 2504 tamen

1426 2517 1532 2548 haberi
1556 2517 1616 2547 alia
1644 2517 1682 2547 ab
1713 2517 1786 2548 ali0.
1819 2517 2001 2548 Similitudo
2032 2516 2118 2548 enim
2141 2517 2229 2548 nulla
2252 2524 2312 2554 est,
2336 2524 2372 2548 ut
2394 2522 2493 2558 patet:

1427 2561 1501 2603 quia
1520 2568 1566 2592 est
1581 2571 1599 2591 a
1615 2561 1714 2592 modo
1733 2561 1868 2592 habendi
1888 2562 1927 2592 ad
1950 2561 2162 2592 diversitatem
2180 2561 2387 2592 numeralem.
2413 2561 2493 2597 Imo,

1426 2606 1501 2647 quia
1524 2605 1622 2636 Filius
1646 2612 1692 2636 est
1714 2605 1870 2646 perfectus
1894 2605 1990 2641 Deus,
2009 2606 2169 2647 sequitur:
2193 2606 2278 2646 Ergo
2294 2606 2388 2636 habet
2406 2605 2496 2646 quid-

1426 2650 1503 2691 quid
1519 2656 1566 2681 est
1583 2649 1663 2680 infra
1685 2649 1885 2680 latitudinem
1908 2650 2039 2686 deitatis,
2064 2656 2095 2681 et
2118 2656 2346 2691 consequenter
2369 2657 2416 2681 est
2437 2649 2495 2680 im-

1426 2694 1673 2735 multiplicabilis
1697 2694 1873 2725 secundum
1896 2694 2053 2725 deitatem.

2522 1200 2532 1209 ·
2547 1198 2584 1222 Cf.
2598 1205 2664 1222 num.
2678 1205 2713 1222 iv.

2522 1332 2533 1343 ·
2548 1331 2584 1355 Cf.
2601 1337 2666 1354 num.
2681 1337 2708 1354 u.

2521 2079 2533 2091 ⁸
2546 2078 2618 2101 Num.
2633 2085 2657 2101 x.

2521 2392 2533 2404 ⁸
2547 2391 2584 2417 Cf.
2597 2397 2663 2415 anm.
2677 2397 2713 2414 π.
