2768 4178
948 225 1216 272 QUAESTIO
1247 225 1316 270 111,
1346 224 1644 261 ARTICULUS
1671 223 1758 260 v111
2398 237 2448 272 49

313 307 365 338 Ad
388 307 450 337 hoc
483 307 617 337 breviter
641 306 755 337 dicitur
779 305 886 346 quod,
912 304 987 345 quia
1015 314 1081 334 esse
1113 303 1331 343 compositum

258 352 352 383 infert
368 361 435 382 esse
455 350 602 382 effectum
619 349 709 393 (quia
732 359 828 380 omne
849 348 1066 388 compositum
1086 354 1132 378 est
1148 347 1277 383 factum,
1296 354 1332 378 ut

258 397 292 427 in
315 395 514 437 praecedenti
541 401 627 436 patet
650 394 814 436 articulo);
841 403 907 424 esse
931 399 1038 423 autem
1062 391 1209 422 effectum
1237 391 1331 422 infert

258 451 326 472 esse
349 439 496 471 effectum
519 439 640 480 primae
663 448 775 470 causae
799 437 977 472 efficientis,
999 443 1035 467 ut
1058 442 1159 477 patet:
1183 436 1266 472 ideo,
1292 436 1330 466 de

258 485 364 526 primo
388 484 427 515 ad
453 484 623 520 ultimum,
657 493 724 513 esse
757 481 976 522 compositum
1006 486 1054 511 est
1085 490 1152 511 esse
1183 479 1330 511 effectum

259 529 354 570 primi
367 528 540 560 efficientia
557 528 598 558 Et
610 533 786 568 propterea,
803 526 866 557 hoc
882 535 941 566 pro
958 524 1115 556 constanti
1132 534 1329 565 supponens,

259 573 339 605 ratio
369 573 490 604 litterae
515 571 637 612 optime
666 570 795 602 deducit
818 569 1095 611 consequentiam:
1119 570 1148 600 si
1170 569 1261 600 Deus
1284 574 1331 600 est

204 658 208 661 q
254 619 365 659 prima
389 626 488 648 causa
508 616 663 660 efficiens,
682 625 745 646 non
771 620 818 646 est
824 614 942 656 forma
958 619 1017 645 aut
1039 614 1176 645 materia
1192 614 1331 644 alicuius

260 662 442 703 compositi:
465 660 620 702 quoniam
644 666 725 690 esset
748 658 852 690 forma
875 658 925 689 vel
956 658 1086 689 materia
1110 657 1160 688 sui
1183 657 1329 693 effectus5

259 705 350 748 quod
373 711 420 736 est
441 704 655 745 impossibile,
675 704 756 747 ''quia
780 713 876 744 agens
899 713 966 733 non
990 702 1148 739 coincidit,
1167 709 1224 733 etc.

297 750 352 781 .V.
372 749 522 780 Secunda
546 749 641 780 ratio.
664 747 752 779 Deus
776 754 823 778 est
845 757 902 788 per
925 757 958 778 se
986 747 1091 787 primo
1116 755 1229 787 agens:
1255 756 1330 787 ergo

259 804 326 824 non
339 799 386 824 est
397 803 469 834 pars
484 792 629 824 alicuius.
643 811 663 815 —
675 792 832 823 Probatur
843 792 1080 833 consequentia.
1097 791 1231 822 Nullum
1244 801 1331 821 com-

258 848 383 879 ponens
406 844 453 868 est
475 847 532 878 per
555 847 587 868 se
611 837 716 877 primo
740 845 852 877 agens:
878 846 952 876 ergo
977 836 1012 872 si,
1031 836 1091 867 etc.¹

1441 303 1578 333 Adverte
1600 302 1651 333 hic
1675 302 1764 343 quod
1786 302 1887 333 littera
1919 303 1995 333 haec
2019 310 2108 334 caute
2129 303 2371 344 *interpretanda
2395 312 2451 336 est.

1385 347 1460 377 Non
1485 346 1570 377 enim
1594 345 1729 377 affirmat
1745 347 1963 386 compositum
1986 357 2042 387 per
2065 357 2098 377 se
2117 347 2221 387 primo
2246 357 2346 387 agere,
2363 350 2451 389 quod

1385 391 1540 432 superius,
1558 391 1592 421 in
1608 390 1740 422 articulo
1767 401 1795 427 2,
1812 397 1962 431 negatum
1979 397 2039 421 est:
2065 392 2119 421 sed
2135 391 2269 422 affirmat
2290 402 2452 432 compara-

1384 436 1492 472 tivam,
1509 435 1598 476 quod
1622 444 1712 477 agere
1728 445 1784 475 per
1807 445 1840 465 se
1859 435 1962 475 primo
1986 435 2086 475 magis
2102 435 2249 466 convenit
2272 437 2451 476 composito

1385 490 1484 521 quam
1508 479 1731 520 componenti,
1756 478 1832 520 quia
1853 478 1934 509 illud
1962 486 2007 510 est
2030 480 2114 520 quod
2136 480 2208 520 agit,
2228 480 2290 510 hoc
2308 490 2383 510 vero
2407 488 2452 512 est

1385 534 1457 565 quo,
1483 523 1570 555 Cum
1592 524 1655 554 hoc
1678 530 1786 554 tamen
1810 529 1870 554 stat
1888 523 1987 564 quod,
2007 524 2160 560 absolute,
2181 534 2238 555 nec
2255 534 2452 565 componens

1386 579 1443 599 nec
1467 567 1684 608 compositum
1707 574 1812 608 potest
1828 577 1895 598 esse
1918 577 1974 608 per
1997 577 2029 598 se
2053 568 2157 607 primo
2182 578 2286 608 agens,
2306 576 2342 599 ut
2365 579 2452 609 prae—

1386 613 1507 643 dictum
1530 619 1587 643 est.

1439 657 1492 688 VI.
1520 657 1628 687 Tertia
1653 658 1737 687 ratio
1761 663 1822 687 est:
1848 656 1935 686 Deus
1959 663 2005 686 est
2028 656 2168 696 primum
2193 666 2263 687 ens:
2289 667 2362 697 ergo
2386 667 2452 688 non

1386 707 1491 742 potest
1515 711 1581 732 esse
1605 711 1692 742 pars,
1717 700 1813 732 etiarn
1837 700 1949 741 prima,
1972 706 2050 740 puta
2074 700 2204 731 materia
2227 707 2281 731 aut
2304 701 2416 732 forma.
2434 719 2453 724 -

1386 746 1542 777 Probatur
1561 745 1799 786 consequentia:
1825 745 1933 785 quoad
1957 744 2122 775 materiam
2144 744 2284 785 quidem,
2302 745 2376 786 quia
2397 755 2453 786 po-

1386 790 1483 821 tentia
1507 797 1553 821 est
1575 789 1732 832 posterior
1755 795 1845 825 actu3
1870 789 1978 830 quoad
2002 788 2139 819 formam
2161 799 2246 825 vero,
2271 789 2346 830 quia
2368 796 2454 820 actus

1386 834 1592 875 participatus
1616 840 1663 865 est
1686 833 1842 874 posterior
1865 839 1935 864 actu
1960 843 2016 873 per
2039 833 2215 869 essentiam,
2234 840 2291 864 etc.

413 3662 523 3685 Summas
543 3660 644 3684 Timor.
665 3659 700 3683 D.
713 3658 827 3682 Tuomst:
847 3659 879 3682 T.
898 3659 916 3682 1.
