2768 4178
244 1286 260 1293 -›
307 1280 341 1298 A

987 229 1256 275 QUAESTIO
1286 229 1373 276 vn,
1403 230 1701 267 ARTICULUS
1733 232 1783 267 1v

2432 244 2483 280 79

288 305 368 336 meri
391 306 550 337 acceditur
568 308 608 338 ad
624 307 779 338 formam:
804 317 879 348 ergo
903 317 1047 338 accessus
1068 308 1108 337 ad
1132 307 1270 338 formam
1293 318 1360 338 non
1385 309 1389 336 Ι
1414 308 1554 348 partium
1577 309 1736 340 continui:
1761 320 1796 340 ac
1816 320 1871 350 per
1886 311 1958 346 hoc,
1983 311 2147 342 manifeste
2171 311 2336 347 acceditur,
2355 321 2421 341 non
2442 312 2482 342 ad

287 349 435 389 prohibet
458 359 668 391 augmentum
690 351 724 382 in
747 351 918 382 infinitum.
943 351 1029 392 Ergo
1045 351 1128 382 male
1144 351 1177 382 in
1196 352 1297 382 littera
1313 352 1359 382 di-

289 392 368 424 citur
392 395 482 435 quod
504 395 577 426 ideo
602 395 791 437 magnitudo
814 405 881 426 non
899 402 1032 436 augetur
1045 396 1079 427 in
1095 395 1267 432 infinitum,
1284 396 1360 437 quia

287 437 408 469 accedit
430 439 470 469 ad
493 446 600 471 totum
624 446 655 471 et
677 439 826 471 formam.

342 483 426 514 XXl.
446 484 498 514 Ad
512 484 575 515 hoc
594 484 709 515 dicitur.
731 484 830 525 quod,
855 493 930 515 cum
949 493 1102 514 numerus
1118 484 1359 524 augmentabilis

286 526 320 556 in
343 526 505 559 infinitum
528 538 594 559 non
614 528 653 559 sit
668 528 802 569 quilibet
820 538 982 565 numeruS,
1008 529 1063 559 sed
1086 538 1239 560 numerus
1260 529 1358 560 conti—

45 569 56 579 '
70 567 127 596 Cap.
138 574 179 597 vn,
194 575 217 591 ¹¹-
228 576 249 592 ²·
287 581 438 608 nuorum,
454 579 490 604 ut
504 579 590 613 patet
605 572 646 603 111
660 573 802 614 Physic„
814 579 887 604 text.
901 572 942 603 68
954 572 981 609 *‚
998 573 1215 613 augmentatio
1232 574 1357 604 numeri

287 625 353 646 non
377 616 495 647 accedit
525 617 565 647 ad
593 626 765 647 numerum
796 617 997 658 simpliciter,
1023 618 1078 648 sed
1101 618 1216 655 talem,
1242 617 1359 648 scilicet

1414 359 1538 389 totum,
1563 353 1619 384 sed
1642 354 1682 383 ad
1704 360 1843 394 partem;
1873 355 1952 386 sicut
1976 363 2006 386 et
2029 356 2141 386 divisio
2173 355 2333 391 continui,
2359 366 2396 386 ex
2419 365 2482 396 qua

1415 403 1568 428 causatur.
1593 398 1820 438 Augmentatio
1838 406 1944 429 autem
1961 399 2103 430 continui
2123 401 2163 430 ad
2179 406 2285 430 totum
2300 399 2483 440 simpliciter

1414 441 1542 472 accedit.
1560 459 1580 464 —
1595 442 1746 482 Neganda
1762 449 1809 473 est
1825 452 1898 482 ergo
1915 443 2015 483 prima
2030 444 2256 485 consequentia
2272 443 2374 474 Scoti:
2400 453 2482 484 quo-

1414 485 1500 516 niam
1514 496 1532 516 a
1546 496 1682 517 numero
1699 486 1739 517 ad
1755 497 1927 517 numerum
1938 489 2045 525 talem,
2058 488 2138 519 idest
2151 487 2354 523 materialem,
2368 487 2481 527 arguit.

1414 530 1512 567 Quod
1543 540 1609 561 non
1639 530 1711 562 licet
1742 531 1774 561 in
1798 531 1981 572 proposito:
2006 532 2080 572 quia
2103 533 2135 572 ly
2160 532 2337 563 materialis
2366 531 2483 561 minuit

1413 574 1568 605 rationem
1591 575 1715 605 numeri
1739 575 1847 616 quoad
1871 574 2106 612 formalitatem,
2132 577 2207 617 quia
2230 576 2316 606 addit
2338 575 2482 606 materia-

1411 618 1532 649 litatem
1556 618 1687 655 formae,
1712 626 1743 650 et
1766 619 1932 660 permiscet
1955 626 2061 650 actum
2084 620 2256 661 potentiae,
2282 627 2317 651 ut
2340 626 2434 660 patet.

1073 787 1392 830 ARTICULUS
1423 789 1698 840 QUARTUS

598 888 756 919 UTRUM
778 888 927 920 possm
952 888 1053 919 Essa
1077 888 1307 920 INFINITUM
1331 889 1374 920 1N
1398 889 1535 921 REBUS
1559 889 1798 921 SECUNDUM
1821 890 2161 922 MULTITUDINEM

744 976 764 1001 Il
785 976 867 1006 Sent„
888 977 947 1002 dist.
961 984 978 1006 ι.
998 984 1043 1009 qq.
1058 984 1075 1007 1,
1095 981 1142 1002 art.
1165 975 1187 1007 5,
1208 976 1240 1001 ad
1263 984 1292 1006 17
1313 984 1386 1010 sqq.;
1406 976 1448 1002 De
1466 977 1555 1006 Ver-it„
1576 985 1619 1010 qu.
1639 985 1666 1006 11,
1685 982 1731 1002 art.
1749 985 1792 1009 [ος
1815 978 1911 1008 Quodl.
1931 978 1979 1007 lx.
1999 983 2045 1003 art.
2064 986 2088 1010 1;

1087 1011 1140 1042 xn,
1161 1020 1205 1045 qu.
1220 1019 1250 1043 ιι,
1269 1012 1301 1037 ad
1323 1019 1351 1042 ας
1371 1012 1402 1036 111
1421 1012 1537 1046 Physic„
1558 1013 1616 1038 lect.
1634 1021 1678 1038 xri.

338 1119 380 1143 κε
400 1119 473 1151 ως(
498 1115 520 1140 1)
541 1113 715 1145 QUARTUM
733 1113 787 1138 sxc
807 1113 1048 1139 Paocemrun.
1072 1101 1232 1139 Videtur
1251 1101 1357 1149 quod

313 1145 474 1216 ἧιυῗξ
498 1155 678 1205 possibile
717 1154 763 1192 sit
795 1167 877 1192 esse
914 1154 1197 1192 multitudinem
1234 1153 1358 1191 infini-

302 1209 424 1288 ᾖξ’,
440 1198 577 1259 >tam
594 1215 612 1230 ἰ
641 1208 854 1245 secundum
883 1214 1023 1244 actum.
1054 1208 1147 1245 Non
1176 1207 1279 1244 enim
1303 1214 1359 1243 est

360 1256 736 1312 *fflimpossibile
763 1261 801 1298 id
829 1260 937 1309 quod
966 1268 1021 1298 est
1048 1260 1087 1298 in
1111 1260 1282 1310 potentia
1300 1272 1357 1297 re-

286 1316 374 1356 duci
408 1316 458 1354 ad
490 1323 630 1354 actum.
659 1310 748 1352 'Sed
780 1325 974 1351 numerus·
998 1321 1054 1351 est
1090 1314 1129 1352 in
1165 1313 1356 1351 infinitum

285 1369 590 1419 multiplicabilis.
609 1368 714 1416 Ergo
733 1379 813 1405 non
834 1374 891 1404 est
909 1366 1142 1417 impossibile
1164 1379 1247 1404 esse
1261 1366 1357 1404 mul·

284 1423 486 1462 titudinem
506 1420 524 1451 Ρ
551 1421 740 1459 infinitam
769 1421 807 1458 in
836 1428 935 1458 actu.

339 1487 375 1514 2.
405 1476 648 1523 PRAETEREA,
679 1474 880 1511 cuiuslibet
915 1474 1055 1524 speciei
1088 1473 1270 1523 possibile
1303 1481 1358 1511 est

284 1537 368 1568 esse
397 1528 552 1579 aliquod
581 1527 825 1566 individuum
845 1528 883 1565 in
903 1535 1001 1565 actu.
1033 1527 1111 1565 Sed
1140 1527 1286 1577 species
1314 1527 1359 1564 fi-

270 1595 400 1633 sgurae
428 1589 517 1620 sunt
543 1581 725 1620 infinitae.
755 1581 861 1630 Ergo.
887 1581 1068 1632 possibile
1095 1588 1150 1618 est
1170 1593 1252 1618 esse
1272 1580 1357 1618 infi-

283 1634 381 1677 nitas
407 1635 550 1684 figuras
577 1634 616 1673 in
645 1642 743 1673 actu.
1083 1666 1085 1668 ,

339 1690 374 1728 3.
391 1690 626 1736 PRAETEREA,
643 1701 690 1726 ea
708 1701 807 1738 quae
827 1700 907 1726 non
926 1695 1176 1738 opponuntur
1194 1687 1244 1725 ad
1262 1687 1356 1724 invi-

283 1754 382 1791 cem,
399 1754 479 1780 non
497 1742 713 1792 impediunt
727 1754 768 1779 se
784 1742 963 1781 invicem.
986 1741 1076 1790 Sed,
1091 1741 1216 1790 posita
1231 1740 1357 1789 aliqua

282 1796 522 1834 multitudine
541 1807 683 1844 rerum,
700 1795 827 1833 adhuc
845 1802 1006 1846 possunt
1024 1795 1132 1832 fieri⁷
1148 1794 1220 1832 alia
1238 1795 1358 1831 multa

282 1862 382 1900 quae
411 1849 466 1887 eis
493 1862 574 1888 non
598 1857 867 1899 opponuntur:
899 1860 989 1897 ergo
1009 1861 1088 1886 non
1109 1857 1164 1886 est
1182 1847 1356 1898 impossi-

281 1902 358 1942 bile
378 1903 506 1953 aliqua
525 1901 539 1925 ⁸
568 1904 706 1940 iterum
735 1902 849 1940 simul
878 1914 963 1940 esse
991 1914 1080 1939 cum
1100 1902 1166 1950 eis,
1188 1909 1224 1938 et
1243 1901 1296 1938 sic
1315 1900 1354 1938 in

283 1957 490 1995 infinitum.
521 1958 624 2005 Ergo
653 1956 834 2005 possibile
855 1964 911 1993 est
931 1967 1014 1992 esse
1034 1955 1181 1993 infinita
1199 1955 1238 1992 in
1257 1962 1354 1992 actu.

337 2011 413 2048 SED
442 2021 589 2048 CONTRA
617 2021 683 2047 EST
712 2009 819 2058 quod
848 2009 984 2047 dicitur
1002 2010 1090 2058 Sap.
1111 2008 1197 2046 x1*:
1227 2008 1355 2046 omnia

283 2065 321 2102 in
343 2064 526 2114 pondere,
557 2074 717 2101 numero
745 2069 783 2100 et
807 2074 988 2100 mensura
1016 2062 1238 2111 disposuisti.

337 2117 564 2156 Responnao
593 2128 781 2154 DICENDUM
818 2116 924 2166 quod
953 2115 1052 2153 circa
1078 2116 1154 2153 hoc
1191 2114 1260 2152 fuit
1288 2114 1356 2152 du-

282 2170 370 2220 plex
398 2170 542 2220 opinio.
573 2169 741 2217 Quidam
771 2170 888 2218 enim,
909 2169 1030 2207 sicut‘
1054 2168 1254 2206 Avicenna
1272 2167 1292 2189 *
1321 2174 1357 2204 et

159 2267 169 2272 „
188 2235 228 2278 ,ξ
281 2225 437 2272 Algazel
451 2223 484 2273 *,
506 2224 681 2262 dixerunt
700 2223 807 2271 quod
826 2222 1062 2272 impossibile
1082 2229 1139 2260 est
1158 2234 1241 2259 esse
1260 2221 1356 2258 mul-

55 2281 61 2295 ¹
103 2289 107 2297 ’
146 2293 151 2301 ’
281 2277 483 2316 titudinem
520 2285 606 2315 actu
643 2276 832 2314 infinitam
868 2289 938 2326 per
965 2289 1028 2314 se:
1066 2275 1135 2313 sed
1167 2274 1355 2312 infinitam

281 2341 352 2381 per
379 2331 556 2369 accidens
583 2330 868 2368 multitudinem
897 2343 993 2377 esse,
1022 2341 1102 2367 non
1131 2336 1187 2366 est
1214 2329 1356 2378 impos-

282 2385 401 2426 sibile.
430 2384 578 2423 Dicitur
598 2383 701 2422 enim
722 2383 924 2421 multitudo
945 2396 1027 2421 esse
1048 2382 1194 2420 infinita
1213 2380 1354 2431 perse,

282 2439 438 2488 quando
458 2437 662 2488 requiritur
685 2437 735 2476 ad
754 2437 897 2486 aliquid
916 2445 957 2474 ut
976 2435 1179 2474 multitudo
1209 2435 1356 2473 infinita

283 2492 330 2530 sit
349 2491 374 2529 ζ.
405 2493 454 2530 Et
481 2492 557 2530 hoc
585 2499 642 2529 est
666 2491 903 2541 impossibile
924 2503 1028 2528 esse:
1059 2490 1150 2538 quia
1170 2489 1223 2526 sic
1243 2501 1357 2538 opor-

282 2552 377 2583 teret
403 2546 510 2594 quod
538 2545 680 2594 aliquid
708 2544 944 2594 dependeret
972 2556 1017 2581 ex
1045 2543 1218 2589 infinitis:
1253 2542 1356 2579 unde

283 2598 367 2636 eius
384 2604 399 2622 '¹
427 2599 620 2647 generatio
649 2610 848 2648 nunquam
878 2598 1143 2648 compleretur,
1166 2608 1253 2634 cum
1278 2608 1357 2633 non

284 2652 330 2690 sit
357 2651 504 2690 infinita
531 2651 770 2701 pertransire.
800 2652 875 2688 Per
901 2651 1082 2689 accidens
1098 2657 1236 2688 autem
1267 2649 1356 2687 dici-

283 2712 345 2743 tur
371 2705 574 2743 multitudo
599 2705 757 2752 infinita,
787 2705 943 2754 quando
973 2717 1053 2743 non
1082 2703 1284 2754 requiritur
1307 2703 1357 2740 ad

284 2758 425 2808 aliquid
453 2758 619 2796 infinitas
637 2758 888 2796 multitudinis
901 2756 925 2806 ⁹,
947 2758 1016 2796 sed
1035 2757 1172 2795 accidit
1189 2757 1240 2794 ita
1259 2769 1354 2794 esse.

284 2813 335 2850 Et
361 2813 436 2850 hoc
456 2811 509 2850 sic
533 2812 766 2850 manifestari
784 2819 911 2862 potest
937 2812 975 2849 in
1004 2811 1228 2862 operatione
1248 2809 1355 2858 fabri,

285 2865 334 2904 ad
362 2877 482 2916 quam
509 2866 703 2915 quaedam
731 2865 935 2904 multitudo
966 2865 1169 2914 requiritur
1195 2875 1355 2913 perse,

284 2918 425 2965 scilicet
453 2919 559 2968 quod
583 2919 630 2957 sit
648 2932 709 2957 ars
737 2919 776 2957 in
805 2919 945 2966 anima,
967 2926 1004 2956 et
1022 2931 1160 2956 manus
1180 2929 1356 2964 movens,

285 2980 323 3010 et
349 2973 555 3010 martellus.
590 2974 640 3010 Et
664 2973 695 3011 si
722 2973 819 3010 haec
845 2972 885 3010 in
913 2972 1105 3010 infinitum
1134 2970 1357 3020 multiplica-

285 3033 426 3074 rentur,
446 3038 647 3076 nunquam
676 3039 774 3076 opus
802 3026 934 3064 fabrile
963 3026 1238 3075 compleretur:
1268 3023 1358 3074 quia

287 3079 522 3128 dependeret
540 3092 586 3117 ex
605 3080 760 3118 infinitis
781 3079 915 3117 causis.
937 3079 1015 3117 Sed
1035 3078 1238 3117 multitudo
1257 3090 1358 3115 mar-

285 3133 464 3170 tellorum
483 3145 583 3182 quae
612 3133 747 3172 accidit
775 3146 821 3171 ex
849 3133 925 3171 hoe
952 3133 1058 3183 quod
1080 3144 1202 3170 unum
1221 3130 1358 3180 frangi—

286 3193 347 3223 tur
366 3193 404 3222 et
422 3185 603 3236 accipitur
616 3194 624 3208 ⁸
644 3187 758 3236 aliud,
779 3194 835 3224 est
854 3185 1055 3224 multitudo
1074 3198 1145 3235 per
1163 3185 1356 3223 accidens:

342 3328 369 3361 α)
389 3334 444 3388 ἶεεε
467 3327 664 3354 multitudinem
687 3329 831 3364 infinitam.
849 3342 868 3347 -
885 3335 941 3354 esse
965 3328 1050 3353 multa
1075 3327 1181 3360 infinita
1205 3327 1307 3352 codices
1333 3332 1358 3352 et

289 3364 347 3389 edd.
365 3371 384 3388 a
411 3381 418 3388 .

342 3398 368 3432 β)
388 3398 594 3424 multitudinem.
613 3412 632 3418 -
649 3399 897 3433 multiplicationem
916 3400 946 3424 Β.

342 3435 369 3469 γ)
382 3435 456 3468 fieri.
474 3448 494 3454 -
510 3434 580 3460 sumi
597 3434 708 3461 codices.

341 3470 367 3504 δ)
386 3470 487 3503 aliqua.
504 3483 523 3488 -
540 3469 596 3494 alia
613 3469 760 3496 ACDEFG.

343 3506 365 3538 ε)
384 3506 462 3531 stcut.
480 3519 499 3524 -
516 3504 662 3530 secundum
681 3505 712 3536 D,
731 3506 831 3532 scilicet
848 3506 934 3532 ceteri.

341 3541 369 3574 ζ)
388 3542 426 3566 ad
449 3540 589 3574 aliquid...
601 3540 645 3565 sit.
662 3555 682 3559 -
698 3541 736 3566 ad
753 3541 857 3574 aliquid
875 3542 947 3574 quod
965 3539 1019 3574 (ad
1037 3541 1086 3567 hoc
1110 3540 1183 3573 quod
1200 3540 1235 3572 D,
1255 3540 1292 3565 ad
1311 3540 1360 3565 hoc

290 3577 362 3610 quod
379 3577 483 3610 aliquid
501 3576 533 3608 B)
552 3576 588 3601 sit
605 3576 749 3602 multitudo
772 3577 876 3610 infinita
894 3577 1032 3603 ABCDFG
1051 3582 1077 3602 et
1096 3577 1136 3602 ed.
1155 3584 1180 3602 α.
1201 3577 1221 3600 Ε
1240 3584 1293 3601 orn.
1307 3582 1360 3608 per

289 3620 318 3638 se
335 3613 444 3646 quando
494 3612 538 3638 sit.

1413 1101 1547 1139 accidit
1575 1102 1676 1140 enim
1715 1103 1821 1151 quod
1848 1103 1976 1140 multis
2011 1103 2190 1141 martellis
2219 1112 2415 1154 operetur;
2446 1111 2483 1141 et

1412 1154 1504 1192 nihil
1533 1155 1664 1192 differt*
1685 1163 1812 1193 utrum
1840 1169 1920 1193 uno
1948 1157 2011 1194 vel
2040 1158 2192 1194 duobus
2219 1159 2282 1194 vel
2310 1156 2481 1206 pluribus

1414 1215 1603 1257 operetur,
1622 1210 1685 1245 vel
1705 1215 1718 1230 ¹
1747 1209 1917 1256 infinitis,
1948 1209 1978 1246 si
2007 1209 2156 1247 infinito
2185 1218 2359 1259 tempore
2388 1223 2481 1260 ope-

1413 1269 1568 1298 raretur.
1598 1262 1672 1298 Per
1698 1263 1800 1299 hunc
1823 1262 1934 1310 igitur
1952 1262 2127 1311 modum,
2148 1271 2358 1312 posuerunt
2377 1264 2481 1313 quod

1411 1314 1593 1363 possibile
1613 1322 1670 1352 est
1689 1327 1770 1352 esse
1791 1322 1877 1352 actu
1897 1315 2178 1354 multitudinem
2198 1316 2385 1354 infinitam
2413 1330 2482 1366 per

1413 1367 1602 1405 accidens.

1471 1421 1550 1458 Sed
1568 1422 1644 1458 hoc
1664 1429 1719 1458 est
1737 1421 1985 1470 impossibile.
2016 1421 2117 1468 Quia
2137 1433 2295 1459 omnem
2315 1423 2480 1460 multitu-

1413 1474 1542 1512 dinem
1570 1482 1721 1523 oportet
1751 1486 1832 1511 esse
1861 1475 1900 1511 in
1929 1474 2056 1523 aliqua
2075 1475 2201 1524 specie
2221 1476 2480 1513 multitudinis.

1413 1527 1569 1577 Species
1598 1535 1727 1564 autem
1762 1527 2012 1565 multitudinis
2041 1535 2128 1565 sunt
2156 1529 2367 1566 secundum
2397 1542 2481 1579 spe-

1413 1581 1489 1619 cies
1509 1593 1773 1619 numerorum.
1804 1581 1919 1618 Nulla
1943 1589 2071 1618 autem
2092 1582 2237 1631 species
2257 1583 2406 1620 numeri
2428 1590 2483 1620 est

1411 1634 1574 1672 infinita:
1595 1634 1685 1684 quia
1703 1634 1860 1684 quilibet
1879 1647 2063 1672 numerus
2083 1643 2139 1672 est
2154 1635 2355 1673 multitudo
2376 1648 2481 1673 men-

1412 1696 1539 1725 surata
1557 1701 1627 1737 per
1644 1700 1780 1726 unum.
1810 1688 1921 1726 Unde
1950 1688 2182 1737 impossibile
2208 1697 2264 1726 est
2284 1702 2366 1726 esse
2385 1690 2481 1726 mul-

1412 1741 1614 1779 titudinem
1652 1741 1840 1779 infinitam
1870 1749 1977 1790 actu,
2007 1742 2088 1779 sive
2116 1754 2186 1791 per
2213 1755 2274 1790 se,
2306 1743 2385 1780 sive
2413 1755 2482 1792 per

1413 1795 1600 1833 accidens.
1631 1817 1654 1823 —
1686 1797 1801 1843 Item,
1839 1795 2041 1833 multitudo
2065 1793 2078 1816 λ
2107 1796 2144 1832 in
2182 1808 2310 1833 rerum
2347 1804 2482 1833 natura

1413 1848 1574 1886 existens
1599 1856 1654 1886 est
1683 1855 1827 1886 creata:
1859 1857 1895 1886 et
1924 1861 2041 1886 omne
2070 1857 2239 1886 creatum
2265 1849 2335 1886 sub
2356 1849 2481 1898 aliqua

1412 1909 1513 1939 certa
1553 1901 1761 1939 intentione
1800 1902 1958 1940 creantis
1997 1902 2358 1952 comprehenditur:
2401 1915 2479 1940 non

1413 1955 1515 1993 enim
1544 1955 1583 1992 in
1610 1967 1758 1993 vanum
1796 1967 1913 2003 agens
1950 1955 2107 2004 aliquod
2140 1963 2329 2004 operatur.
2369 1956 2479 1994 Unde
2527 1981 2529 1983 »

1412 2021 1569 2046 necesse
1598 2016 1655 2046 est
1673 2008 1778 2057 quod
1802 2009 1874 2046 sub
1895 2016 1999 2046 certo
2019 2021 2184 2046 numero
2204 2009 2335 2046 omnia
2355 2017 2479 2046 creata

1413 2062 1797 2111 comprehendantur.
1828 2062 2068 2111 Impossibile
2093 2070 2149 2099 est
2169 2075 2259 2110 ergo
2280 2075 2362 2099 esse
2382 2063 2478 2099 mul—

1411 2115 1612 2153 titudinem
1640 2115 1828 2152 infinitam
1856 2115 1894 2152 in
1922 2123 2020 2162 actu,
2051 2115 2165 2152 etiam
2193 2127 2262 2165 per
2289 2115 2477 2153 accidens.

1467 2169 1545 2206 Sed
1583 2181 1664 2206 esse
1693 2168 1976 2206 multitudinem
2008 2168 2196 2206 infinitam
2224 2168 2263 2205 in
2290 2169 2478 2218 potentia,

1411 2222 1592 2271 possibile
1617 2229 1684 2259 est.
1715 2221 1817 2268 Quia
1845 2229 2094 2270 augmentum
2114 2221 2362 2259 multitudinis
2391 2235 2480 2260 con-

1412 2275 1583 2324 sequitur
1621 2274 1850 2312 divisionem
1884 2275 2173 2323 magnitudinis:
2203 2283 2346 2324 quanto
2376 2276 2478 2313 enim

1412 2329 1552 2378 aliquid
1581 2329 1667 2378 plus
1696 2328 1887 2376 dividitur,
1917 2336 2021 2366 tanto
2049 2329 2158 2377 plura
2178 2329 2391 2366 secundum
2411 2341 2480 2366 nu-

1412 2395 1563 2420 merum
1593 2383 1784 2420 resultant.
1815 2381 1938 2430 Unde,
1960 2382 2055 2419 sicut
2074 2382 2265 2419 infinitum
2290 2382 2481 2419 invenitur

1410 2437 1449 2474 in
1477 2435 1646 2486 potentia
1666 2436 1704 2473 in
1724 2435 1911 2473 divisione
1940 2435 2120 2483 continui,
2150 2435 2238 2484 quia
2261 2435 2480 2484 proceditur

1412 2490 1461 2527 ad
1492 2489 1713 2537 materiam,
1747 2497 1789 2526 ut
1816 2501 1931 2537 supra
1954 2489 1974 2511 ’¹‘
2002 2496 2198 2526 ostensum
2232 2496 2307 2535 est;
2343 2488 2478 2526 eadem

1411 2543 1556 2580 ratione
1586 2542 1701 2579 etiam
1720 2548 1739 2569 Ι·
1769 2542 1957 2578 infinitum
1983 2541 2173 2579 invenitur
2193 2541 2231 2578 in
2250 2542 2419 2590 potentia
2438 2542 2477 2579 in

1411 2596 1605 2634 additione
1634 2595 1895 2632 multitudinis.

1464 2652 1523 2687 AD
1544 2661 1682 2686 ramum
1701 2659 1799 2685 ERGO
1824 2660 2008 2685 DICENDUM
2037 2648 2143 2696 quod
2170 2648 2476 2697 unumquodque

1411 2703 1517 2752 quod
1546 2710 1602 2740 est
1629 2702 1668 2738 in
1696 2701 1876 2750 potentia,
1902 2701 2093 2738 reducitur
2121 2701 2160 2738 in
2188 2709 2316 2738 actum
2344 2714 2478 2739 secun-

1412 2757 1503 2794 dum
1531 2756 1691 2793 modum
1722 2755 1781 2792 sui
1809 2767 1913 2792 esse:
1945 2754 2024 2792 dies
2054 2754 2156 2792 enim
2185 2767 2264 2792 non
2287 2754 2478 2792 reducitur

1411 2810 1450 2847 in
1478 2817 1607 2846 actum
1635 2816 1676 2845 ut
1694 2814 1705 2827 ⁸
1734 2808 1779 2844 sit
1806 2815 1885 2845 tota
1914 2807 2041 2855 simul,
2071 2808 2140 2845 sed
2168 2808 2393 2845 successive.
2430 2809 2479 2845 Et

1411 2862 1580 2899 similiter
1606 2861 1796 2898 infinitum
1834 2861 2086 2899 multitudinis
2114 2873 2192 2898 non
2222 2861 2413 2898 reducitur
2441 2861 2478 2898 in

1411 2923 1539 2953 actum
1566 2923 1609 2952 ut
1636 2915 1683 2952 sit
1710 2922 1833 2952 totum
1863 2914 1997 2963 simul,
2027 2915 2095 2952 sed
2123 2914 2354 2952 successive:
2389 2914 2478 2963 quia

1410 2977 1497 3018 post
1525 2968 1736 3018 quamlibet
1753 2965 1768 2991 ε
1794 2968 2092 3016 multitudinem,
2121 2974 2247 3016 potest
2279 2967 2378 3004 sumi
2406 2967 2477 3004 alia

1412 3022 1614 3060 multitudo
1642 3021 1681 3058 in
1708 3021 1912 3059 infinitum.

1465 3078 1524 3113 AD
1544 3086 1734 3112 SECUNDUM
1753 3087 1938 3112 memnoni
1966 3075 2071 3124 quod
2095 3074 2239 3124 species
2268 3074 2476 3121 figurarum

1411 3131 1554 3168 habent
1572 3128 1797 3166 infinitatem
1817 3141 1863 3165 ex
1882 3128 2066 3165 infinitate
2085 3127 2252 3165 numeri:
2273 3133 2360 3163 sunt
2374 3126 2476 3163 enim

1413 3183 1558 3233 species
1590 3182 1811 3230 figurarum,
1832 3181 2039 3219 trilaterum
2058 3187 2081 3228 ⁰,
2113 3180 2420 3230 quadrilaterum,
2442 3186 2478 3216 et

1466 3330 1492 3359 ῃ)
1512 3326 1576 3350 eius.
1595 3339 1613 3343 —
1631 3326 1693 3350 talis
1711 3325 1855 3349 ABCDEF.

1466 3360 1491 3394 θ)
1511 3361 1630 3394 infinitas
1647 3360 1836 3386 multitudiuis.
1852 3374 1872 3379 —
1889 3366 1945 3385 esse
1964 3358 2081 3392 infinitas
2100 3357 2283 3383 multitudines
2302 3358 2331 3382 B.

1467 3397 1485 3429 ι)
1503 3396 1642 3428 accipitur.
1660 3409 1679 3415 -
1696 3395 1795 3428 accipit
1811 3395 1937 3420 ACDEG.

1466 3433 1492 3465 κ)
1512 3432 1560 3456 vel.
1578 3445 1597 3450 -
1614 3431 1656 3456 vel
1673 3431 1754 3456 etiam
1772 3431 1849 3456 BFG.

1465 3467 1494 3499 λ)
1513 3467 1665 3492 multitudo.
1682 3480 1702 3486 —
1719 3466 1806 3491 omnis
1823 3466 1968 3491 multitudo
1986 3466 2086 3490 codices
2105 3469 2131 3489 et
2149 3465 2207 3490 edd.
2227 3464 2278 3489 ab.

1468 3504 1496 3537 μ)
1515 3503 1605 3528 etiam.
1622 3516 1641 3522 -
1659 3505 1686 3527 et
1703 3502 1850 3527 codices-et
1867 3502 1925 3526 edd.
1945 3501 1992 3526 ab.

1468 3539 1491 3571 ν)
1513 3542 1549 3563 ut.
1567 3551 1586 3557 —
1603 3537 1675 3570 quod
1694 3537 1805 3562 codices.

1470 3573 1493 3605 ξ)
1513 3573 1665 3606 quamlibet.
1683 3586 1702 3592 —
1720 3573 1855 3606 quandam
1875 3571 1976 3597 codices
1996 3577 2021 3596 et
2039 3571 2098 3596 edd.
2117 3571 2168 3596 ab.

1471 3611 1495 3642 o)
1517 3610 1678 3634 trilaterum.
1696 3622 1714 3628 -
1733 3612 1762 3633 ut
1781 3609 1931 3633 trilaterum
1952 3607 2013 3632 Pab.

2506 2498 2514 2505 ·
2536 2497 2587 2518 Art.
2603 2496 2716 2524 praeced..

2505 2523 2534 2544 ad
2548 2529 2569 2551 3.

2601 2560 2619 2585 μ
