2768 4178
285 240 359 286 348
950 239 1218 286 QUAESTIO
1248 241 1393 287 XXXI,
1422 240 1720 278 ARTICULUS
1750 241 1802 278 IV

335 320 503 351 Distinctio
528 326 582 350 est.
613 320 661 360 Ly
683 320 772 350 solus
796 319 981 360 dupliciter:
1007 321 1292 361 categorematice,
1319 327 1349 352 et

280 365 323 395 sic
339 371 386 395 est
401 364 487 400 falsa,
505 364 579 404 quia
594 363 686 404 ponit
701 364 827 394 Patrem
845 364 1040 400 solitarium;
1064 370 1348 405 syncategorema-

279 410 351 446 tice,
377 415 407 439 et
425 415 501 439 tunc
525 407 700 448 dupliciter.
726 408 785 438 Vel
809 408 946 439 excludit
969 418 989 438 a
1004 407 1121 448 forma
1144 409 1295 439 subiecti:
1318 415 1349 439 et

279 453 323 483 sic
341 463 413 483 vera
433 459 463 483 et
481 451 673 492 impropria;
697 461 770 482 vera
794 452 936 493 quidem,
954 451 1140 482 auctoritate
1159 452 1346 492 Augustini;

278 496 452 537 impropria
471 502 588 532 autem,
605 496 680 536 quia
696 505 763 526 non
775 496 834 526 nisi
851 506 925 527 cum
944 495 1098 536 implicito
1116 496 1345 527 subintellecto.

278 541 338 572 Vel
360 551 380 571 a
404 541 563 571 consortio
581 540 778 580 praedicati,
804 546 835 571 et
857 540 920 571 hoc
944 539 1125 580 dupliciter:
1158 540 1275 571 scilicet
1297 541 1347 571 vel

279 585 472 622 masculine,
498 591 529 615 et
552 584 595 615 sic
618 583 696 614 falsa
720 590 750 614 et
772 584 901 624 propria
909 593 917 621 ;
941 584 992 614 vel
1016 584 1224 622 neutraliter,
1250 591 1281 615 et
1304 584 1347 615 sic

277 638 350 659 vera
374 636 404 659 et
426 628 610 669 impropria.
635 628 676 659 Et
699 628 874 669 probantur
898 628 1018 665 ambae,
1036 628 1145 669 quoad
1157 630 1293 669 proprie
1316 634 1346 660 et

1405 322 1588 361 improprie,
1613 321 1689 362 quia
1711 322 1799 352 solus
1818 322 1945 363 proprie
1961 322 2087 363 respicit
2103 323 2290 361 subiectum,
2308 324 2474 366 magisque

1404 365 1541 396 excludit
1564 365 1664 396 alium
1689 376 1787 406 quam
1810 367 1920 397 aliud:
1943 367 2051 407 quoad
2074 367 2238 398 veritatem
2261 378 2337 399 vero
2362 376 2392 399 et
2416 369 2473 399 fal-

1403 409 1537 446 sitatem,
1562 409 1638 450 quia
1660 409 1769 446 Filius,
1790 417 1821 441 et
1839 410 1981 441 similiter
1997 411 2131 451 Spiritus
2155 411 2297 449 Sanctus,
2323 419 2369 443 est
2392 413 2472 444 alius

1403 464 1421 483 a
1444 454 1553 490 Patre,
1584 460 1614 484 et
1637 464 1704 484 non
1727 454 1832 491 aliud;
1858 462 1998 486 creatum
2027 455 2113 486 enim
2142 462 2269 496 oportet
2292 466 2358 487 esse
2382 458 2472 497 quod

1404 504 1450 528 est
1473 497 1568 528 aliud.

1461 540 1676 572 Corollarium
1706 548 1815 573 autem
1845 549 1909 580 est,
1943 543 2032 583 quod
2064 543 2251 574 huiusmodi
2277 544 2471 585 propositio-

1402 595 1456 615 nes
1486 585 1680 627 impropriae
1716 597 1782 617 non
1821 594 1895 618 sunt
1933 587 2161 625 extendendae,
2200 588 2255 618 sed
2286 588 2339 628 pie
2373 598 2472 629 expo-

1401 630 1534 661 nendae.
