2768 4178
42 421 53 432 ·
67 419 126 447 Cap.
136 425 159 446 v,
173 419 228 446 n.7‘.

119 2629 173 2678 a}

34 2930 60 2957 η’
72 2943 140 2968 Vm.
149 2951 173 2972 4.

1006 239 1274 286 QUAESTIO
1302 239 1349 286 v,
1379 239 1675 276 ARTlcuLus
1706 241 1754 276 111

283 331 339 352 ens
363 320 402 351 sit
425 321 513 361 prius
531 321 602 351 Deo
619 319 796 351 secundum
812 319 978 349 rationem.
1004 317 1169 355 Quoniam
1185 317 1210 347 si
1235 327 1290 347 ens
1309 322 1355 347 est

283 365 426 405 primum
448 364 653 405 intelligibile,
670 364 751 395 sicut
777 373 876 394 sonus
898 362 1041 402 primum
1065 361 1212 397 audibile,
1220 367 1356 401 oportet

284 416 386 440 cetera
411 419 477 439 esse
501 409 677 449 posteriora
700 407 916 448 intelligibilia,
937 413 972 437 ut
995 413 1081 446 patet
1105 416 1141 436 ex
1161 406 1308 436 IPoster.
1321 404 1353 434 *1

284 454 374 495 quod
398 453 485 484 enim
507 453 613 494 primo
637 451 786 484 convenit
809 451 912 486 alicui,
931 450 1040 481 ceteris
1064 450 1212 481 convenit
1235 449 1356 480 ratione

284 497 380 529 illius.
395 516 415 521 -
432 498 465 529 Si
479 498 588 539 quoad
603 507 673 533 nos,
684 503 761 527 tunc
777 505 843 526 non
858 501 905 526 est
920 494 1143 536 respondendo
1160 493 1355 525 satisfactum

285 542 441 583 quaesito.
464 541 605 573 Vertitur
624 550 763 581 namque
778 540 811 570 in
827 539 972 575 dubium,
990 549 1030 569 an
1046 539 1125 569 ratio
1143 538 1222 569 entis
1240 548 1354 568 secun-

285 587 361 618 dum
376 596 411 618 se
426 586 466 617 sit
477 586 564 627 prior
577 585 698 616 ratione
713 584 804 615 boni:
826 591 856 615 et
868 593 945 619 non,
958 593 999 613 an
1013 583 1120 624 quoad
1133 592 1191 614 nos
1203 582 1241 613 sit
1257 582 1353 622 prior.

344 631 397 662 IV.
422 631 474 661 Ad
501 630 564 660 hoc
593 635 700 670 potest
730 628 897 669 dupliciter
927 628 997 659 dici.
1027 629 1154 665 Primo,
1186 627 1276 668 quod
1301 636 1356 657 ens

285 681 390 716 potest
413 673 590 714 comparari
619 674 659 703 ad
687 673 748 703 alia
771 682 853 714 quae
877 679 952 703 sunt
975 671 1024 702 sui
1048 671 1186 707 ordinis,
1210 671 1290 701 idest
1314 671 1357 701 ad

285 720 370 750 alias
392 719 535 749 rationes
547 717 728 759 formales:
748 724 779 748 et
801 723 907 757 potest
926 716 1104 757 comparari
1128 716 1171 747 ad
1194 725 1246 746 res
1271 716 1356 756 ipsas

284 763 500 794 subsistentes.
525 761 557 793 Si
572 761 652 792 entis
672 761 752 792 ratio
777 768 979 802 comparetur
993 761 1034 791 ad
1053 760 1128 791 alias
1145 760 1291 796 rationes,
1308 770 1356 790 ac-

285 807 432 848 cipiendo
455 806 593 837 rationes
616 815 723 836 rerum
748 813 783 836 ut
806 805 1044 845 distinguuntur
1064 811 1172 836 contra
1191 814 1239 835 res
1262 804 1355 844 ipsas,

285 851 330 883 sic
349 861 405 882 ens
424 857 471 882 est
489 850 632 891 primum
647 849 843 890 intelligibile
862 850 1040 880 secundum
1057 860 1099 886 se,
1118 856 1148 880 et
1164 855 1265 880 cetera
1283 855 1357 879 sunt

285 895 461 937 posteriora
484 894 662 925 secundum
685 894 892 925 intellectum.
917 894 979 925 Sed
1001 894 1082 924 inter
1104 894 1136 934 ly
1161 899 1266 924 cetera
1291 903 1356 923 non

236 969 238 972 .
286 939 444 971 clauditur
466 939 552 980 quod
581 939 658 979 quid
685 945 756 969 erat
780 949 848 970 esse
871 939 949 969 Dei:
974 938 1130 979 quoniam
1162 947 1228 968 non
1253 944 1358 978 potest

286 994 353 1015 esse
376 983 420 1015 ita
442 983 522 1014 ratio
546 983 625 1024 quin
648 983 688 1014 sit
710 993 775 1020 res,
801 983 876 1024 quia
900 993 966 1013 non
988 989 1094 1023 potest
1117 982 1295 1013 abstrahere
1318 982 1356 1012 ab

285 1027 457 1064 existentia,
478 1037 554 1059 cum
572 1027 612 1058 sit
634 1027 743 1068 ipsum
762 1037 839 1058 esse.
853 1045 872 1050 -
885 1027 947 1058 Sed
970 1027 996 1057 si
1020 1026 1100 1058 entis
1123 1026 1203 1057 ratio
1228 1036 1356 1066 compa-

285 1078 371 1104 retur
394 1078 425 1103 et
447 1072 487 1103 ad
510 1072 649 1103 rationes
678 1079 709 1102 et
731 1072 772 1102 ad
794 1082 843 1102 res
857 1095 864 1108 ,
899 1079 974 1102 tunc
1002 1081 1069 1102 non
1098 1078 1144 1102 est
1173 1070 1357 1110 simpliciter

285 1116 429 1158 primum
455 1116 672 1157 intelligibile:
698 1116 754 1147 sed
777 1116 875 1147 deitas
906 1123 952 1146 est
981 1115 1124 1156 primum
1151 1114 1356 1164 intelligibile.

285 1160 331 1192 lta
354 1161 442 1202 quod
470 1160 707 1211 intelligibilitas
735 1160 822 1201 prius
846 1160 927 1190 inest
950 1160 1019 1190 Deo
1048 1169 1147 1200 quam
1176 1158 1257 1189 enti:
1290 1158 1356 1188 imo

284 1205 366 1236 inest
389 1205 473 1241 enti,
500 1205 593 1251 quia
602 1204 685 1236 inest
708 1205 793 1235 Deo:
819 1214 885 1235 non
910 1203 995 1234 enim
1024 1204 1111 1234 Deus
1141 1202 1357 1243 participative

231 1281 235 1283 ,
285 1255 332 1281 est
352 1247 568 1289 inteiligitsilis.
586 1267 606 1271 -
622 1250 663 1280 Et
686 1249 730 1279 sic
753 1255 886 1289 uterque
902 1255 1004 1278 textus
1021 1248 1168 1278 salvatur.
1193 1246 1358 1284 Quoniam

284 1293 328 1324 ibi
351 1294 439 1325 Deus
462 1293 607 1324 absolute
632 1293 747 1324 dicitur
769 1292 912 1333 primum
936 1292 1114 1322 secundum
1141 1291 1356 1322 intellectum:

284 1337 336 1369 hic
358 1348 434 1369 vero
459 1348 514 1368 ens
538 1337 651 1368 dicitur
673 1337 814 1377 primum
839 1338 924 1367 inter
947 1337 1089 1367 rationes
1103 1335 1277 1376 formales.

2426 242 2472 287 59

1465 317 1612 348 Secundo
1636 324 1741 358 potest
1764 318 1838 354 dici,
1863 320 1952 360 quod
1975 319 2025 350 hic
2048 319 2159 350 accidit
2181 320 2419 360 amphibologia
2442 320 2474 350 in

1410 361 1442 402 ly
1465 362 1572 401 quoad
1602 370 1678 392 nos:
1701 362 1856 403 quoniam
1884 371 1989 403 potest
2016 364 2222 394 determinare
2244 364 2294 394 vel
2317 365 2472 401 ordinem,

1410 405 1459 435 vel
1483 405 1707 447 intelligibilia.
1733 406 1765 437 Si
1790 407 1976 438 determinat
1999 407 2153 444 ordinem,
2175 415 2251 439 tunc
2274 408 2476 448 distinguitur

1411 456 1520 480 contra
1544 450 1690 481 ordinem
1713 451 1891 481 secundum
1914 461 1961 482 se:
1988 458 2018 482 et
2041 452 2084 482 sic
2107 452 2250 493 procedit
2265 452 2411 483 obiectio.
2436 453 2476 483 Et

1410 494 1670 534 respondendum
1691 502 1737 525 est
1756 495 1844 536 quod
1863 495 2035 526 intenditur
2050 497 2088 527 de
2104 496 2213 527 ordine
2237 497 2412 527 secundum
2432 507 2474 527 se.

1411 538 1585 575 Quoniam,
1603 546 1639 570 ut
1654 546 1741 579 patet
1756 549 1793 570 ex
1808 539 1911 576 titulo,
1929 550 1995 570 non
2011 547 2057 571 est
2079 540 2130 571 hic
2149 540 2292 582 quaestio
2309 541 2346 571 de
2366 541 2475 571 ordine

1411 582 1611 622 cognitionis,
1632 583 1710 624 quid
1733 583 1851 614 scilicet
1869 583 1957 624 prius
1972 594 1990 614 a
2005 584 2097 615 nobis
2114 591 2339 625 cognoscatur:
2364 585 2419 615 sed
2438 585 2476 616 de

1411 626 1521 657 ordine
1544 627 1688 664 rationis,
1714 627 1803 658 cuius
1827 628 1943 659 scilicet
1965 628 2045 659 ratio
2069 629 2210 660 formalis
2234 629 2272 660 sit
2295 629 2392 670 prior.
2408 647 2428 652 -
2443 629 2476 661 Si

1411 671 1599 702 determinat
1613 671 1829 712 intelligibilia,
1845 679 1922 703 tunc
1937 672 2100 714 distinguit
2118 673 2323 714 intelligibilia
2337 681 2443 706 nostra
2459 685 2477 705 a

1411 725 1476 745 non
1501 715 1749 756 intelligibilibus
1773 727 1791 747 a
1812 717 1914 748 nobis.
1939 717 1980 748 Et
2002 717 2088 748 iuxta
2111 718 2197 749 hunc
2219 728 2348 749 sensum
2371 719 2476 750 dicen-

1412 760 1490 790 dum
1509 767 1565 796 est,
1582 761 1671 801 quod
1693 760 1744 791 hic
1767 761 1927 802 quaeritur
1946 761 1985 792 de
2007 761 2255 802 intelligibilibus
2276 764 2383 804 quoad
2406 774 2475 799 nos,

1411 804 1491 835 idest
1506 805 1545 834 de
1560 804 1809 845 intelligibilibus
1827 805 1953 842 nostris,
1971 816 2026 836 seu
2042 816 2061 836 a
2079 807 2184 837 nobis:
2210 807 2252 837 ita
2268 808 2357 848 quod
2373 818 2476 838 sermo

1411 858 1558 888 praesens
1582 856 1628 880 est
1652 849 1691 880 de
1715 849 1825 880 ordine
1849 850 2027 881 secundum
2046 861 2078 881 se
2097 858 2281 882 nostrorum
2300 851 2477 891 intelligibi-

1410 892 1502 923 lium.
1526 893 1567 924 Et
1582 894 1759 924 secundum
1774 893 1847 930 hoc,
1864 904 1919 925 ens
1934 901 1980 926 est
1994 894 2135 935 primum
2151 895 2326 926 secundum
2341 905 2373 925 se
2389 896 2477 926 intel-

1410 937 1537 977 ligibile,
1554 937 1634 968 inter
1649 937 1857 978 intelligibilia
1873 949 1891 969 a
1907 938 2015 969 nobis:
2039 939 2127 970 Deus
2143 946 2250 970 autem
2270 947 2315 970 est
2339 939 2478 980 primum

1411 981 1605 1022 intelligibile
1621 982 1815 1022 simpliciter.
1834 1000 1851 1006 -
1868 983 1909 1014 Et
1927 983 1978 1014 hic
1994 993 2103 1014 sensus
2128 991 2281 1015 consonat
2304 983 2479 1024 superficiei

1411 1025 1539 1062 litterae,
1550 1026 1695 1067 loquenti
1708 1027 1746 1057 de
1761 1027 1886 1058 obiecto
1901 1027 2076 1059 intellectus
2092 1028 2200 1064 nostri,
2213 1029 2292 1059 dum
2307 1027 2479 1068 significare

1412 1080 1467 1110 per
1477 1080 1591 1101 vocem
1606 1070 1766 1102 admiscet.
1785 1072 1939 1109 Quamvis
1955 1071 2017 1102 hoc
2031 1082 2098 1103 non
2115 1079 2206 1112 cogat
2223 1072 2301 1113 quin
2317 1072 2479 1113 sequentia

1412 1114 1450 1144 de
1473 1114 1633 1146 intellectu
1657 1115 1811 1152 absolute,
1831 1115 2022 1157 inquantum
2041 1116 2215 1147 intellectus
2235 1123 2290 1153 est,
2307 1116 2396 1147 cuius
2412 1123 2478 1147 tan-

1412 1165 1482 1188 tum
1497 1159 1658 1190 obiectum
1675 1159 1842 1200 proprium
1859 1166 1981 1191 constat
1996 1170 2062 1191 esse
2079 1171 2143 1197 ens,
2159 1161 2390 1201 interpretanda
2406 1161 2478 1191 sint.

1412 1202 1527 1233 Omnis
1556 1213 1694 1244 namque
1724 1203 1914 1241 intellectus,
1944 1205 2120 1235 secundum
2149 1212 2294 1235 naturam
2317 1205 2479 1245 propriam

1412 1253 1569 1286 sumptus,
1591 1247 1677 1277 aliud
1696 1248 1824 1279 sortitus
1841 1255 1886 1279 est
1905 1249 2073 1289 proprium
2092 1249 2267 1280 obiectum:
2294 1249 2419 1279 divinus
2438 1249 2479 1279 si·

1412 1290 1544 1331 quidem
1559 1291 1717 1328 deitatem,
1734 1292 1893 1332 angelicus
1908 1293 2070 1333 propriam
2086 1293 2302 1329 substantiam,
2319 1293 2479 1324 humanus

1412 1335 1497 1375 quod
1518 1336 1596 1375 quid
1619 1341 1666 1366 est
1688 1336 1732 1366 rei
1755 1336 1934 1373 materialis,
1959 1343 2028 1373 etc„
2053 1344 2088 1367 ut
2111 1337 2175 1367 suis
2199 1337 2276 1367 locis
2294 1337 2311 1356 *
2329 1337 2456 1377 patebit.

1103 1481 1423 1523 ARTICULUS
1451 1480 1682 1523 TERTIUS

970 1565 1155 1596 UTRUM
1189 1564 1335 1596 OMNE
1369 1564 1464 1596 ENS
1499 1565 1581 1596 511·
1616 1564 1798 1596 BONUM

415 1640 424 1664 1
445 1640 527 1669 Sent„
547 1639 606 1664 dist.
625 1646 679 1668 vm,
699 1646 742 1671 qu.
758 1646 775 1667 1,
796 1643 842 1662 art.
865 1638 891 1669 3;
913 1638 933 1663 11
956 1639 1031 1663 Cont.
1057 1639 1144 1668 Gent„
1164 1645 1219 1671 cap.
1239 1645 1296 1668 ηις
1317 1638 1356 1667 111,
1376 1645 1432 1671 cap.
1451 1646 1497 1669 xx;
1518 1638 1560 1663 De
1584 1638 1673 1668 Ver-it„
1694 1646 1738 1671 qu.
1757 1645 1806 1667 xxi,
1827 1643 1873 1663 art.
1890 1646 1919 1669 ²3
1939 1639 1963 1663 in
1983 1639 2054 1663 Boet.
2075 1640 2108 1664 de
2127 1639 2225 1669 Helui„
2245 1640 2302 1664 lect.
2317 1648 2344 1665 11.

321 1734 384 1775 Ἀκμὴ,
406 1737 475 1781 μγ(
503 1728 526 1753 ι)
545 1726 705 1752 TERTIUM
725 1726 778 1751 SIC
799 1726 1038 1752 PRocamruR.
1068 1714 1228 1751 Videtur
1252 1713 1359 1773 quod

319 1762 473 1831 §.1⁸2⁴
502 1781 581 1806 non
600 1780 717 1806 omne
738 1779 805 1805 ens
825 1767 871 1805 sit
890 1768 1050 1804 bonum.
1081 1768 1235 1805 Bonum
1255 1767 1358 1804 enim

308 1810 470 1876 ,tt-«⁷2³2
450 1822 608 1863 (addit
643 1833 760 1871 supra
795 1834 882 1868 ens,
912 1829 954 1858 ut
987 1833 1032 1858 ex
1067 1820 1212 1858 dictis*
1243 1828 1358 1869 patet.

289 1942 368 1978 ens,
398 1930 627 1966 contrahunt
654 1928 800 1977 ipsum:
835 1927 932 1964 sicut
959 1927 1180 1974 substantia,
1211 1927 1360 1974 quanti-

287 1990 357 2030 tas,
377 1982 549 2031 qualitas,
572 1989 608 2019 et
627 1981 698 2019 alia
716 1980 950 2018 huiusmodi.
977 1981 1080 2029 Ergo
1101 1981 1248 2017 bonurn
1270 1993 1359 2017 con-

289 2035 401 2074 trahit
430 2047 508 2072 ens.
537 2036 630 2072 Non
658 2034 769 2083 igitur
797 2046 914 2072 omne
944 2046 1011 2072 ens
1037 2042 1092 2071 est
1125 2034 1285 2071 bonum.

345 2101 380 2127 2.
423 2089 666 2135 PRAETEREA,
710 2088 857 2125 nullum
897 2087 1042 2124 malum
1087 2095 1142 2124 est
1184 2088 1357 2124 bonum:

290 2142 408 2180 Isaiae
428 2154 452 2178 v
470 2141 505 2188 *,
540 2142 618 2179 Vae
636 2141 702 2190 qui
719 2141 837 2178 dicitis
851 2139 868 2168 β
888 2140 1032 2177 malum
1061 2141 1214 2186 honum,
1244 2146 1280 2176 et
1297 2141 1360 2176 bo-

289 2207 381 2232 num
418 2195 574 2232 malum.
615 2194 692 2232 Sed
729 2194 886 2243 aliquod
924 2206 991 2230 ens
1027 2193 1162 2230 dicitur
1199 2194 1358 2230 malum.

288 2249 392 2297 Ergo
422 2260 501 2285 non
530 2259 647 2285 omne
668 2260 735 2284 ens
764 2254 820 2284 est
848 2248 1008 2284 bonum.

344 2302 378 2339 3.
408 2301 642 2349 PRAETEREA,
673 2301 821 2338 bonum
850 2301 966 2337 habet
999 2299 1187 2336 rationem
1218 2299 1361 2348 appeti-

288 2354 385 2392 bilis.
415 2355 492 2392 Sed
515 2354 674 2392 materia
693 2354 816 2403 prima
835 2366 915 2391 non
943 2354 1059 2391 habet
1088 2353 1276 2390 rationem
1297 2365 1362 2402 ap-

287 2407 468 2457 petibilis,
497 2407 567 2445 sed
603 2408 816 2457 appetentis
853 2415 1014 2444 tantum.
1059 2407 1162 2454 Ergo
1201 2407 1361 2443 materia

286 2461 412 2510 prima
431 2473 510 2498 non
529 2461 646 2498 habet
665 2462 850 2498 rationem
871 2461 974 2498 boni.
997 2461 1088 2497 Non
1114 2460 1224 2508 igitur
1243 2472 1360 2497 omne

289 2526 357 2551 ens
387 2522 443 2551 est
470 2515 631 2551 bonum.

341 2580 378 2615 4.
409 2569 643 2615 PRAETEREA,
674 2567 930 2616 Philosophus
960 2567 1060 2615 dicit,
1089 2567 1127 2604 in
1157 2568 1206 2604 111
1236 2567 1360 2603 Meta-

175 2632 261 2683 εοῇ-ιν
282 2622 395 2670 phys.
416 2621 457 2668 ²¹⁶,
487 2621 592 2669 quod
626 2621 665 2658 in
693 2620 972 2658 mathematicis
1007 2633 1086 2658 non
1117 2627 1171 2658 est
1200 2621 1358 2657 bonum.

289 2674 368 2711 Sed
396 2673 666 2711 mathematica
701 2681 788 2711 sunt
821 2674 1014 2722 quaedam
1043 2673 1163 2711 011113;
1193 2673 1361 2723 alioquin

289 2728 336 2764 de
366 2727 419 2763 015
447 2739 526 2764 11011
559 2735 658 2764 05501
695 2727 861 2764 501011113.
901 2728 1003 2776 Ergo
1033 2740 1112 2764 non
1147 2739 1263 2764 omne
1294 2739 1361 2764 ens

289 2787 346 2817 est
373 2781 532 2817 bonum.

343 2834 418 2870 SED
448 2845 606 2881 CONTRA,
637 2845 752 2871 omne
773 2846 840 2871 ens
860 2833 967 2882 quod
986 2846 1066 2871 non
1091 2842 1146 2870 est
1165 2834 1284 2881 Deus,
1306 2842 1361 2871 est

288 2887 361 2924 Dei
391 2894 572 2924 creatura.
601 2888 679 2925 Sed
708 2887 830 2924 omnis
858 2893 1033 2924 creatura
1062 2887 1138 2924 Dei
1163 2893 1217 2924 est
1243 2888 1358 2933 bona,

289 2947 331 2977 ut
359 2940 492 2978 dicitur
521 2942 534 2977 I
563 2941 615 2977 ad
656 2942 691 2977 T
688 2941 774 2985 im.,
805 2952 840 2977 ιν
869 2953 951 2990 cap.
972 2940 1013 2977 *ε
1041 2941 1147 2977 Deus
1180 2952 1274 2977 vero
1304 2948 1361 2977 est

288 2993 455 3030 maxime
484 2994 622 3030 bonus.
653 2994 754 3041 Ergo
783 3005 900 3030 omne
929 3006 996 3030 ens
1026 3001 1080 3030 est
1109 2994 1268 3030 bonum.

343 3047 568 3084 RESPONDEO
598 3058 782 3084 DICENDUM
811 3047 917 3095 quod
946 3059 1062 3084 omne
1092 3059 1171 3095 ens,
1202 3047 1359 3096 inquan-

289 3107 371 3136 tum
401 3106 456 3136 est
483 3112 573 3148 ens,
605 3108 660 3137 est
688 3101 848 3137 bonum.
889 3099 1018 3137 Omne
1056 3100 1160 3137 enim
1189 3112 1276 3147 0115,
1307 3100 1360 3137 in-

291 3159 477 3200 quantum
505 3161 562 3190 est
590 3166 678 3200 ens,
709 3160 765 3190 est
791 3153 829 3190 in
858 3160 962 3200 actu,
993 3160 1028 3190 et
1066 3153 1359 3202 quodammodo

290 3206 520 3254 perfectum:
549 3207 640 3255 quia
664 3206 790 3243 omnis
823 3214 929 3243 actus
956 3206 1137 3255 perfectio
1167 3207 1358 3256 quaedam

291 3266 357 3295 est.
387 3259 602 3296 Perfectum
621 3272 716 3297 vero
740 3259 856 3296 habet
875 3259 1062 3296 rationem
1091 3260 1303 3309 appetibilis
1324 3267 1360 3296 et

290 3311 403 3358 boni,
432 3319 475 3348 ut
502 3324 548 3348 ex
575 3312 682 3350 dictis
700 3312 721 3334 ’¹‘
747 3320 861 3362 patet.
896 3312 1007 3349 Unde
1046 3312 1214 3362 sequitur
1243 3318 1359 3349 om'ne

291 3376 371 3412 ens,
401 3364 627 3412 inquantum
655 3365 889 3413 huiusmodi,
920 3366 1066 3402 bonum
1097 3378 1192 3403 esse.

301 1870 445 1915 ³³³³)
462 1870 563 1913 &Ea
599 1887 694 1917 vero
733 1887 832 1923 quae
860 1874 1007 1912 addunt
1034 1874 1176 1922 aliquid
1201 1880 1216 1894 α
1246 1886 1381 1922 supra⁴

1468 1716 1527 1750 An
1563 1725 1699 1750 PleuM
1741 1725 1840 1751 ERGO
1879 1726 2063 1751 DICENDUM
2106 1716 2211 1764 quod
2249 1717 2478 1764 substantia,

1415 1766 1604 1816 quantitas
1634 1774 1670 1803 et
1704 1767 1884 1816 qualitas,
1914 1775 1951 1804 et
1980 1780 2024 1804 ea
2053 1780 2153 1816 quae
2182 1769 2253 1806 sub
2283 1769 2335 1806 eis
2365 1770 2481 1807 conti-

1414 1827 1572 1867 nentur,
1608 1821 1835 1858 contrahunt
1870 1833 1937 1858 ens
1974 1821 2201 1870 applicando
2241 1835 2307 1859 ens
2335 1824 2384 1861 ad
2417 1824 2480 1860 ali-

1415 1885 1532 1922 quam
1552 1872 1803 1921 quidditatem
1823 1886 1892 1911 seu
1910 1881 2098 1911 naturam.
2130 1875 2193 1912 Sic
2213 1881 2226 1901 7
2255 1883 2383 1913 autem
2404 1889 2481 1914 non

1415 1926 1519 1964 addit
1551 1926 1693 1975 aliquid
1730 1927 1877 1964 bonum
1915 1940 2030 1976 super
2067 1940 2154 1965 ens:
2190 1929 2257 1965 sed
2294 1929 2480 1966 rationem

1414 1987 1561 2017 tantum
1591 1979 1804 2039 appetibilis
1834 1987 1870 2017 et
1895 1981 2148 2040 perfectionis,
2170 1982 2276 2030 quod
2306 1983 2483 2019 convenit

1414 2033 1483 2083 ipsi
1513 2045 1595 2070 esse
1624 2033 1663 2070 in
1691 2045 1935 2083 quacumque
1956 2041 2088 2071 natura
2116 2034 2171 2071 sit.
2202 2035 2313 2072 Unde
2334 2036 2480 2073 bonum

1415 2099 1495 2123 non
1524 2086 1711 2123 contrahit
1739 2099 1820 2124 ens·

1468 2142 1527 2176 AD
1556 2151 1746 2177 SECUNDUM
1775 2152 1958 2178 131οΕΝοοΜ
1987 2140 2093 2189 quod
2122 2141 2267 2177 nullum
2298 2154 2364 2178 ens
2395 2142 2483 2179 dici-

1415 2200 1474 2229 tur
1502 2193 1647 2229 malum
1686 2192 1909 2241 inquantum
1945 2201 2000 2230 est
2032 2206 2116 2241 ens,
2153 2194 2219 2231 sed
2253 2194 2481 2242 inquantum

1417 2253 1518 2282 caret
1546 2246 1717 2294 quodam
1746 2258 1846 2283 esse:
1877 2246 1973 2283 sicut
1991 2247 2111 2284 homo
2132 2247 2266 2284 dicitur
2285 2249 2408 2285 malus
2428 2248 2481 2285 in-

1416 2307 1601 2348 quantum
1641 2307 1741 2336 earet
1780 2312 1861 2336 esse
1898 2299 2066 2347 virtutis,
2107 2308 2142 2336 et
2180 2301 2312 2338 oculus
2351 2301 2484 2338 dicitur

1415 2353 1538 2389 malus
1566 2353 1791 2401 inquantum
1821 2360 1922 2390 caret
1950 2353 2126 2390 acumine
2147 2351 2160 2374 ‘³
2187 2354 2303 2391 visus.

1469 2408 1528 2443 An
1552 2418 1711 2443 TERTIUM
1731 2418 1916 2443 131οΕΝοοΜ
1936 2407 2041 2455 quod
2060 2407 2217 2444 materia
2235 2407 2371 2456 prima,
2389 2408 2484 2445 sicut

1417 2471 1497 2496 non
1525 2468 1580 2496 est
1609 2472 1677 2496 ens
1705 2459 1774 2496 nisi
1803 2459 1842 2496 in
1869 2460 2049 2508 potentia,
2069 2460 2119 2496 ita
2147 2473 2217 2497 nec
2246 2461 2392 2497 bonum
2411 2462 2483 2498 nisi

1416 2513 1454 2549 in
1493 2513 1673 2561 potentia.
1720 2513 1845 2559 Licet,
1884 2513 2095 2550 secundum
2134 2514 2371 2560 Platonicos,
2411 2514 2482 2551 dici

1414 2565 1534 2614 possit
1562 2567 1666 2614 quod
1695 2565 1853 2603 materia
1880 2565 2005 2615 prima
2033 2574 2089 2603 est
2117 2579 2194 2603 non
2224 2579 2303 2614 ens,
2328 2575 2484 2616 propter

1415 2619 1670 2668 privationem
1696 2619 1926 2656 adiunctam.
1957 2620 2035 2656 Sed
2055 2627 2184 2656 tamen
2203 2620 2400 2669 participat
2419 2621 2483 2658 ali-

1416 2673 1507 2722 quid
1527 2673 1575 2710 de
1604 2673 1722 2719 bono,
1743 2672 1882 2709 scilicet
1910 2673 2037 2721 ipsum
2067 2673 2243 2710 ordinem
2263 2675 2324 2710 vel
2350 2674 2482 2722 aptitu-

1417 2726 1545 2763 dinem
1587 2726 1635 2762 ad
1673 2726 1832 2763 bonum.
1873 2727 1922 2763 Et
1948 2726 2036 2763 ideo
2065 2738 2144 2763 non
2178 2727 2356 2764 convenit
2374 2733 2384 2747 ‘
2413 2727 2482 2764 sibi

1416 2780 1521 2829 quod
1549 2779 1594 2815 sit
1622 2779 1834 2828 appetibile,
1865 2779 1933 2816 sed
1961 2780 2068 2828 quod
2096 2787 2259 2829 appetat.

1469 2835 1527 2869 AD
1557 2844 1730 2874 QUARTUM
1758 2844 1943 2869 DicaNDuM
1971 2832 2077 2881 quod
2105 2832 2374 2870 mathematica
2403 2845 2481 2870 non

1416 2886 1623 2923 subsistunt
1651 2893 1825 2934 separata
1849 2886 2061 2923 secundum
2091 2899 2191 2923 esse:
2222 2886 2309 2935 quia
2337 2886 2367 2922 si
2394 2887 2482 2923 sub-

1416 2940 1598 2986 sisterent,
1625 2946 1724 2975 esset
1747 2938 1786 2976 in
1815 2938 1867 2975 eis
1896 2939 2055 2987 bonum,
2077 2939 2215 2976 scilicet
2242 2939 2367 2988 ipsum
2398 2952 2479 2976 esse

1416 2993 1599 3041 ipsorum.
1636 2992 1732 3028 Sunt
1765 2999 1894 3029 autem
1926 2992 2195 3029 mathematica
2224 2999 2397 3041 separata
2425 3005 2481 3028 se-

1416 3046 1584 3083 cundum
1621 3045 1808 3082 rationem
1843 3053 2011 3092 tantum,
2041 3053 2155 3094 prout
2183 3046 2449 3082 abstrahuntur
2468 3045 2482 3071 ζ

1415 3113 1437 3136 3
1466 3106 1574 3136 1110111
1604 3105 1640 3134 01
1667 3110 1689 3134 3
1717 3098 1894 3135 materia:
1930 3106 1966 3135 et
1999 3099 2052 3136 510
2080 3099 2347 3135 abstrahuntur
2374 3110 2396 3134 3
2425 3111 2481 3134 13-

1414 3153 1516 3189 tione
1546 3151 1643 3198 finis,
1674 3151 1738 3200 qui
1755 3157 1770 3174 *²
1797 3152 1913 3189 habet
1940 3151 2127 3189 rationem
2155 3151 2357 3188 moventis.
2389 3152 2481 3188 Non

1416 3214 1471 3242 est
1499 3212 1626 3242 autem
1656 3204 1930 3242 inconveniens
1958 3205 2063 3253 quod
2091 3205 2130 3241 in
2159 3205 2284 3252 aliquo
2310 3212 2395 3241 ente
2423 3217 2481 3241 se-

1416 3259 1583 3296 cundum
1604 3257 1790 3294 rationem
1817 3270 1895 3295 non
1915 3258 1961 3295 sit
1980 3258 2126 3295 bonum
2145 3259 2207 3295 vel
2222 3255 2234 3278 ⁰
2254 3257 2347 3294 ratio
2369 3258 2479 3294 boni:

1416 3324 1503 3349 cum
1532 3310 1625 3347 ratio
1655 3310 1750 3347 entis
1779 3310 1824 3347 sit
1851 3311 1956 3360 prior
1983 3323 2099 3360 quam
2129 3311 2221 3348 ratio
2251 3310 2357 3358 boni,
2388 3311 2482 3347 sicut

1415 3377 1528 3413 supra
1547 3363 1568 3385 '¹‘
1596 3363 1738 3400 dictum
1769 3371 1833 3400 est.

344 3480 372 3512 α)
391 3480 502 3512 αῑίςιιίά.
520 3494 538 3498 -
556 3480 618 3505 0111.
631 3481 733 3506 codices
752 3486 779 3506 et
796 3482 836 3507 ed.
850 3489 877 3507 a.

345 3514 371 3548 β)
386 3515 483 3541 dicitis.
500 3529 520 3535 —
539 3515 757 3546 dicuntACDEF
759 3516 792 3542 G.
808 3529 828 3537 -
847 3518 947 3542 malum
960 3518 1057 3542 bonum
1071 3521 1097 3542 et
1109 3525 1163 3542 om.
1177 3518 1209 3547 D,
1223 3521 1250 3542 et
1262 3518 1359 3542 bonum

291 3551 391 3576 malum
410 3559 463 3576 om.
478 3552 554 3576 ceteri
573 3556 599 3575 et
618 3551 658 3575 ed.
672 3558 698 3576 a.

344 3586 371 3620 γ)
387 3586 441 3611 Sic.
455 3600 473 3605 —
490 3586 553 3611 Tale
564 3586 594 3611 C.
608 3600 627 3605 —
640 3586 692 3610 Pro
709 3593 789 3618 super
802 3594 858 3616 ens,
872 3594 956 3620 supra
970 3595 1026 3613 esse
1039 3588 1067 3619 C,
1082 3595 1163 3620 super
1175 3595 1230 3614 esse
1245 3589 1330 3613 ceteri.
1342 3601 1361 3607 -

291 3621 343 3646 Pro
360 3622 518 3654 appetibilis,
538 3621 673 3654 appetitus
690 3622 942 3654 13,·appetibi11·tatis
960 3624 1045 3648 ceteri.

1467 3480 1492 3512 δ)
1511 3480 1641 3505 acumine.
1658 3493 1677 3498 -
1694 3480 1800 3505 actione
1818 3480 1937 3504 ABCEF.

1469 3516 1492 3548 ε)
1511 3515 1642 3540 convenit.
1659 3529 1678 3533 -
1695 3515 1822 3547 competit.
1838 3515 1948 3540 codices.

1468 3551 1493 3583 ζ)
1512 3550 1715 3575 abstrahuntur.
1733 3564 1751 3569 -
1769 3551 1928 3575 abstrahunt
1947 3553 1976 3575 ut
1995 3550 2023 3574 Ρ.

1469 3587 1496 3618 η)
1515 3586 1568 3618 qui.
1586 3599 1605 3604 —
1623 3585 1694 3617 quod
1713 3586 1858 3610 ACDEFG.

1470 3620 1494 3653 θ)
1514 3622 1609 3646 bonum
1630 3621 1678 3646 vel.
1695 3634 1714 3639 —
1733 3621 1795 3646 Om.
1810 3622 1911 3645 codices
1931 3625 1957 3645 et
1974 3621 2015 3645 ed.
2028 3628 2053 3645 a.

2507 1319 2579 1347 Qu.
2589 1325 2630 1346 ιιι,
2646 1323 2688 1342 art.
2703 1326 2718 1346 4

2507 1350 2527 1367 et
2543 1336 2635 1373 pluries.

2510 3371 2517 3377 ¹
2534 3369 2587 3389 Art.
2604 3373 2680 3395 praec.
