2768 4178
334 261 407 298 336

1034 266 1302 312 QUAESTIO
1331 267 1452 315 XXX,
1482 267 1778 305 ARTICULUS
1808 269 1822 304 I

981 474 1393 551 QUAESTIO
1431 475 1889 532 TRIGESIMA

753 603 837 643 DE
869 603 1301 644 PLURALITATE
1332 605 1752 648 PERSONARUM
1785 607 1846 647 IN
1881 607 2105 649 DIVINIS

1125 724 1160 749 1N
1189 724 1362 755 QUATUOR
1388 726 1590 765 ARTICULOS
1618 728 1736 753 DIVISA

95 841 218 889 {„{{f,·d‘¹¹¹·
237 824 308 867 xxix,
337 839 527 922 Damna
557 830 749 879 quaeritur
778 831 824 868 de
849 830 1059 879 pluralitate
1088 832 1346 868 Personarum
1369 831 1399 869 *ἱ

178 883 183 889 ”
421 885 469 920 Et
498 883 596 921 circa
623 884 698 920 hoc
725 892 959 933 quaeruntur
987 891 1160 933 quatuor.

390 937 536 974 Primo:
566 944 694 974 utrum
722 937 795 975 sint
821 938 948 986 plures
976 949 1164 986 personae
1188 936 1226 973 in
1251 936 1399 974 divinis.

390 990 587 1027 Secundo:
617 998 711 1038 quot
738 998 835 1027 sunt.

1510 833 1660 870 Tertio:
1690 834 1782 882 quid
1810 835 2022 883 significent
2054 836 2204 874 termini
2241 837 2456 875 numerales
2484 837 2523 874 in

1564 885 1712 923 divinis.

1511 938 1680 984 Quarto:
1711 939 1758 976 de
1785 941 2057 978 communitate
2077 947 2095 963 ³
2113 942 2225 980 huius
2253 942 2420 980 nominis
2434 955 2522 991 per-
2648 948 2667 966 ⁶²

1562 1003 1668 1029 sona.

1146 1106 1464 1148 ARTICULUS
1497 1107 1702 1149 PRIMUS

871 1198 1027 1228 UTRUM
1051 1197 1117 1228 SIT
1140 1197 1312 1229 PONERE
1335 1198 1499 1230 PLURES
1523 1191 1742 1230 PERsoNAs
1766 1200 1809 1230 IN
1832 1200 1989 1231 Divmis

682 1277 691 1301 1
712 1277 794 1309 Seni„
814 1277 873 1303 dist.
890 1284 919 1307 11,
939 1282 985 1302 art.
1004 1284 1022 1308 4
1029 1284 1036 1308 3
1056 1277 1115 1302 dist.
1133 1284 1206 1308 xxm,
1226 1282 1272 1301 art.
1293 1284 1323 1308 43
1344 1277 1386 1302 De
1403 1277 1471 1307 Pot„
1491 1285 1535 1310 qu.
1554 1285 1587 1307 1x.
1607 1283 1654 1303 art.
1675 1277 1702 1308 5;
1725 1278 1867 1310 Compend.
1886 1278 1983 1310 Theol„
2003 1286 2059 1312 cap.
2078 1287 2102 1310 L,
2121 1286 2165 1310 ιη

1222 1312 1318 1343 Quodl.
1337 1313 1394 1342 Vll.
1415 1321 1460 1345 qu.
1478 1320 1515 1343 111,
1535 1318 1582 1338 art.
1601 1321 1621 1338 1.

362 1437 523 1514 ἷξᾼῗνῖο
549 1467 627 1492 non
655 1454 700 1491 sit
727 1467 871 1503 ponere
905 1455 1033 1503 plures
1066 1466 1251 1503 personas
1280 1455 1317 1492 in
1347 1455 1399 1492 di-

352 1510 374 1554 ’,
412 1523 472 1562 «(4
487 1496 657 1545 vinis.
687 1509 858 1546 Persona
878 1507 980 1545 enim
1002 1515 1057 1545 est
1075 1507 1266 1546 rationalis
1295 1515 1401 1545 natu-

391 1551 612 1598 W'Nrae
641 1560 839 1598 individua
875 1561 1095 1598 substantia.
1127 1561 1167 1598 Si
1196 1574 1285 1609 ergo
1315 1569 1402 1599 sunt

334 1616 463 1663 plures
494 1626 681 1663 personae
718 1614 756 1650 in
790 1614 948 1661 divinis,
979 1614 1150 1663 sequitur
1186 1616 1292 1662 quod
1329 1615 1402 1652 sint

335 1669 461 1717 plures
490 1667 737 1704 substantiae:
767 1668 872 1716 quod
899 1668 1052 1704 videtur
1079 1667 1324 1704 haereticum.

390 1733 424 1757 2.
446 1722 678 1767 PRAETEREA,
699 1721 890 1768 pluralitas
914 1720 1190 1770 proprietatum
1214 1721 1402 1758 absoluta—

335 1786 421 1812 rum
450 1786 529 1811 non
557 1774 644 1810 facit
671 1773 951 1811 distinctionem
978 1786 1247 1822 personarum,
1277 1786 1402 1824 neque

335 1827 374 1864 in
402 1828 487 1864 Deo
515 1839 640 1876 neque
670 1827 708 1863 in
736 1827 864 1864 nobis:
895 1826 1015 1864 multo
1036 1826 1146 1874 igitur
1171 1827 1297 1864 minus
1321 1829 1402 1876 plu-

335 1880 460 1917 ralitas
489 1880 728 1917 relationum.
751 1881 827 1917 Sed
855 1879 894 1916 in
922 1881 1006 1916 Deo
1036 1892 1114 1916 non
1140 1887 1195 1916 est
1222 1880 1294 1917 alia
1322 1881 1402 1929 plu-

336 1933 460 1970 ralitas
479 1933 550 1970 nisi
570 1933 808 1979 relationum,
827 1941 870 1969 ut
889 1945 1003 1981 supra
1017 1932 1037 1954 '³²
1053 1932 1195 1969 dictum
1216 1941 1281 1970 est.
1298 1934 1400 1982 Ergo

335 1999 413 2023 non
432 1993 558 2034 potest
582 1986 655 2023 dici
675 1986 779 2035 quod
799 1986 836 2022 in
855 1987 940 2023 Deo
961 1986 1034 2022 sint
1050 1986 1177 2035 plures
1200 1998 1399 2035 personae.

392 2040 425 2076 3.
446 2040 678 2087 PRAETEREA,
709 2039 864 2089 Boetius
887 2038 975 2076 dicit
988 2038 1019 2087 ²⁸,
1046 2039 1093 2076 de
1113 2040 1197 2076 Deo
1226 2040 1400 2088 loquens,

336 2092 442 2141 quod
469 2093 544 2129 hoc
571 2105 663 2130 vere
691 2105 813 2129 unum
843 2099 913 2138 est,
936 2092 974 2129 in
994 2104 1072 2140 quo
1098 2093 1222 2129 nullus
1251 2101 1306 2130 est
1333 2105 1402 2130 nu-

335 2158 475 2182 merus.
507 2146 584 2182 Sed
610 2145 802 2194 pluralitas
840 2145 1020 2194 importat
1052 2157 1268 2183 numerum.
1299 2147 1401 2194 Ergo

336 2211 414 2235 non
443 2206 529 2235 sunt
557 2199 682 2247 plures
710 2210 897 2247 personae
925 2198 964 2235 in
992 2198 1141 2235 divinis.

389 2262 426 2297 4.
448 2252 680 2297 PRAETEREA,
701 2251 935 2299 ubicumque
965 2259 1020 2287 est
1048 2263 1242 2298 numerus,
1268 2252 1317 2288 ibi
1347 2261 1403 2289 est

335 2311 457 2341 totum
487 2310 523 2340 et
542 2316 640 2352 pars.
664 2303 703 2340 Si
732 2303 840 2351 igitur
858 2303 896 2340 in
925 2304 1009 2340 Deo
1039 2303 1084 2340 sit
1107 2316 1290 2341 numerus
1317 2317 1401 2354 per-

336 2369 535 2403 sonarum,
567 2356 635 2393 erit
662 2356 702 2398 in
729 2357 813 2393 Deo
842 2368 987 2404 ponere
1015 2363 1137 2393 totum
1168 2364 1203 2393 et
1231 2365 1400 2405 partem:

336 2410 441 2458 quod
470 2409 695 2458 simplicitati
725 2409 876 2446 divinae
904 2417 1097 2457 repugnat.

390 2463 464 2499 SED
485 2474 630 2499 CONTRA
645 2474 710 2498 EST
729 2463 833 2511 quod
850 2461 938 2499 dicit
951 2462 1180 2499 Athanasius
1195 2462 1231 2499 *t
1247 2463 1334 2500 Alia
1350 2469 1404 2500 est

328 2527 494 2564 persona
514 2515 647 2560 Patris,
664 2515 740 2551 alia
758 2514 858 2561 Filii,
874 2515 950 2551 alia
966 2515 1124 2562 Spiritus
1143 2516 1280 2552 Sancti.
1299 2518 1400 2564 Ergo

334 2570 447 2605 Pater
484 2576 520 2605 et
552 2568 667 2604 Filius
703 2575 738 2604 et
776 2568 936 2616 Spiritus
971 2568 1131 2604 Sanctus
1160 2576 1247 2605 sunt
1274 2570 1401 2618 plures

332 2634 531 2670 personae.

388 2675 613 2711 RESPONDEO
643 2685 826 2710 DiCENDUM
855 2673 960 2722 quod
995 2674 1121 2722 plures
1159 2686 1242 2711 esse
1270 2687 1399 2723 perso-

333 2739 401 2764 nas
428 2727 465 2763 in
495 2727 642 2772 divinis,
665 2726 833 2774 sequitur
861 2739 905 2763 ex
935 2726 1163 2775 praemissis.
1191 2728 1399 2765 Ostensum

335 2788 390 2816 est
419 2780 520 2816 enim
553 2791 667 2827 supra
694 2779 714 2800 *
749 2780 851 2827 quod
885 2780 959 2816 hoc
987 2792 1131 2816 nornen
1157 2791 1324 2828 persona
1352 2781 1399 2818 si-

334 2833 487 2881 gnificat
514 2833 551 2869 in
580 2832 716 2869 divinis
746 2832 983 2879 relationem,
1014 2840 1056 2869 ut
1084 2845 1165 2870 rem
1194 2834 1398 2872 subsisten-

334 2893 411 2922 tem
430 2885 468 2922 in
488 2892 623 2922 natura
642 2884 781 2922 divina.
805 2886 928 2934 Supra
947 2885 967 2907 '¹‘
987 2893 1115 2922 autem
1141 2886 1313 2924 habitum
1343 2895 1399 2924 est

334 2939 439 2986 quod
459 2946 545 2975 sunt
563 2939 690 2986 plures
710 2938 908 2975 relationes
928 2938 1045 2975 reales
1065 2938 1103 2975 in
1123 2937 1270 2977 divinis.
1286 2940 1397 2978 Unde

334 2991 501 3040 sequitur
529 2991 634 3040 quod
662 2991 735 3027 sint
763 2992 888 3039 plures
918 3004 977 3027 res
1006 2991 1250 3029 subsistentes
1278 2993 1316 3030 in
1345 2993 1397 3030 di-

333 3045 423 3081 vina
451 3051 595 3081 natura.
622 3044 671 3080 Et
697 3045 770 3080 hoc
800 3051 854 3080 est
884 3056 964 3080 esse
992 3045 1120 3092 plures
1147 3057 1330 3094 personas
1359 3046 1397 3083 in

334 3097 480 3135 divinis.

386 3152 445 3187 AD
474 3161 611 3188 ptumum
639 3160 737 3186 ERGO
757 3160 940 3186 DlCENDUM
960 3149 1065 3197 quod
1092 3150 1298 3188 substantia
1318 3163 1396 3188 non

194 3210 208 3243 β
332 3203 485 3251 ponitur
502 3201 520 3231 β
539 3204 575 3239 in
606 3201 824 3239 definitione
844 3214 1030 3250 personae
1059 3203 1271 3240 secundum
1291 3204 1396 3252 quod

333 3256 516 3304 significat
544 3255 759 3301 essentiam,
785 3255 853 3291 sed
882 3256 1094 3292 secundum
1123 3256 1228 3304 quod
1257 3256 1395 3304 signifi-

334 3316 391 3345 cat
411 3309 650 3357 suppositum
665 3307 701 3344 *ε
723 3308 826 3356 quod
846 3315 947 3355 patet
967 3320 1012 3343 ex
1031 3309 1106 3344 hoc
1120 3310 1225 3357 quod
1246 3309 1396 3346 additur

334 3361 534 3398 individua.
560 3361 619 3398 Ad
657 3360 948 3408 significandum
983 3368 1110 3398 autern
1148 3361 1395 3399 substantiam

369 1417 396 1451 >a
420 1418 427 1432 ι
464 1422 505 1446 ,ᾗ
538 1399 571 1438 'D
600 1413 736 1438 PRIMUM
765 1413 817 1438 sm
847 1413 1086 1438 PROCEDITUR.
1108 1400 1267 1438 Videtur
1294 1401 1400 1451 quod

366 1458 398 1513 ἦ

350 1512 389 1566 ,t

97 1942 107 1952 ⁴
130 1941 177 1968 Qu.
201 1947 284 1968 xxvm,

97 1971 139 1989 art.
154 1973 174 1996 3.

95 2044 104 2054 ·
123 2043 159 2065 De
170 2043 244 2071 Tria„
255 2049 306 2071 cap.

97 2076 132 2091 111.

99 2474 108 2485 ““
123 2473 148 2495 In
165 2473 285 2501 Symbolo.

100 2790 110 2800 ⁸
127 2789 175 2816 Qu.
185 2795 248 2816 xxix,
264 2794 306 2811 art.

97 2823 120 2842 4.

98 2901 106 2908 ·
116 2899 163 2925 Qu.
174 2905 253 2926 xxviii,
265 2903 306 2920 art.

96 2931 112 2951 Ι,
126 2931 147 2953 3»
161 2931 184 2951 4-

95 3317 106 3327 ⁸
120 3316 149 3339 D.
165 3317 224 3338 1026.

386 3475 412 3506 α)
432 3475 629 3500 communitate.
647 3489 664 3494 -
683 3474 920 3500 communicatione
938 3475 1061 3501 ABCDE.

387 3508 411 3541 β)
427 3510 547 3541 ponitur.
566 3524 583 3529 -
596 3513 686 3542 potest
705 3517 759 3534 esse
778 3510 831 3534 FG.

386 3546 412 3577 γ)
432 3545 464 3568 ab
485 3545 603 3570 invicem.
621 3559 639 3564 —
658 3545 720 3570 Om.
739 3544 849 3570 codices.

386 3578 410 3611 δ)
427 3580 618 3611 pluralitatem.
636 3593 655 3599 -
669 3580 851 3611 proprietates
873 3580 944 3613 GpF.

387 3615 408 3646 ε)
428 3615 568 3639 dictorum.
586 3629 605 3633 -
623 3615 685 3640 Om.
698 3616 726 3640 Β.

1454 1402 1508 1438 sic
1527 1401 1679 1448 dictam,
1695 1402 1836 1439 habent
1853 1402 1992 1439 Graeci
2010 1414 2155 1440 nomen
2178 1403 2406 1452 hypostasis.-
2419 1403 2523 1441 unde

1454 1455 1550 1492 sicut
1578 1467 1648 1492 nos
1677 1454 1838 1492 dicimus
1876 1462 1951 1492 tres
1978 1467 2184 1505 personas,
2214 1456 2263 1493 ita
2291 1456 2363 1505 ipsi
2395 1456 2524 1494 dicunt

1455 1515 1529 1545 tres
1557 1509 1793 1557 hypostases.
1815 1509 1899 1545 Nos
1919 1517 2047 1546 autern
2076 1521 2156 1546 non
2177 1509 2448 1558 consuevimus
2468 1508 2522 1547 di-

1455 1574 1540 1598 cere
1560 1569 1635 1599 tres
1655 1561 1894 1608 substantias,
1915 1574 1963 1599 ne
1988 1561 2282 1610 intelligerentur
2299 1569 2375 1600 tres
2395 1574 2521 1600 essen-

1455 1614 1539 1661 tiae,
1559 1622 1717 1663 propter
1745 1615 1910 1652 nominis
1939 1615 2309 1664 aequivocationem.

1509 1666 1568 1704 An
1596 1679 1786 1705 SECUNDUM
1805 1680 1989 1705 Diei-:unum
2009 1669 2113 1718 quod
2132 1668 2382 1718 proprietates
2409 1669 2521 1706 abso-

1455 1721 1556 1758 lutae
1584 1721 1622 1757 in
1652 1720 1800 1767 divinis,
1822 1729 1863 1757 ut
1885 1721 2033 1758 bonitas
2063 1729 2099 1758 et
2126 1721 2320 1771 sapientia,
2347 1734 2426 1758 non
2453 1733 2522 1772 op-

1454 1781 1650 1823 ponuntur
1669 1773 1717 1811 ad
1736 1773 1922 1810 invicem:
1952 1774 2055 1811 unde
2071 1786 2195 1823 neque
2217 1774 2364 1811 realiter
2393 1773 2520 1812 distin-

1456 1834 1632 1874 guuntur.
1655 1827 1843 1873 Quamvis
1873 1839 1962 1874 ergo
1992 1827 2046 1864 eis
2075 1827 2278 1864 conveniat
2305 1826 2520 1875 subsistere,

1456 1892 1534 1916 non
1563 1887 1690 1916 tamen
1710 1887 1797 1916 sunt
1823 1879 1952 1928 plures
1981 1892 2040 1917 res
2060 1880 2316 1928 subsistentes,
2338 1880 2443 1930 quod
2466 1887 2523 1918 est

1457 1945 1538 1969 esse
1566 1933 1695 1981 plures
1722 1944 1918 1981 personas.
1939 1933 2194 1982 Proprietates
2213 1940 2343 1970 autern
2371 1933 2523 1970 absolu·-

1455 1994 1514 2022 tae
1543 1986 1582 2023 in
1611 1986 1723 2022 rebus
1753 1985 1885 2023 creatis
1914 1998 1994 2024 non
2022 1986 2241 2034 subsistunt,
2262 1986 2349 2023 licet
2374 1985 2523 2024 realiter

1456 2039 1504 2076 ab
1523 2038 1689 2076 invicem
1708 2043 1723 2065 ⁷
1743 2038 2029 2087 distinguantur,
2056 2047 2096 2076 ut
2115 2039 2254 2077 albedo
2279 2046 2316 2076 et
2344 2035 2520 2077 dulcedo.
2646 2047 2664 2073 't

1456 2091 1532 2130 Sed
1560 2092 1808 2141 proprietates
1836 2092 2015 2129 relativae
2043 2092 2083 2130 in
2114 2093 2196 2130 Deo
2226 2099 2262 2130 et
2293 2091 2521 2139 subsistunt,

1456 2153 1492 2182 et
1520 2145 1665 2182 realiter
1692 2145 1741 2182 ab
1770 2144 1936 2182 invicem
1966 2144 2261 2194 distinguuntur,
2289 2153 2332 2183 ut
2359 2157 2475 2195 supra
2500 2144 2522 2168 ³⁸¹
2548 2146 2573 2200 ’ς
2612 2161 2618 2168 ·

1455 2198 1598 2235 dictum
1627 2205 1694 2235 est.
1729 2198 1839 2235 Unde
1867 2199 2059 2246 pluralitas
2087 2199 2218 2236 talium
2245 2198 2521 2248 proprietatum
2548 2206 2572 2227 ⁴·

1455 2251 1592 2287 sufficit
1620 2250 1669 2287 ad
1697 2250 1949 2298 pluralitatem
1979 2249 1992 2272 ὅ
2020 2264 2275 2300 personarum
2303 2252 2341 2289 in
2371 2251 2519 2289 divinis.
2647 2248 2662 2274 ³

1508 2305 1567 2339 An
1586 2314 1746 2340 'marum
1765 2315 1948 2340 mcENDuM
1969 2304 2074 2352 quod
2093 2317 2115 2340 a
2130 2305 2227 2351 Deo,
2243 2312 2399 2354 propter
2417 2317 2520 2342 surn-

1455 2368 1560 2392 mam
1580 2356 1765 2393 unitatem
1788 2363 1823 2392 et
1842 2356 2130 2405 simplicitatem,
2157 2357 2368 2394 excluditur
2395 2357 2520 2394 omnis

1454 2409 1646 2458 pluralitas
1675 2409 1847 2445 absolute
1876 2409 2065 2446 dictorum
2084 2415 2115 2455 ‘;
2135 2421 2215 2446 non
2239 2417 2366 2446 autem
2394 2411 2520 2459 plura·
2649 2419 2660 2436 ⁸

1454 2462 1536 2499 litas
1556 2462 1794 2499 relationum.
1816 2461 1916 2508 Quia
1933 2461 1946 2488 ς
1966 2462 2166 2500 relationes
2184 2462 2453 2512 praedicantur
2471 2463 2520 2500 de
2645 2467 2662 2497 t

1455 2515 1581 2565 aliquo
1610 2522 1651 2551 ut
1683 2515 1732 2552 ad
1764 2515 1942 2560 alterum;
1974 2523 2010 2551 et
2042 2515 2096 2552 sic
2129 2515 2450 2564 compositionem
2482 2515 2520 2553 in

1453 2568 1537 2617 ipso
1558 2568 1605 2605 de
1625 2580 1702 2616 quo
1732 2567 1918 2614 dicuntur,
1944 2580 2023 2605 non
2050 2568 2268 2617 important,
2293 2576 2335 2605 ut
2363 2568 2520 2606 Boetius

1453 2621 1492 2658 in
1522 2621 1660 2658 eodem
1689 2621 1784 2657 libro
1803 2620 1823 2642 ²¹⁴
1852 2620 1975 2658 docet.
2391 2634 2400 2641 *

1507 2676 1566 2711 AD
1596 2685 1768 2716 QUARTUM
1797 2685 1980 2711 mceunum
2019 2673 2124 2722 quod
2157 2685 2340 2711 numerus
2369 2681 2424 2712 est
2451 2674 2519 2712 du—

1453 2728 1555 2776 plex:
1581 2726 1722 2763 scilicet
1749 2738 1930 2763 numerus
1962 2726 2123 2775 simplex
2150 2727 2213 2764 vel
2242 2727 2449 2775 absolutus,
2477 2735 2520 2765 ut

1453 2780 1530 2818 duo
1560 2788 1596 2816 et
1623 2779 1692 2816 tria
1720 2787 1757 2816 et
1783 2787 1967 2828 quatuor;
1990 2787 2026 2816 et
2053 2785 2067 2801 '¹
2094 2791 2279 2817 numerus
2307 2779 2373 2829 qui
2407 2787 2463 2818 est
2480 2779 2519 2818 in
2643 2787 2661 2812 ἰ

1452 2834 1566 2871 rebus
1595 2832 1823 2879 numeratis,
1854 2839 1895 2869 ut
1923 2832 2000 2869 duo
2030 2832 2206 2870 homines
2235 2840 2272 2870 et
2305 2833 2382 2870 duo
2417 2833 2516 2882 equi.

1453 2885 1493 2923 Si
1520 2885 1628 2934 igitur
1655 2885 1694 2922 in
1717 2884 1855 2922 divinis
1884 2885 2090 2934 accipiatur
2109 2897 2293 2922 numerus
2311 2883 2325 2906 ⁰
2345 2886 2517 2923 absolute
2643 2885 2658 2912 0

1452 2939 1532 2976 sive
1561 2939 1767 2984 abstracte,
1797 2938 1887 2975 nihil
1919 2938 2095 2987 prohibet
2122 2937 2160 2975 in
2197 2950 2244 2975 eo
2273 2950 2356 2975 esse
2393 2945 2517 2976 totum

1452 3000 1488 3028 et
1515 2999 1663 3040 partem
1682 2991 1718 3028 *t
1747 2998 1783 3027 et
1811 2991 1889 3027 sic‘
1919 3004 1997 3028 non
2031 2998 2087 3028 est
2120 2990 2190 3028 nisi
2224 2990 2262 3027 in
2296 2991 2517 3040 acceptione

1450 3045 1657 3082 intellectus
1685 3043 1820 3089 nostri;
1851 3056 1930 3081 non
1969 3044 2071 3081 enim
2109 3055 2292 3081 numerus
2321 3045 2516 3082 absolutus

1451 3110 1472 3134 a
1493 3098 1606 3134 rebus
1635 3097 1842 3134 numeratis
1868 3105 1922 3133 est
1942 3097 2012 3134 nisi
2030 3096 2069 3133 in
2097 3096 2297 3134 intellectu.
2320 3097 2360 3134 Si
2387 3105 2517 3135 autem

1450 3150 1681 3199 accipiamus
1709 3162 1915 3186 numerum
1943 3156 2057 3198 prout
2086 3156 2142 3186 est
2169 3150 2207 3186 in
2236 3151 2348 3187 rebus
2381 3162 2515 3187 nurne-

1451 3202 1548 3248 ratis‚
1570 3203 1622 3239 sic
1650 3202 1689 3239 in
1718 3203 1831 3239 rebus
1851 3202 2007 3250 quidem
2038 3202 2181 3249 creatis,
2202 3215 2324 3239 unum
2353 3210 2408 3240 est
2426 3215 2514 3252 pars

1451 3255 1628 3302 duorum,
1651 3263 1687 3292 et
1715 3255 1791 3292 duo
1821 3256 1952 3302 trium,
1981 3262 2023 3292 ut
2049 3267 2148 3292 unus
2176 3255 2296 3292 homo
2325 3255 2512 3304 duorum,

1451 3316 1486 3345 et
1515 3309 1591 3346 duo
1621 3308 1755 3345 trium:
1786 3309 1854 3346 sed
1874 3321 1952 3345 non
1971 3315 2026 3344 est
2045 3307 2097 3344 sic
2113 3314 2125 3328 ²
2146 3308 2183 3345 in
2203 3309 2300 3355 Deo,
2326 3308 2415 3357 quia
2434 3316 2514 3346 tan-
2640 3315 2656 3333 ¹‘

1450 3369 1509 3398 tus
1526 3369 1582 3398 est
1591 3362 1703 3398 Pater
1719 3369 1859 3410 quanta
1873 3368 1952 3397 tota
1967 3360 2144 3409 Trinitas,
2161 3368 2202 3397 ut
2216 3361 2311 3398 infra
2325 3361 2344 3383 *
2357 3360 2511 3410 patebit.
2541 3342 2671 3396 :aqi-'¹¹³'
2681 3345 2755 3370 “²⁴⁶

1503 3475 1528 3507 ζ)
1545 3476 1623 3506 Quia.
1637 3489 1655 3494 -
1671 3475 1750 3506 Quod
1763 3475 1803 3500 ed.
1817 3482 1842 3503 a,
1858 3474 1933 3504 Quae
1945 3474 1989 3499 Pb.
2002 3488 2021 3493 —
2036 3477 2065 3499 ut
2081 3478 2141 3498 ante
2154 3473 2192 3498 ad
2206 3474 2320 3499 alterum
2336 3482 2389 3500 om.
2402 3473 2513 3499 ACEsB.
2526 3502 2543 3522 t

1502 3510 1530 3577 3))
1545 3510 1846 3576 Σὲἒίἕὶξῖυξςξηῗῆιενω.
1864 3558 1883 3563 -
1901 3544 2062 3576 accipiamus
2082 3550 2219 3569 numerum
2240 3544 2350 3570 codices.

1503 3580 1521 3611 ι)
1541 3583 1566 3604 et
1584 3581 1629 3605 sic.
1647 3593 1667 3599 -
1683 3580 1746 3612 quia
1765 3580 1803 3605 sic
1821 3580 1879 3604 edd.
1897 3587 1914 3603 a
1926 3580 1949 3604 b.
1966 3593 1985 3599 ·-
2004 3579 2150 3604 numeratis
2168 3587 2221 3605 om.
2237 3579 2291 3605 FG.

1502 3615 1527 3647 κ)
1547 3615 1594 3640 sed
1612 3622 1664 3639 non
1684 3618 1723 3640 est
1741 3615 1786 3640 sic.
1805 3628 1823 3633 -
1841 3618 1867 3639 et
1885 3615 1923 3640 sic
1942 3622 1993 3640 non
2013 3618 2052 3640 est
2071 3613 2180 3639 PFGab.
