2768 4178
286 263 390 310 ,414

72 1260 86 1271 ¹⁵
100 1259 137 1282 Cf.
151 1265 216 1282 num.
231 1266 263 1281 ix.

75 1303 85 1313 '¹
101 1302 137 1324 Cf.
152 1308 215 1323 num.
231 1308 253 1323 x.

73 1329 97 1341 ’¹'
112 1329 148 1351 cf.
163 1335 228 1351 num.
237 1334 286 1350 xiv.

75 1786 88 1798 ⁴*
101 1785 172 1813 Opin.
186 1791 209 1814 3.

75 2094 87 2106 ⁸
101 2093 169 2116 Vers.
182 2101 207 2121 4.

1019 252 1286 299 QUAESTIO
1316 253 1402 301 XL,

309 332 414 380 ipsae
443 331 645 368 relationes
674 331 929 369 subsistentes.
959 332 1071 369 Unde
1095 344 1174 368 non
1193 339 1378 380 repugnat

310 384 535 433 simplicitati
565 384 777 422 divinarum
801 397 1065 434 personarum,
1095 386 1201 433 quod
1229 385 1378 422 relatio-

310 438 421 474 nibus
451 437 734 486 distinguantur.

363 492 423 527 AD
452 503 642 528 SECUNDUM
670 503 854 528 DxcENDUM
883 491 987 539 quod
1014 503 1203 540 personae
1224 490 1377 528 divinae

310 556 389 580 non
419 543 695 591 distinguuntur
723 544 762 580 in
791 556 873 581 esse
901 544 939 580 in
968 556 1045 592 quo
1074 543 1293 591 subsistunt,
1314 556 1379 580 ne-

312 609 387 646 que
406 602 418 617 ⁰
442 597 480 634 in
500 597 627 646 aliquo
648 598 844 634 absoluto:
874 597 943 634 sed
963 598 1089 634 solum
1109 597 1322 634 secundum
1340 597 1379 634 id

311 649 418 699 quod
437 650 488 687 ad
511 651 654 698 aliquid
681 650 866 687 dicuntur.
897 650 1007 687 Unde
1028 650 1078 686 ad
1099 662 1230 686 earum
1251 649 1380 687 distin-

312 703 479 740 ctionem
507 703 647 740 sufficit
674 704 818 741 relatio.

364 758 423 793 AD
456 768 615 794 TERTmM
649 769 833 794 DICENDUM
868 756 973 805 quod
1011 762 1154 804 quanto
1194 755 1379 792 distinctio

310 809 416 859 prior
444 817 514 858 est,
544 817 650 847 tanto
677 810 930 859 propinquior
957 816 1013 846 est
1040 808 1184 845 unitati.
1216 809 1265 845 Et
1293 809 1380 845 ideo

1432 253 1729 290 ARTICULUS
1759 254 1791 289 ΙΙ

1435 332 1548 369 debet
1568 344 1650 368 esse
1670 331 1841 369 minima.
1867 333 1917 369 Et
1935 332 2023 369 ideo
2044 332 2231 369 distinctio
2250 345 2502 381 personarum

1434 398 1513 422 non
1552 385 1666 422 debet
1694 397 1777 422 esse
1806 385 1875 422 nisi
1903 397 1971 434 per
1999 384 2037 422 id
2066 386 2172 433 quod
2200 385 2403 423 minimum
2430 386 2503 423 dis-

1433 438 1577 486 tinguit,
1608 438 1748 475 scilicet
1773 451 1844 487 per
1871 438 2106 475 relationem.

1486 493 1545 528 AD
1562 503 1735 534 QUARTUM
1753 503 1938 529 menapum
1954 491 2058 540 quod
2078 490 2208 528 relatio
2229 491 2504 540 praesupponit

1436 544 1715 582 distinctionem
1737 545 2035 594 suppositorum,
2053 544 2209 594 quando
2231 552 2286 581 est
2305 545 2502 581 accidens:

1435 598 1502 635 sed
1522 598 1552 635 si
1572 598 1702 635 relatio
1723 598 1769 635 sit
1788 598 2008 646 subsistens,
2029 610 2109 635 non
2127 598 2413 646 praesupponit,
2435 598 2504 635 sed

1435 663 1567 688 secum
1587 652 1658 688 fert
1678 651 1970 688 distinctionem.
2002 652 2102 688 Cum
2123 651 2225 687 enim
2246 651 2380 688 dicitur
2398 652 2504 699 quod

1436 704 1581 741 relativi
1610 717 1692 741 esse
1722 713 1778 742 est
1805 705 1854 742 ad
1873 705 1976 742 aliud
2004 717 2045 742 se
2073 705 2227 752 habere,
2256 716 2326 753 per
2344 704 2382 753 ly
2401 704 2506 741 aliud

1436 756 1649 804 intelligitur
1677 758 1958 806 correlativum,
1978 758 2083 807 quod
2112 770 2191 795 non
2212 765 2269 794 est
2286 757 2404 806 prius,
2434 756 2503 794 sed

1437 809 1548 845 simul
1576 817 1722 847 natura.

366 942 392 975 o)
413 942 439 967 in
459 949 555 968 esse...
569 949 661 975 neque.
679 955 698 960 -
717 942 847 967 Omittunt
866 941 977 966 codices.
994 955 1014 960 -
1032 941 1058 966 in
1079 946 1138 966 ante
1157 940 1247 973 aliquo
1266 940 1389 965 omittunt
1402 940 1525 966 ABCDE.

991 1029 1325 1063 Commentafia
1348 1028 1600 1062 cardinalis
1622 1029 1823 1062 Caietam

343 1131 364 1150 N
387 1120 480 1151 titulo
504 1119 666 1160 quaeritur
688 1129 755 1150 non
775 1119 813 1150 de
829 1129 1046 1160 quocumque,
1068 1119 1122 1150 sed
1141 1119 1180 1149 de
1193 1120 1302 1159 primo
1319 1118 1379 1149 dis-

316 1132 473 1195 Itinctivo
484 1168 494 1194 z'
513 1174 554 1194 an
569 1164 686 1194 scilicet
701 1163 869 1194 relationes
886 1163 1079 1204 distinguant
1094 1163 1199 1203 primo
1216 1173 1379 1204 personas.

371 1209 406 1238 In
430 1218 562 1248 corpore
593 1215 732 1248 quatuor
761 1207 851 1239 facit:
876 1208 998 1248 primo,
1023 1207 1194 1249 praemittit
1223 1208 1381 1249 quaedam

313 1252 500 1289 necessaria;
525 1253 682 1289 secunde,
707 1252 800 1283 refert
822 1252 983 1293 quandam
1012 1252 1200 1292 opinionem
1219 1250 1248 1288 *;
1273 1252 1379 1288 tertio,

313 1297 472 1337 improbat
495 1307 566 1327 eam
581 1294 610 1333 *;
636 1303 666 1327 et
689 1303 813 1337 quart0,
838 1297 1009 1337 respondet
1031 1296 1175 1337 quaesito
1191 1296 1234 1327 **.

369 1341 406 1372 11.
431 1341 547 1379 Quoad
558 1342 715 1382 primum,
733 1341 791 1372 tria
807 1341 988 1381 praemittit,
1005 1341 1136 1372 scilicet:
1162 1341 1379 1372 necessitatem

313 1387 467 1426 quaesiti,
492 1385 567 1426 quia
590 1391 664 1416 sunt
691 1385 735 1415 ibi
758 1385 850 1426 plura
874 1385 1142 1416 communicantia
1165 1385 1198 1416 in
1215 1395 1292 1416 uno.
1307 1402 1326 1407 —
1341 1386 1381 1416 Et

313 1431 429 1460 limites
451 1431 664 1470 quaestionis:
687 1429 762 1470 quia
785 1439 851 1460 non
875 1436 921 1460 est
943 1429 1124 1470 vagandum
1146 1429 1180 1460 in
1199 1430 1381 1471 quaerendo

314 1474 499 1510 distinctiva,
524 1474 579 1504 sed
595 1473 745 1504 standum
768 1473 848 1504 infra
869 1473 946 1504 haec
961 1474 1037 1510 duo,
1062 1473 1180 1504 scilicet
1195 1474 1381 1505 relationem

313 1525 344 1549 et
367 1518 531 1558 originem,
552 1518 627 1559 quia
650 1518 827 1548 secundum
844 1518 921 1549 haec
938 1518 1004 1548 duo
1020 1527 1174 1558 personae
1190 1518 1346 1549 differunt.
1363 1536 1381 1541 —

313 1563 355 1593 Et
376 1562 590 1603 differentiam
610 1562 691 1592 inter
713 1562 789 1592 haec
810 1562 874 1593 duo
891 1569 986 1603 atque
1002 1563 1278 1593 convenientiam:
1300 1573 1381 1603 quo-

313 1607 401 1637 niam
424 1613 498 1637 sunt
514 1617 578 1637 una
593 1616 651 1643 res,
669 1613 700 1637 et
716 1606 863 1637 differunt
885 1606 918 1636 in
942 1606 1042 1637 modo
1066 1606 1281 1646 significandi;
1305 1617 1381 1637 nam

313 1651 423 1682 relatio
447 1650 640 1691 significatur
654 1660 711 1691 per
726 1651 863 1681 modum
886 1650 1018 1687 formae,
1039 1651 1128 1691 origo
1147 1661 1223 1682 vero
1240 1661 1296 1692 per
1311 1661 1381 1682 mo-

314 1695 393 1726 dum
417 1702 514 1726 actus.

373 1739 424 1770 111.
446 1739 537 1770 Circa
558 1738 674 1770 limites
698 1738 841 1780 quaesiti,
866 1739 991 1770 adverte
1014 1739 1120 1779 primo
1144 1739 1233 1780 quod
1256 1740 1380 1777 Scotus,

314 1784 348 1814 in
370 1794 442 1814 xxvr
466 1783 666 1814 distinctione
684 1783 779 1814 Primi
797 1781 822 1819 *,
847 1783 907 1813 nisi
930 1783 1055 1814 timeret
1077 1783 1234 1814 Ecclesiae
1258 1791 1381 1815 contra-

315 1828 426 1864 dicere,
446 1827 584 1858 ostendit
599 1838 631 1858 se
647 1827 728 1858 velle
750 1828 883 1858 libenter
905 1834 1009 1858 tenere
1025 1828 1115 1868 quod
1133 1827 1166 1858 in
1182 1838 1318 1868 persona
1337 1829 1381 1859 di-

313 1872 395 1908 vina,
420 1878 541 1912 praeter
564 1872 731 1902 essentiam
755 1881 963 1902 communem
985 1871 1084 1903 tribus
1098 1895 1105 1907 ‚
1138 1878 1169 1902 et
1194 1873 1381 1903 relationem

314 1927 350 1947 ac
373 1916 529 1956 originem
552 1916 666 1957 cuique
686 1926 839 1956 personae
853 1916 1025 1956 propriam,
1043 1916 1083 1946 sit
1096 1916 1254 1956 quaedam
1270 1917 1381 1948 entitas

314 1961 459 1991 absoluta
484 1960 808 1996 incommunicabilis,
838 1970 920 2001 quae
950 1967 997 1991 est
1026 1959 1229 1991 constitutiva
1258 1961 1381 1992 divinae

314 2015 477 2045 personae.
503 2004 696 2045 Inchoatque
711 2004 905 2044 positionem
924 2003 1005 2035 hanc
1021 2014 1038 2034 a
1055 2004 1139 2035 dicto
1161 2005 1303 2046 quodam
1318 2006 1381 2037 Bo-

314 2056 514 2085 naventurae,
531 2049 565 2078 in
579 2059 639 2079 xxv
655 2048 855 2079 distinctione
874 2049 981 2080 Primi.
997 2066 1015 2072 -
1032 2049 1221 2090 Fundatque
1238 2059 1270 2080 se
1287 2060 1383 2091 super

314 2093 498 2124 auctoritate
526 2093 720 2133 Scripturae,
744 2094 894 2124 Proverb.
910 2103 968 2123 xxx
984 2093 1015 2123 *z
1043 2092 1138 2130 Quod
1161 2104 1275 2125 nomen
1300 2096 1379 2133 eius,

314 2143 345 2168 et
367 2138 452 2178 quod
475 2147 589 2168 nomen
606 2138 681 2168 Filii
704 2138 783 2175 eius,
807 2139 835 2168 si
859 2137 969 2168 nosti?
991 2147 1125 2178 arguens
1149 2138 1202 2170 sic.
1228 2139 1380 2176 Quaestio

315 2182 437 2223 quaerit
455 2181 600 2218 dubium,
620 2188 651 2212 et
667 2181 820 2222 supponit
843 2181 961 2222 aliquid
985 2189 1122 2213 certum:
1147 2181 1205 2213 ista
1229 2183 1383 2223 supponit

315 2226 391 2256 Filii
414 2236 542 2262 nomen,
562 2232 592 2256 et
608 2226 729 2266 quaerit
744 2235 863 2256 nomen
879 2225 1046 2266 proprium
1063 2225 1143 2256 eius:
1169 2236 1243 2267 ergo
1257 2227 1382 2267 filiatio

315 2280 382 2300 non
407 2276 453 2300 est
475 2269 542 2300 eius
573 2279 692 2299 nomen
723 2270 890 2310 proprium
913 2276 944 2300 et
967 2269 1218 2301 constitutivum.
1242 2288 1261 2294 -
1284 2270 1383 2302 Affert

316 2324 447 2354 quoque
467 2314 582 2344 multas
606 2313 742 2344 rationes
766 2320 796 2344 et
818 2313 1034 2344 auctoritates:
1059 2314 1185 2354 quibus,
1210 2314 1285 2355 quia
1301 2315 1382 2355 ipse-

271 2373 276 2376 ·
316 2365 383 2389 met
406 2358 584 2398 respondet,
610 2357 755 2394 dimissis,
780 2358 936 2398 praedicta
960 2358 1026 2388 duo
1049 2358 1235 2388 declaranda
1257 2366 1341 2390 sunt.

76 2496 86 2506 ⁶
102 2495 150 2523 Qu.
165 2501 202 2518 ω.

376 2403 428 2433 IV.
454 2402 484 2433 S.
500 2402 723 2432 Bonaventura
745 2402 778 2443 in
801 2402 911 2442 primis
939 2412 1006 2432 non
1030 2409 1076 2432 est
1103 2401 1172 2433 talis
1201 2403 1381 2442 opinionis,

316 2447 405 2487 quod
429 2456 582 2486 personae
606 2446 729 2476 divinae
760 2446 822 2477 sint
850 2446 1033 2477 absolutae:
1065 2453 1100 2477 ut
1131 2456 1273 2486 expresse
1297 2454 1383 2487 patet

315 2491 349 2521 in
371 2501 443 2520 xxvr
467 2490 666 2521 distinctione
689 2490 786 2520 Primi
810 2490 858 2521 sui
873 2490 900 2526 *,
925 2490 980 2521 ubi
1003 2490 1095 2531 ponit
1117 2491 1324 2531 proprietates
1348 2499 1384 2523 ut

317 2534 452 2575 origines
476 2534 666 2574 distinguere
690 2544 849 2575 personas,
874 2534 916 2565 ita
940 2534 1038 2575 quod,
1064 2534 1108 2564 eis
1127 2535 1296 2572 abstractis,
1317 2546 1383 2567 non

316 2585 480 2610 remanent
499 2579 693 2620 hypostases.
711 2579 869 2620 Ponitque
893 2588 1005 2609 omnes
1024 2578 1230 2618 proprietates
1254 2589 1321 2610 esse
1337 2590 1383 2611 re-

316 2623 449 2654 lationes
472 2633 527 2654 seu
552 2623 702 2663 origines,
723 2630 851 2664 excepta
873 2623 1129 2659 innascibilitate,
1155 2633 1237 2664 quae
1261 2630 1308 2655 est
1330 2634 1383 2655 ne-

316 2667 428 2708 gativa.

375 2711 431 2742 Illa
453 2721 527 2741 vero
551 2711 645 2742 verba
668 2721 749 2751 quae
773 2711 887 2742 Scotus
910 2711 1047 2748 adducit,
1072 2717 1147 2742 sunt
1169 2711 1300 2752 quidem
1319 2713 1383 2743 Bo-

316 2762 524 2791 naventurae,
554 2756 609 2786 sed
637 2756 676 2785 ad
705 2755 791 2786 aliud
820 2755 1032 2795 propositum.
1065 2755 1135 2796 Ipse
1159 2755 1301 2787 enimin
1325 2767 1385 2788 xxv

317 2799 516 2830 distinctione
531 2799 638 2836 Primi,
658 2805 714 2830 art.
736 2797 783 2835 1⁸¹,
800 2810 953 2840 quaerens
976 2800 1015 2830 de
1038 2799 1265 2840 significatione
1288 2801 1383 2832 huius

316 2843 456 2874 nominis
466 2853 618 2884 persona,
644 2850 729 2874 tenet
752 2844 840 2884 quod
864 2854 1008 2884 persona,
1026 2844 1065 2874 de
1080 2844 1217 2884 generali
1232 2851 1262 2875 et
1278 2845 1382 2885 primo

316 2887 501 2928 significato,
517 2888 668 2928 importat
683 2887 907 2918 substantiam:
933 2888 972 2918 de
988 2888 1115 2928 speciali
1130 2898 1206 2919 vero
1223 2895 1254 2919 et
1269 2889 1383 2920 ultimo

316 2931 499 2972 significato,
524 2932 675 2972 importat
698 2932 900 2968 relationem,
925 2932 999 2973 quia
1021 2932 1055 2962 in
1078 2931 1191 2963 divinis
1207 2933 1381 2973 proprietas

316 2976 490 3017 personalis
513 2982 559 3007 est
581 2976 703 3007 relatio.
727 2977 768 3007 Et
786 2976 887 3016 arguit
903 2983 1011 3007 contra
1027 2985 1078 3007 se:
1103 2976 1178 3017 quia
1194 2977 1255 3008 dici
1271 2987 1382 3009 secun-

316 3021 395 3051 dum
422 3020 629 3051 substantiam
653 3026 683 3051 et
707 3021 883 3051 secundum
914 3020 1118 3057 relationem,
1144 3020 1383 3062 distinguuntur

315 3065 348 3095 in
365 3064 477 3095 divinis
494 3075 530 3095 ex
546 3064 714 3105 opposito;
739 3074 813 3105 ergo
838 3075 903 3095 non
927 3071 1032 3105 potest
1054 3075 1190 3105 persona
1209 3065 1305 3096 simul
1321 3066 1381 3097 dici

316 3109 492 3139 secundum
516 3108 723 3139 substantiam
747 3118 784 3138 ex
807 3109 942 3148 generali
966 3116 997 3140 et
1019 3109 1133 3148 primo,
1150 3116 1181 3140 et
1203 3110 1381 3140 secundum

315 3153 500 3183 relationem
524 3163 561 3183 ex
585 3152 711 3193 speciali
739 3159 769 3183 et
795 3153 920 3183 ultimo.
951 3154 992 3184 Et
1014 3153 1184 3193 respondet
1207 3154 1296 3194 quod
1319 3154 1380 3184 dici

316 3198 491 3227 secundum
515 3197 724 3227 substantiam
746 3197 903 3227 invenitur
927 3197 1109 3237 dupliciter:
1135 3197 1249 3238 primo,
1270 3208 1380 3228 secun-

317 3241 394 3271 dum
418 3241 654 3272 substantialem
678 3241 863 3277 essentiam;
888 3242 1041 3278 secundo,
1072 3242 1248 3272 secundum
1276 3241 1381 3283 hypo-

316 3285 433 3316 stasim.
458 3286 499 3316 Et
521 3286 609 3326 quod
629 3285 690 3316 dici
709 3285 885 3315 secundum
909 3285 1115 3316 substantiam
1139 3285 1243 3326 primo
1269 3286 1379 3322 modo,

317 3329 518 3369 distinguitur
541 3336 649 3359 contra
673 3329 733 3360 dici
758 3329 934 3359 secundum
958 3330 1158 3360 relationem:
1183 3340 1249 3360 non
1273 3336 1380 3360 autem

316 3374 455 3403 secundo
472 3373 580 3410 modo,
605 3373 679 3414 quia
703 3373 885 3410 substantia,
906 3373 985 3404 idest
1007 3373 1194 3415 hypostasis,
1220 3374 1259 3404 ad
1276 3373 1380 3404 divina

317 3417 509 3447 contrahitur
532 3427 587 3457 per
610 3417 805 3448 relationem.

373 3461 419 3490 Ex
443 3461 504 3491 hoc
528 3468 634 3491 autem
659 3461 743 3492 dicto
765 3461 864 3502 liquet
887 3461 981 3492 etiam
1006 3461 1104 3492 caecis
1127 3461 1216 3502 quod
1239 3471 1306 3492 non
1321 3471 1378 3501 po-

316 3504 400 3534 nitur
423 3515 441 3534 a
464 3505 684 3535 Bonaventura
701 3505 816 3546 duplex
840 3515 887 3535 res
911 3505 1064 3542 absoluta,
1090 3506 1184 3536 altera
1207 3505 1378 3536 essentialis

317 3555 347 3578 et
369 3548 463 3578 altera
487 3549 693 3589 hypostatica,
714 3556 749 3580 ut
768 3549 880 3586 Scotus
904 3548 1019 3589 fingere
1043 3549 1152 3580 vellet:
1177 3549 1231 3580 sed
1247 3549 1380 3580 habetur

316 3599 439 3623 tantum
463 3593 552 3632 quod
575 3593 747 3624 substantia
766 3593 931 3634 dupliciter
950 3593 1094 3630 sumitur,
1113 3600 1143 3624 et
1158 3603 1216 3634 pro
1236 3593 1378 3630 essentia,

1436 1126 1467 1150 et
1490 1129 1548 1159 pro
1571 1119 1736 1160 hypostasi
1759 1118 1863 1162 (quod
1887 1120 1982 1151 etiam
2005 1119 2139 1151 habetur
2156 1120 2384 1161 VMetaphys.
2399 1119 2450 1163 *);
2475 1128 2506 1152 et

1435 1164 1525 1204 quod
1552 1163 1726 1194 substantia
1754 1164 1895 1195 secundo
1923 1164 2041 1201 modo,
2070 1164 2151 1195 idest
2173 1164 2367 1205 hypostasis,
2392 1165 2506 1196 dicitur

1435 1207 1608 1239 formaliter
1627 1208 1666 1238 de
1685 1218 1820 1249 persona
1844 1208 1966 1245 divina;
1992 1215 2022 1239 et
2045 1208 2134 1249 quod
2153 1208 2249 1239 simul
2269 1215 2299 1239 et
2315 1209 2413 1239 semel
2435 1219 2505 1249 per-

1435 1262 1515 1282 sona
1529 1252 1635 1282 divina
1649 1260 1696 1283 est
1711 1252 1901 1293 hypostasis,
1918 1259 1949 1283 et
1964 1259 2070 1283 tamen
2094 1252 2214 1289 relatio,
2232 1259 2291 1284 etc.
2315 1253 2403 1284 Haec
2419 1253 2505 1284 enim

1436 1297 1546 1327 omnia
1572 1296 1758 1327 communia
1781 1303 1855 1327 sunt
1879 1297 2029 1327 omnibus
2053 1296 2221 1336 theologis.
2238 1314 2257 1320 -
2274 1297 2374 1328 Valde
2397 1304 2505 1328 autem

1435 1341 1553 1371 mirum
1566 1348 1613 1372 est
1622 1341 1684 1371 hoc
1695 1340 1820 1381 imponi
1831 1341 2082 1378 Bonaventurae,
2100 1351 2175 1372 cum
2189 1341 2222 1371 in
2235 1341 2319 1372 calce
2333 1341 2418 1372 illius
2433 1342 2505 1373 arti-

1436 1385 1499 1416 culi
1510 1385 1528 1404 '¹‘
1543 1395 1686 1425 expresse
1701 1385 1783 1416 dicat
1798 1386 1887 1426 quod
1902 1395 2039 1426 persona
2053 1385 2152 1416 Patris
2168 1395 2235 1416 non
2250 1392 2357 1426 potest
2369 1386 2506 1417 abstrahi

1435 1439 1453 1460 a
1476 1430 1670 1470 paternitate,
1694 1429 1780 1460 salva
1802 1440 1859 1460 sua
1882 1430 2115 1470 personalitate.
2140 1429 2227 1468 Quid
2243 1428 2379 1461 clarius?
2401 1437 2460 1462 etc.

1494 1474 1532 1505 V.
1557 1474 1608 1504 Ad
1631 1474 1663 1504 id
1685 1483 1760 1504 vero
1785 1474 1967 1504 Salomonis
1986 1471 2020 1510 *,
2053 1474 2142 1515 quod
2166 1474 2280 1505 Scotus
2310 1474 2389 1506 tanti
2412 1474 2504 1512 facit,

1436 1517 1585 1549 facillime
1601 1518 1811 1558 respondetur
1827 1518 1916 1559 quod
1935 1525 1981 1549 est
1996 1518 2216 1560 aequivocatio
2232 1518 2271 1549 de
2286 1519 2418 1550 nomine
2433 1518 2506 1550 Filii

1435 1562 1505 1593 Dei.
1528 1562 1703 1602 Dupliciter
1719 1562 1805 1593 enim
1820 1569 1926 1603 potest
1944 1562 2112 1599 nominari,
2129 1563 2211 1595 sicut
2226 1569 2257 1594 et
2272 1563 2413 1604 concipi:
2437 1573 2505 1594 uno

1435 1607 1546 1643 modo,
1571 1607 1748 1637 secundum
1771 1617 1877 1643 suum,
1902 1613 1938 1637 ut
1960 1606 2003 1638 ita
2027 1607 2139 1643 dicam,
2156 1607 2242 1648 quod
2256 1608 2334 1648 quid
2349 1613 2396 1639 est
2402 1617 2418 1646 ;
2441 1607 2505 1638 alio

1435 1651 1546 1688 modo,
1572 1651 1748 1682 secundum
1766 1658 1939 1692 conceptus
1955 1658 1986 1682 et
2000 1651 2132 1682 nomina
2156 1661 2193 1682 ex
2216 1651 2364 1682 creaturis
2387 1653 2506 1683 abstra-

1435 1695 1553 1726 hibilia.
1574 1695 1614 1726 Et
1628 1695 1732 1735 primo
1749 1695 1880 1736 quidem
1896 1695 2006 1732 modo,
2024 1695 2151 1726 nullum
2166 1705 2296 1732 nomen,
2314 1706 2380 1726 non
2396 1696 2505 1727 solum

1435 1739 1518 1776 Filii,
1542 1740 1597 1770 sed
1620 1749 1678 1770 nee
1701 1739 1760 1770 Dei
1783 1739 1956 1770 habemus:
1981 1739 2135 1780 scriptum
2154 1746 2200 1770 est
2215 1740 2311 1776 enim,
2328 1740 2394 1771 Isa.
2409 1750 2464 1771 Lm
2477 1739 2504 1777 ¹⁸,

1435 1785 1678 1825 generationem
1703 1785 1772 1814 eius
1786 1785 1858 1824 quis
1874 1784 2039 1814 enarrabit
2049 1784 2068 1814 ?
2090 1784 2132 1814 Et
2147 1783 2190 1814 sic
2205 1784 2310 1815 Filius
2324 1790 2371 1815 est
2385 1793 2505 1815 nomen

1435 1827 1603 1868 proprium
1619 1828 1775 1858 secundae
1791 1827 1948 1858 Personae
1964 1828 2097 1864 divinae,
2110 1827 2191 1859 inter
2205 1828 2339 1858 nomina
2354 1827 2507 1868 parientia

1435 1872 1528 1902 nobis
1552 1871 1769 1912 cognitionem
1787 1873 1863 1912 quia
1880 1877 1936 1903 est.
1961 1872 2003 1903 Et
2019 1882 2092 1902 curn
2112 1871 2184 1908 hoc,
2202 1881 2322 1903 nomen
2338 1872 2507 1913 proprium

1435 1916 1594 1957 pertinens
1611 1916 1650 1946 ad
1667 1916 1884 1956 cognitionem
1899 1916 1976 1957 quid
1991 1921 2048 1954 est,
2062 1923 2109 1947 est
2122 1915 2289 1948 ineffabile.
2306 1916 2395 1948 Sicut
2410 1916 2507 1948 etiam

1433 1961 1524 1992 Deus
1547 1967 1594 1991 est
1616 1970 1735 1991 nomen
1764 1960 1932 2001 proprium
1962 1960 2061 2001 ipsius
2089 1960 2167 1991 Dei:
2199 1966 2230 1992 et
2257 1966 2363 1991 tamen
2386 1970 2507 1992 nomen

1436 2004 1614 2045 significans
1638 2005 1715 2045 quid
1737 2010 1783 2035 est
1805 2005 1907 2042 Deus,
1931 2004 2087 2036 ineffabile
2111 2011 2167 2036 est.

1493 2049 1546 2080 Vl.
1571 2048 1663 2080 Circa
1687 2049 1817 2079 eosdem
1840 2049 1955 2080 limites
1980 2049 2113 2090 quaesiti
2129 2048 2162 2086 *,
2187 2049 2313 2080 adverte
2343 2049 2504 2086 secundo,

1435 2093 1525 2134 quod
1548 2094 1715 2124 relationis
1737 2093 1868 2123 nomine
1888 2096 2009 2124 Auctor
2031 2093 2177 2133 intelligit
2198 2093 2302 2134 ipsam
2320 2093 2507 2124 relationem

1435 2137 1631 2174 indistincte;
1655 2137 1736 2168 idest
1751 2147 1818 2168 non
1835 2138 1975 2168 curando
1995 2137 2099 2178 ipsam
2114 2137 2305 2178 distinguere
2320 2137 2354 2168 in
2368 2137 2506 2179 seipsam

1436 2189 1472 2213 ut
1494 2182 1589 2213 habet
1611 2188 1718 2212 actum
1741 2181 1920 2218 relationis,
1952 2188 1983 2212 et
2005 2182 2039 2212 in
2062 2182 2200 2223 seipsam
2223 2188 2259 2213 ut
2281 2182 2376 2214 habet
2398 2188 2507 2214 actum

1436 2226 1645 2267 proprietatis.
1670 2226 1710 2256 Et
1729 2233 1894 2266 propterea
1918 2226 2036 2266 pluries
2058 2226 2091 2257 in
2115 2226 2174 2257 hac
2195 2226 2299 2257 littera
2317 2226 2413 2258 simul
2432 2226 2507 2258 dicit

1430 2271 1662 2310 proprietatem
1687 2270 1737 2301 vel
1759 2269 1960 2301 relationem.
1988 2270 2069 2301 Dico
2094 2277 2201 2301 autem
2225 2270 2302 2307 hoc,
2333 2270 2504 2312 quoniam,

1435 2320 1472 2345 ut
1487 2313 1617 2344 inferius
1627 2313 1644 2332 *
1659 2313 1786 2353 patebit,
1800 2313 1832 2343 in
1845 2323 1980 2354 persona
1997 2314 2102 2345 divina
2115 2321 2161 2345 est
2177 2324 2241 2345 una
2259 2324 2307 2345 res
2323 2314 2505 2356 respectiva,

1436 2357 1609 2398 significata
1630 2364 1666 2388 ut
1684 2357 1785 2397 origo,
1810 2363 1841 2388 et
1863 2364 1900 2388 ut
1922 2357 2032 2389 relatio
2055 2358 2248 2399 inquantum
2271 2359 2392 2395 relatio,
2417 2365 2449 2390 et
2470 2366 2508 2390 ut

1436 2402 1611 2443 proprietas
1627 2401 1828 2432 individualis
1843 2411 1898 2432 seu
1914 2402 2099 2442 personalis.
2116 2402 2235 2433 Littera
2250 2408 2357 2433 tamen
2373 2402 2506 2434 ultimos

1436 2447 1553 2477 modos
1569 2446 1628 2477 sub
1645 2456 1711 2477 uno
1735 2446 1786 2477 hic
1810 2446 2059 2486 comprehendit,
2076 2446 2200 2487 triplici,
2216 2453 2253 2478 ut
2275 2456 2356 2483 reor,
2373 2446 2505 2479 ratione.

1436 2490 1555 2527 Primo,
1579 2490 1654 2532 quia
1677 2500 1744 2520 non
1759 2490 1914 2521 habemus
1937 2491 2070 2521 nomina
2092 2491 2269 2531 primarum
2290 2491 2507 2523 intentionum

1437 2534 1625 2576 pertinentia
1648 2534 1688 2565 ad
1710 2534 1926 2575 proprietates,
1951 2534 2011 2565 nisi
2035 2535 2202 2566 relationis
2224 2535 2275 2565 vel
2297 2536 2445 2576 originis,
2470 2541 2508 2567 ut

1437 2585 1523 2620 patet
1546 2578 1760 2609 discurrendo.
1785 2578 1949 2615 Secundo,
1974 2578 2050 2620 quia
2073 2579 2207 2610 alterum
2230 2579 2423 2616 membrum,
2447 2578 2506 2611 sci-

1436 2623 1509 2654 licet
1531 2623 1650 2659 relatio,
1675 2622 1759 2653 salva
1782 2633 1840 2653 sua
1863 2622 1994 2659 ratione,
2018 2629 2143 2664 poterat
2158 2623 2387 2663 subdistingui;
2412 2629 2449 2654 ut
2467 2623 2506 2654 de

1437 2667 1520 2698 facto
1545 2667 1790 2698 subdistinctum
1806 2674 1852 2698 est
1867 2667 1900 2697 in
1915 2667 2018 2698 littera
2033 2667 2138 2708 quarti
2159 2667 2394 2698 articuli-huius
2410 2677 2506 2709 quae-

1437 2711 1558 2743 stionis.
1583 2711 1693 2742 Tertio
1717 2711 1802 2752 quia,
1823 2721 1898 2742 cum
1916 2711 2123 2751 personalitas
2147 2712 2324 2743 secundum
2341 2711 2506 2743 veritatem

1437 2756 1477 2787 sit
1499 2755 1619 2792 relatio,
1636 2765 1869 2796 personamque
1892 2762 2026 2796 reponat
2047 2756 2081 2786 in
2104 2765 2217 2797 genere
2236 2756 2280 2787 ad
2297 2755 2421 2797 aliquid
2440 2754 2505 2799 (ge-

1437 2800 1519 2831 neris
1539 2799 1670 2830 nomine
1686 2799 1770 2840 large
1786 2797 1940 2842 accepto),
1965 2810 2163 2841 consequens
2179 2806 2226 2831 est
2241 2806 2277 2831 ut
2291 2799 2435 2831 relationi
2451 2801 2505 2831 da·

1436 2851 1522 2876 retur
1543 2844 1595 2875 hic
1618 2850 1715 2875 actus.

1494 2888 1561 2919 VII.
1587 2887 1679 2919 Circa
1702 2887 1909 2918 differentiam
1938 2890 2128 2928 assignatam
2155 2888 2236 2919 inter
2264 2887 2451 2919 relationem
2473 2895 2506 2920 et

1435 2932 1591 2973 originem
1599 2932 1626 2969 *,
1645 2932 1780 2963 dubium
1796 2932 1947 2964 occurrit:
1971 2933 2126 2974 quoniam
2144 2932 2261 2963 falsum
2275 2932 2400 2963 videtur
2414 2933 2505 2974 quod

1436 2976 1579 3008 differant
1606 2976 1639 3007 in
1666 2976 1768 3007 modo
1793 2976 1998 3017 significandi.
2030 2977 2152 3008 Ambae
2176 2976 2262 3007 enim
2285 2975 2503 3016 significantur

1435 3028 1466 3052 et
1488 3021 1521 3051 in
1545 3021 1700 3052 abstracto
1724 3028 1755 3052 et
1777 3020 1810 3051 in
1834 3027 1991 3058 concreto,
2015 3027 2046 3052 et
2068 3020 2219 3052 adiective
2243 3027 2274 3051 et
2297 3021 2502 3058 substantive,

1435 3072 1466 3096 et
1482 3064 1590 3096 ceteris
1613 3064 1718 3095 modis
1742 3063 1953 3104 significandi:
1979 3074 2054 3106 ergo
2073 3064 2106 3095 in
2128 3065 2191 3095 hoc
2211 3074 2278 3095 non
2300 3063 2458 3096 differunt.

1491 3109 1548 3140 Est
1571 3115 1602 3140 et
1623 3109 1710 3139 aliud
1733 3108 1837 3139 maius
1865 3109 2000 3140 dubium
2027 3108 2108 3140 circa
2134 3108 2336 3140 subiunctam
2361 3108 2503 3141 differen-

1434 3153 1520 3189 tiam,
1546 3153 1662 3184 scilicet
1682 3153 1771 3194 quod
1788 3153 1897 3184 relatio
1921 3152 2114 3193 significatur
2135 3162 2192 3193 per
2210 3153 2347 3184 modum
2369 3152 2501 3191 formae,

1435 3197 1525 3236 origo
1544 3207 1619 3228 vero
1643 3206 1700 3236 per
1721 3197 1858 3227 modum
1874 3204 1973 3228 actus.
1996 3199 2063 3228 Aut
2078 3196 2163 3227 enim
2178 3207 2234 3238 per
2247 3197 2429 3239 significari
2438 3207 2502 3238 per

1434 3241 1561 3271 modum
1583 3240 1720 3282 formae
1749 3241 1883 3272 intendit
1911 3240 2078 3282 significari
2105 3251 2162 3281 per
2189 3241 2325 3272 modum
2347 3242 2502 3282 principii

1423 3284 1584 3326 formalis
1608 3286 1640 3315 in
1664 3285 1909 3322 denominando,
1925 3285 2006 3316 idest
2020 3291 2055 3316 ut
2074 3295 2140 3326 quo
2157 3285 2277 3326 aliquid
2300 3292 2346 3316 est
2368 3285 2445 3316 tale:
2470 3291 2501 3317 et

1434 3329 1477 3359 sic
1501 3329 1672 3359 differentia
1696 3330 1783 3360 nulla
1807 3335 1868 3360 est:
1894 3328 2058 3370 quoniam,
2076 3329 2156 3360 sicut
2174 3329 2344 3370 paternitas
2368 3336 2415 3360 est
2435 3338 2500 3371 qua

1434 3373 1546 3413 aliquis
1571 3380 1616 3404 est
1640 3380 1670 3404 et
1694 3373 1807 3405 dicitur
1834 3380 1936 3414 pater,
1964 3373 2008 3404 ita
2030 3373 2190 3413 generatio
2220 3380 2266 3404 est
2293 3383 2357 3414 qua
2385 3373 2499 3415 aliquis

1434 3424 1479 3447 est
1503 3423 1533 3447 et
1557 3417 1669 3448 dicitur
1683 3427 1845 3458 generans.
1861 3434 1879 3440 -
1895 3419 1962 3448 Aut
1980 3416 2114 3448 intendit
2131 3416 2298 3458 significari
2315 3422 2350 3449 ut
2365 3427 2433 3448 rem
2450 3418 2498 3448 in-

1432 3461 1625 3492 haerentem.
1650 3461 1691 3492 Et
1715 3461 1759 3492 sic
1783 3461 1899 3491 falsum
1922 3467 1969 3491 est
1991 3462 2079 3502 quod
2103 3461 2212 3493 relatio
2236 3461 2427 3502 significetur
2442 3470 2499 3501 per

1434 3505 1569 3535 modurn
1593 3505 1731 3536 formae:
1756 3505 1929 3545 quoniam,
1954 3511 1989 3535 ut
2012 3505 2147 3545 ipsemet
2169 3516 2193 3537 s.
2209 3506 2353 3536 Thomas
2376 3505 2409 3535 in
2433 3505 2495 3545 Qq.

1433 3548 1472 3579 de
1487 3549 1641 3585 Potentia,
1659 3559 1712 3590 qu.
1730 3559 1798 3585 vm,
1823 3555 1879 3580 art.
1898 3558 1926 3586 2,
1948 3549 2065 3586 docuit,
2086 3549 2206 3586 relatio,
2229 3549 2302 3580 licet
2323 3548 2405 3585 insit,
2430 3557 2497 3579 non

1434 3599 1540 3623 tamen
1563 3592 1755 3633 significatur
1771 3599 1806 3624 ut
1820 3592 1995 3624 inhaerens.
2021 3594 2090 3625 Imo
2110 3593 2281 3625 differentia
2297 3592 2384 3624 nulla
2399 3598 2495 3623 esset:

2531 1127 2591 1208 ξιξ·
2609 1142 2624 1182 ⁶,
2630 1127 2745 1182 {1351313132

2533 1392 2542 1402 ·
2555 1391 2614 1414 Loc-
2628 1391 2670 1414 dt.

2532 1482 2543 1492 ·
2558 1480 2595 1504 Cf.
2608 1486 2674 1504 uum.
2688 1486 2724 1503 ιιι.

2532 1748 2542 1758 ·
2556 1745 2624 1770 Vere.
2638 1746 2660 1769 8.

2533 2059 2543 2070 ·
2558 2058 2595 2082 Cf.
2609 2063 2674 2081 num.
2688 2063 2714 2081 u.

2533 2319 2544 2329 ·
2558 2317 2595 2341 Cf.
2608 2323 2674 2341 num.
2687 2324 2745 2346 vm:

2533 2344 2746 2374 art.4,00mment.

2533 2377 2600 2394 num.
2614 2377 2665 2400 vm,
2680 2377 2723 2394 ιιι.

2529 2895 2542 2908 “
2559 2895 2597 2919 ef.
2611 2901 2675 2919 nam.
2690 2901 2718 2919 u.
