2768 4178
896 299 1162 345 QUAESTIO
1192 299 1371 347 xxxm,
1400 300 1696 338 ARTICULUS
1726 302 1757 338 11
1913 307 1917 313 ¹
2278 353 2282 358 .
2350 294 2426 341 359

917 421 1250 454 commentaria
1272 421 1522 455 Gardjnaus
1544 422 1744 456 Caietam

300 522 406 542 1TULUS
435 511 546 543 clarus.
569 530 590 534 -
615 512 650 542 In
675 521 807 552 corpore
837 521 902 540 una
931 510 1110 541 conclusio:
1140 511 1231 541 Pater
1260 517 1306 541 est
1417 511 1468 541 111.
1493 511 1543 541 Ad
1566 511 1707 551 primurn
1730 512 1847 542 horum
1864 511 1976 542 dicitur
1995 512 2169 553 dupliciter.
2193 513 2310 549 Primo,
2331 511 2420 553 quod

242 523 502 596 Tprincipium.
528 574 548 578 -
573 556 737 586 Probatur.
766 554 961 594 Principium
985 561 1032 585 est
1054 564 1072 584 a
1096 564 1162 594 quo
1186 554 1306 594 aliquid
1360 554 1432 586 satis
1448 562 1493 585 est
1507 555 1634 591 litterae,
1651 556 1740 596 quod
1759 555 1847 586 latini
1871 556 2016 586 doctores
2031 566 2095 586 non
2111 556 2290 587 habuerunt
2303 566 2421 587 causae

240 600 391 639 procedit,
410 606 440 630 et
456 609 473 630 e
485 608 653 630 converso:
677 600 768 629 Pater
787 605 833 628 est
852 608 869 628 a
888 608 954 638 quo
979 598 1120 638 procedit
1138 598 1228 634 alius,
1249 598 1305 628 sci·
1358 599 1552 629 vocabulum
1571 599 1604 629 in
1621 608 1700 636 usu;
1725 600 1799 630 dato
1823 600 1912 640 quod
1928 599 2098 639 aliquando
2114 600 2314 631 inveniretur.
2330 618 2350 623 —
2366 600 2420 631 Se-

238 643 311 676 licet
328 643 427 674 Filius
446 650 477 674 et
495 643 628 684 Spiritus
645 643 796 673 Sanctus:
822 652 897 681 ergo
921 642 1012 672 Pater
1033 648 1079 672 est
1101 642 1303 681 principium.
1360 643 1475 678 cundo,
1500 642 1613 673 dicitur
1636 643 1675 673 ad
1697 643 1777 673 illud
1800 643 1922 679 Hilarii,
1947 653 2021 673 cum
2044 655 2068 674 s.
2086 644 2214 674 Thoma
2237 644 2270 674 in
2290 645 2301 674 I
2319 645 2420 682 Sent„

297 688 335 718 11.
361 688 396 717 In
419 687 626 727 responsione
649 687 689 716 ad
712 686 863 726 primum,
887 686 1012 716 adverte
1031 685 1120 726 quod
1136 686 1304 722 Aureolus,
1359 686 1429 716 dist.
1449 696 1531 723 xxxx,
1548 697 1601 727 qu.
1618 697 1638 723 1,
1659 694 1713 718 art.
1740 698 1765 723 1,
1789 687 1879 727 quod
1901 693 2016 718 auctor
2037 697 2103 717 non
2125 688 2277 727 importat
2292 689 2420 719 causali-

0 741 10 751 ·
22 740 111 766 Arta,
130 742 211 761 contra
239 731 326 771 apud
349 726 554 771 Capreolum,
571 730 604 760 in
620 730 642 767 I,
660 730 731 760 dist.
751 739 823 760 xx1x
837 729 865 766 st,
891 730 956 760 duo
973 729 1055 759 dicta
1068 729 1163 759 huius
1186 729 1305 760 litterae
1359 736 1464 766 tatem,
1482 730 1537 760 sed
1547 731 1742 771 principium
1764 740 1826 761 non
1843 731 1882 761 ab
1898 731 1982 762 alio.-
1997 737 2027 761 et
2043 731 2115 761 ideo
2131 732 2214 762 Patri
2230 732 2420 763 attribuitur.

0 766 75 789 ‘'⁰¹¹⁶''
89 771 111 787 ²·
238 775 416 815 impugnat.
446 775 590 805 Primum
615 781 661 804 est
684 773 855 804 differentia
883 773 963 804 inter
985 783 1114 813 graecos
1138 780 1169 803 et
1191 773 1305 804 latinos
1360 774 1441 803 Illud
1465 784 1539 804 vero
1563 774 1733 814 Augustini
1756 785 1822 805 non
1846 781 1893 805 est
1910 775 1951 804 ad
1974 775 2194 815 propositum:
2220 776 2258 806 de
2277 776 2422 807 essentia-

0 811 128 849 ‘Nnm.6,
143 828 166 850 9·
240 819 395 849 doctores.
415 817 513 849 Affert
530 818 615 848 enirn
633 824 741 848 contra
757 817 818 848 hoc
834 817 1003 853 Hilarium,
1020 817 1052 847 in
1070 817 1112 848 IV
1128 817 1167 848 de
1187 818 1275 848 Trin.
1288 818 1306 837 *
1359 817 1441 848 libus
1466 818 1551 847 enim
1574 818 1735 859 loquitur,
1764 818 1797 848 in
1825 818 1941 859 quibus
1965 826 2088 850 constat
2111 829 2176 849 non
2201 829 2266 850 esse
2290 830 2420 850 causam

238 862 322 893 Patri
344 863 487 892 auctoris
509 871 628 892 nomen
651 862 858 892 tribuentem:
884 868 914 891 et
937 861 1167 901 Augusfinum,
1192 861 1224 891 in
1248 862 1304 891 V11
1360 861 1419 891 nisi
1443 862 1619 892 secundum
1643 862 1808 893 rationem.

238 906 279 937 de
298 906 398 943 Trin„
416 916 483 946 cap.
499 917 520 942 1,
547 906 704 936 dicentem
720 905 758 935 de
777 906 876 942 Patre,
894 906 975 936 illud
990 905 1074 946 quod
1090 910 1137 936 est
1156 906 1185 935 ei
1207 915 1305 936 causa
1417 905 1468 936 IV.
1493 906 1545 936 Ad
1561 907 1737 936 secundum
1758 916 1832 936 vero
1853 906 1976 944 dicitur,
1996 907 2085 947 quod
2103 906 2220 937 falsum
2236 914 2284 937 est
2299 907 2421 937 nullam

240 955 276 980 ut
298 951 350 987 sit,
375 955 421 981 est
444 951 473 980 ei
496 959 594 981 causa
619 955 654 980 ut
677 951 805 990 sapiens
826 951 876 980 sit.
1359 949 1514 979 rationem
1530 950 1674 990 principii
1691 950 1765 980 exV
1777 951 1958 990 Metaphys.
1977 950 2008 980 in
2025 951 2114 981 Patre
2130 951 2249 981 salvari.
2269 951 2421 991 Expresse

293 994 475 1025 Secundum
490 1001 544 1030 est,
556 994 645 1034 quod
657 994 729 1024 ideo
746 993 877 1023 nornine
890 993 1044 1033 principii,
1059 1000 1088 1024 et
1104 999 1169 1023 non
1183 1003 1304 1029 causae,
1359 1003 1498 1033 namque
1514 993 1631 1023 ibidem
1651 993 1765 1024 dicitur
1789 991 2084 1024 communissimam
2105 995 2260 1025 rationem
2276 995 2421 1035 principii

240 1037 360 1069 utimur
383 1038 416 1068 in
437 1038 559 1074 divinis,
585 1038 659 1078 quia
682 1044 728 1068 est
751 1037 965 1073 communius,
990 1037 1145 1077 quoniam
1169 1037 1306 1068 extendit
1360 1045 1444 1067 esse:
1463 1038 1607 1076 primum
1632 1047 1670 1068 ex
1686 1048 1748 1078 quo
1772 1044 1818 1068 est
1834 1043 1891 1068 aut
1906 1040 2111 1079 cognoscitur
2129 1039 2261 1079 aliquid.
2287 1038 2421 1069 Constat
2477 1076 2482 1079 ⁸

239 1091 289 1118 se,
315 1088 372 1112 etc.
397 1082 519 1113 Contra
549 1082 611 1113 hoc
634 1081 737 1112 instat.
767 1082 895 1112 Nomen
919 1081 1040 1111 ratione
1069 1080 1305 1111 communitatis
1359 1087 1465 1111 autem
1489 1081 1613 1111 Patrem
1637 1091 1703 1111 esse
1720 1081 1860 1121 primum
1876 1092 1912 1112 ex
1927 1092 1992 1122 quo
2009 1089 2055 1113 est
2073 1082 2182 1118 Filius,
2198 1082 2284 1113 iuxta
2300 1082 2420 1113 illud*:
2448 1079 2592 1128 {aefil'mbffli
2615 1080 2659 1102 Ni-

240 1126 432 1157 conveniens
456 1126 545 1162 Deo,
570 1126 632 1156 hoc
656 1126 749 1156 habet
780 1125 855 1166 quia
879 1125 957 1156 ratio
988 1125 1095 1154 minus
1126 1125 1305 1154 communis
1359 1130 1389 1154 et
1412 1134 1454 1154 ex
1476 1125 1573 1155 Patre
1596 1129 1705 1156 natum
1735 1131 1810 1156 ante
1833 1127 1940 1156 omnia
1964 1127 2104 1157 saecula.
2135 1126 2170 1156 In
2189 1126 2290 1157 littera
2315 1134 2421 1157 autern
2515 1122 2522 1128 '

239 1179 307 1200 non
331 1170 512 1201 conveniret
535 1170 573 1200 ei.
599 1170 660 1200 Sed
678 1171 874 1209 principium
899 1179 965 1199 non
982 1175 1028 1199 est
1045 1168 1242 1204 huiusmodi,
1263 1178 1307 1198 se·
1359 1168 1577 1199 manifestatur
1599 1169 1657 1198 ista
1680 1169 1781 1199 maior
1805 1170 2016 1200 communitas
2045 1180 2081 1200 ex
2109 1170 2285 1200 notioribus
2310 1170 2420 1207 nobis,

240 1214 383 1244 cundum
414 1213 496 1245 dicta
519 1221 592 1245 tua:
626 1213 781 1254 quoniam
811 1213 899 1243 nulla
927 1212 1006 1243 ratio
1030 1211 1175 1252 principii
1204 1212 1307 1251 posita
1360 1212 1475 1243 scilicet
1491 1219 1620 1252 puncto,
1638 1220 1706 1248 etc„
1723 1223 1789 1242 non
1813 1214 1901 1253 quod
1924 1213 2000 1244 istae
2024 1214 2221 1253 acceptiones
2240 1215 2349 1244 locum
2368 1214 2421 1244 ha-

0 1262 11 1275 ·
28 1262 87 1291 ΕΙΡ-
99 1268 117 1285 1·
132 1273 144 1280 -
158 1262 211 1285 Did·
240 1258 273 1288 in
297 1258 326 1289 V
343 1259 528 1299 Metaphys.
544 1257 578 1294 ἒ,
603 1257 751 1288 co'nvenit
772 1257 856 1288 Patri
879 1263 1022 1297 respectu
1046 1255 1131 1291 Filii,
1163 1261 1199 1286 ut
1221 1262 1307 1295 patet
1359 1256 1453 1286 beant
1468 1257 1501 1286 in
1518 1256 1647 1291 divinis;
1672 1257 1727 1286 sed
1743 1263 1779 1286 ut
1795 1266 1831 1286 ex
1846 1257 1904 1293 his,
1925 1264 2077 1297 tanquam
2100 1267 2137 1287 ex
2156 1258 2342 1294 notioribus,
2363 1268 2420 1288 no-

0 1292 153 1318 “9'¹¹¹¹·⁴·
241 1301 436 1333 discunenti,
1359 1298 1494 1330 tificetur
1516 1299 1618 1329 maior
1641 1300 1807 1330 abstractio
1831 1301 1976 1340 principii
2000 1311 2098 1341 quarn
2122 1311 2243 1332 causae.

1009 1459 1328 1502 ARTICULUS
1357 1459 1656 1502 SECUNDUS

565 1554 723 1585 UTRUM
747 1553 840 1585 Hoc
863 1552 1019 1584 NOMEN
1040 1552 1186 1582 PATER
1208 1551 1275 1582 SIT
1298 1551 1453 1582 NOMEN
1476 1551 1658 1583 PROPRIE
1682 1552 1858 1583 DIVINAE
1882 1553 2105 1584 PERSONAE

1183 1629 1249 1654 lnfra
1268 1637 1313 1662 qu.
1332 1637 1371 1659 χι,
1391 1635 1438 1655 art.
1458 1637 1482 1655 2.

278 1739 285 1756 s
312 1741 336 1765 ἦ
359 1740 430 1767 „fs
455 1733 478 1758 D
494 1732 684 1762 SECUNDUM
704 1732 757 1757 sm
772 1731 1012 1757 PROCEDITUR.
1031 1718 1189 1756 Videtur
1204 1719 1308 1767 quod

247 1767 251 1773 ⁷
276 1755 434 1819 5.jS
455 1775 530 1811 hoc
557 1786 702 1810 nomen
734 1774 847 1810 Pater
874 1784 953 1809 non
981 1771 1027 1808 sit
1057 1771 1209 1820 proprie
1238 1783 1307 1808 no-

288 1756 304 1768 a
1363 1717 1410 1754 de
1439 1717 1583 1755 ratione
1612 1718 1778 1755 hominis
1807 1727 1862 1756 est
1890 1719 2016 1756 anima
2045 1727 2081 1756 et
2109 1733 2267 1769 corpus,
2297 1722 2347 1759 ita
2375 1724 2422 1760 de

384 1808 391 1823 N
425 1819 427 1821 Ι
1361 1770 1549 1808 intellectu
1576 1771 1690 1808 huius
1722 1771 1889 1808 hominis
1925 1780 1979 1809 est
2006 1773 2102 1809 haec
2129 1774 2257 1811 anima
2286 1783 2321 1812 et
2347 1776 2423 1812 hoc

280 1831 306 1869 Ψ
394 1814 548 1864 'men
577 1826 730 1863 divinae
761 1837 959 1874 personae.
991 1825 1076 1861 Hoc
1110 1824 1211 1861 enim
1239 1836 1306 1860 no·
1362 1836 1512 1872 corpus,
1541 1831 1583 1860 ut
1602 1824 1737 1861 dicitur
1754 1824 1793 1860 in
1813 1825 1881 1862 VII
1901 1826 2117 1874 Metaphys.
2138 1826 2175 1873 *;
2204 1827 2262 1864 his
2295 1836 2421 1865 autem
2450 1830 2660 1884 ffigssfffftssgb·

415 1872 548 1916 Xmen
569 1884 681 1928 pater
698 1885 714 1899 ⁰¹
744 1878 930 1926 significat
954 1877 1187 1914 relationem.
1217 1878 1308 1913 Per·
1361 1876 1421 1913 hic
1448 1877 1567 1913 homo
1589 1878 1637 1913 ab
1657 1877 1837 1914 omnibus
1857 1877 1935 1914 aliis
1955 1878 2200 1927 distinguitur.
2232 1880 2274 1917 Id
2293 1889 2422 1918 autem
2450 1890 2473 1910 ¹»
2489 1873 2511 1904 ὅ·
2527 1873 2554 1905 ¹¹3
2591 1873 2597 1884 '
2653 1873 2659 1878 ¹

243 1943 339 1970 sona
367 1938 495 1969 autem
531 1939 586 1969 est
619 1930 827 1968 substantia
859 1930 1066 1968 individua.
1097 1931 1188 1967 Non
1216 1941 1305 1977 ergo
1360 1941 1430 1978 per
1458 1929 1563 1978 quod
1583 1929 1818 1977 distinguitur
1844 1942 2008 1978 persona
2027 1932 2146 1968 Patris
2175 1933 2223 1969 ab
2244 1934 2422 1971 omnibus

211 2015 214 2019 .
243 1986 319 2023 hoc
346 1997 491 2022 nomen
513 1990 624 2033 pater
653 1991 710 2021 est
734 1983 889 2034 proprie
923 1996 1065 2020 nomen
1094 1982 1307 2031 significati·
1362 1982 1452 2029 aliis,
1475 1990 1529 2019 est
1556 1982 1770 2031 paternitas.
1801 1983 1911 2020 Unde
1939 1985 2139 2032 proprium
2167 1998 2311 2023 nornen
2338 1999 2423 2034 per-

241 2051 338 2077 vum
365 2050 565 2087 personae.
1362 2047 1479 2072 sonae
1502 2035 1622 2072 Patris
1642 2043 1698 2072 est
1715 2036 1790 2072 hoc
1809 2048 1953 2073 nornen
1971 2038 2094 2084 Pater,
2116 2039 2221 2087 quod
2240 2039 2424 2087 significat

299 2103 334 2128 2.
355 2092 588 2137 PRAETEREA,
617 2101 807 2140 generans
835 2089 1077 2126 communius
1106 2096 1161 2126 est
1189 2101 1306 2137 quam
1361 2088 1637 2136 paternitatem.

237 2149 370 2195 pater:
399 2156 490 2181 nam
519 2143 643 2180 omnis
678 2149 787 2191 pater
814 2150 870 2179 est
897 2149 1103 2190 generans,
1134 2141 1202 2179 sed
1229 2154 1308 2178 non
1416 2143 1473 2178 An
1502 2153 1639 2177 PRIMUM
1667 2152 1765 2178 ERGO
1794 2153 1976 2179 DICENDUM
2001 2142 2107 2190 quod
2135 2144 2239 2192 apud
2267 2156 2337 2181 nos
2366 2157 2423 2181 re-

246 2202 266 2235 e
296 2209 495 2235 converso.
526 2196 604 2233 Sed
632 2207 777 2232 nomen
806 2195 1050 2232 communius
1073 2194 1193 2243 magis
1220 2207 1308 2243 pro·
1362 2194 1448 2230 latio
1469 2206 1548 2230 non
1568 2201 1624 2230 est
1652 2193 1858 2231 subsistens
1885 2206 2069 2243 persona:
2101 2203 2137 2232 et
2154 2196 2242 2233 ideo
2262 2197 2337 2234 hoc
2356 2209 2424 2234 no-

0 2258 81 2309 :⁶⁵1³
97 2258 216 2287 prum„
245 2250 326 2301 prie
346 2250 480 2288 dicitur
498 2249 537 2286 in
556 2248 704 2296 divinis,
720 2255 763 2285 ut
777 2248 919 2285 dictum
940 2256 996 2285 est
1009 2247 1040 2284 ³¹⁵.
1065 2249 1167 2295 Ergo
1188 2247 1308 2295 magis
1363 2259 1454 2283 men
1476 2252 1607 2295 pater,
1636 2247 1740 2295 apud
1768 2259 1858 2293 nos,
1889 2259 1967 2284 non
1995 2247 2179 2295 significat
2205 2261 2423 2298 personam,

102 2312 119 2348 β
245 2303 444 2354 proprium
470 2300 488 2331 Ρ
515 2314 661 2339 nomen
697 2308 753 2338 est
789 2313 976 2349 personae
1011 2300 1161 2338 divinae
1194 2312 1308 2350 gene·
1363 2299 1432 2336 sed
1460 2299 1682 2336 relationem
1715 2311 1914 2348 personae.
1951 2300 2042 2337 Non
2071 2308 2198 2338 autem
2228 2310 2284 2339 est
2309 2303 2360 2339 ita
2387 2303 2424 2339 in

246 2368 337 2394 rans
365 2363 402 2393 et
427 2355 588 2405 genitor,
611 2366 728 2403 quam
755 2355 879 2391 Pater.
1365 2351 1513 2399 divinis,
1534 2359 1575 2388 ut
1603 2352 1760 2400 quidam
1790 2352 1883 2389 falso
1909 2353 2050 2402 opinati
2080 2362 2183 2391 sunt:
2213 2367 2302 2391 narn
2331 2356 2425 2392 rela-

5 2425 13 2436 ¹
87 2423 91 2428 ‘
302 2411 336 2448 3.
356 2410 591 2455 PRAETEREA,
612 2407 704 2444 nihil
733 2407 838 2455 quod
871 2406 1083 2444 secundum
1110 2407 1316 2455 metapho-
1363 2405 1415 2442 tio
1445 2417 1562 2454 quarn
1592 2405 1776 2452 significat
1803 2406 1878 2442 hoc
1906 2418 2049 2443 nomen
2077 2408 2200 2453 Pater,
2223 2415 2279 2444 est
2306 2408 2426 2445 subsi—

0 2492 2 2495 ,
44 2478 48 2483 ·
247 2474 331 2510 ram
351 2461 497 2508 dicitur,
513 2467 639 2510 potest
653 2471 736 2497 esse
755 2471 898 2497 nomen
918 2459 1118 2508 proprium
1139 2459 1307 2496 alicuius.
1365 2466 1466 2494 stens
1485 2470 1661 2506 persona.
1691 2458 1801 2495 Unde
1826 2470 1940 2506 supra
1954 2458 1974 2480 ’¹‘
1994 2459 2134 2495 dictum
2154 2467 2209 2496 est
2227 2461 2332 2508 quod
2350 2462 2426 2498 hoc
2453 2464 2665 2492 ‘Qu-¹¹¹¹2ar'n4·

0 2508 2 2530 ³
248 2515 325 2553 Sed
352 2515 517 2552 verbum
546 2512 805 2562 metaphorice
826 2512 928 2561 apud
957 2525 1027 2549 nos
1048 2512 1182 2549 dicitur
1209 2512 1310 2560 geni·
1365 2523 1509 2547 nornen
1537 2522 1703 2558 persona
1730 2510 1775 2546 ,in
1814 2511 1950 2548 divinis
1988 2511 2172 2558 significat
2205 2513 2426 2550 relationem

0 2567 3 2621 ξ
246 2576 330 2606 tum
357 2568 420 2604 vel
447 2567 590 2615 proles:
621 2573 657 2602 et
675 2577 744 2614 per
764 2577 1004 2614 consequens
1031 2565 1091 2601 ille
1121 2565 1227 2602 cuius
1257 2572 1312 2601 est
1364 2571 1406 2600 ut
1434 2563 1700 2600 subsistentem
1727 2563 1765 2599 in
1793 2563 1921 2600 divina
1948 2571 2092 2600 natura.

0 2629 4 2667 ζ
246 2621 423 2666 verbum,
441 2618 701 2667 metaphorice
717 2618 850 2654 dicitur
864 2625 981 2667 pater.
997 2619 1090 2654 Non
1106 2630 1195 2665 ergo
1210 2618 1310 2666 prin·
1417 2617 1477 2652 AD
1505 2627 1694 2652 SECUNDUM
1721 2627 1905 2652 DICENDUM
1931 2617 2046 2665 quod,
2068 2617 2280 2654 secundum
2301 2618 2425 2655 Philo-

0 2670 7 2685 *
251 2673 392 2722 cipium
411 2672 528 2709 Verbi
554 2671 594 2708 in
614 2670 751 2708 divinis
769 2678 894 2720 potest
911 2671 1064 2719 proprie
1094 2670 1167 2708 dici
1185 2672 1308 2708 Pater.
1367 2669 1545 2717 sophum,
1574 2668 1613 2704 in
1642 2669 1673 2704 II
1702 2668 1748 2704 de
1773 2668 1914 2705 Anima
1933 2668 1964 2715 ³¹⁶,
1996 2668 2253 2707 denominatio
2274 2671 2327 2708 rei
2347 2683 2427 2708 ma·
2453 2674 2664 2722 {32243135233533

0 2687 6 2759 l
106 2733 123 2760 τ
301 2737 339 2773 4.
360 2726 594 2771 PRAETEREA,
624 2735 740 2761 omne
769 2723 875 2772 quod
902 2723 1054 2772 proprie
1074 2728 1089 2750 ⁷
1119 2723 1254 2760 dicitur
1272 2723 1311 2760 in
1365 2722 1466 2758 xime
1486 2721 1599 2758 debet
1617 2720 1699 2757 fieri
1719 2733 1741 2757 a
1759 2721 1990 2769 perfectione
2011 2719 2024 2743 ὅ
2050 2729 2085 2758 et
2103 2723 2192 2759 fine.
2222 2723 2426 2761 Generatio
2494 2717 2499 2723 ’
2556 2731 2570 2756 δ

0 2765 7 2808 ἶ·
251 2778 399 2825 divinis,
428 2790 498 2827 per
523 2777 629 2826 prius
650 2776 784 2813 dicitur
812 2776 860 2813 de
888 2777 973 2813 Deo
994 2788 1111 2824 quarn
1132 2776 1179 2813 de
1209 2789 1311 2813 crea·
1367 2782 1495 2811 autem
1524 2773 1707 2821 significat
1734 2781 1775 2810 ut
1797 2774 1836 2810 in
1855 2774 1959 2811 fieri:
1990 2775 2058 2811 sed
2084 2775 2288 2823 paternitas
2317 2777 2427 2824 signi—

0 2810 10 2886 }
248 2831 352 2869 turis.
393 2830 470 2868 Sed
501 2829 693 2877 generatio
731 2841 800 2877 per
836 2828 941 2878 prius
968 2829 1118 2867 videtur
1155 2828 1227 2866 dici
1265 2829 1311 2865 de
1366 2828 1455 2864 ficat
1482 2827 1809 2875 complementum
1829 2827 2093 2874 generationis.
2124 2829 2173 2864 Et
2190 2828 2278 2866 ideo
2302 2830 2427 2878 potius

251 2883 429 2921 creaturis
458 2895 575 2931 quam
604 2883 652 2919 de
681 2883 787 2919 Deo:
816 2881 944 2918 verior
972 2882 1074 2918 enim
1093 2881 1144 2918 ibi
1163 2881 1313 2918 videtur
1368 2887 1423 2917 est
1451 2891 1594 2916 nornen
1623 2878 1774 2915 divinae
1802 2891 1988 2927 personae
2015 2881 2139 2927 Pater,
2169 2893 2286 2928 quarn
2313 2894 2428 2931 gene-

251 2950 334 2974 esse
366 2936 571 2984 generatio,
600 2935 666 2972 ubi
694 2934 835 2983 aliquid
862 2934 1034 2982 procedit
1061 2934 1109 2971 ab
1139 2934 1210 2971 alio
1240 2934 1313 2971 dis·
1367 2945 1457 2970 rans
1483 2932 1545 2969 vel
1572 2934 1722 2980 genitor
1741 2937 1761 2968 ⁸.
2559 2943 2569 2958 ε

250 2989 409 3027 tinctum
445 3001 524 3026 non
552 2988 763 3025 secundum
798 2987 1020 3024 relationem
1048 2994 1215 3033 tantum,
1246 2987 1312 3024 sed
1421 2987 1480 3021 AD
1508 2995 1666 3020 TERTIUM
1703 2996 1886 3021 DICENDUM
1914 2985 2019 3033 quod
2056 2986 2218 3023 verbum
2257 2999 2336 3024 non
2375 2995 2430 3024 est

252 3042 366 3079 etiam
395 3042 608 3078 secundum
637 3039 852 3077 essentiam.
882 3041 984 3088 Ergo
1009 3052 1153 3076 nomen
1177 3040 1312 3085 Patris,
1368 3037 1508 3086 aliquid
1534 3036 1548 3062 ζ
1576 3036 1782 3073 subsistens
1802 3037 1839 3073 in
1858 3045 1992 3074 natura
2010 3039 2199 3076 humana:
2227 3040 2330 3076 unde
2351 3052 2429 3077 non
2555 3039 2570 3067 ζ

253 3095 358 3143 quod
387 3106 409 3131 a
434 3093 678 3142 generatione
716 3093 895 3139 sumitur,
934 3105 1014 3129 non
1045 3092 1195 3129 videtur
1231 3104 1314 3129 esse
1367 3090 1521 3140 proprie
1549 3096 1673 3137 potest
1701 3089 1773 3126 dici
1802 3090 1971 3137 genitum
1999 3092 2061 3128 vel
2089 3091 2199 3129 filius.
2231 3093 2308 3129 Sed
2335 3093 2429 3130 Ver-

251 3147 450 3196 proprium
479 3147 634 3183 alicuius
662 3146 812 3183 divinae
839 3157 1038 3194 personae.
1368 3145 1460 3180 burn
1491 3142 1662 3179 divinum
1683 3149 1739 3178 est
1766 3142 1908 3190 aliquid
1927 3143 2132 3180 subsistens
2157 3144 2194 3181 in
2223 3152 2355 3182 natura
2375 3146 2429 3182 di-

30 3206 224 3234 psa-mmm·
308 3201 383 3237 SED
403 3210 548 3236 CONTRA
566 3211 633 3236 EsT
651 3199 756 3247 quod
782 3198 915 3235 dicitur
933 3197 971 3234 in
990 3199 1144 3235 Psalmo
1165 3199 1201 3234 ἐ
1230 3199 1316 3246 Ipse
1367 3197 1478 3233 vina:
1507 3194 1610 3231 unde
1633 3194 1797 3243 proprie,
1827 3203 1864 3232 et
1891 3208 1970 3232 non
1998 3196 2267 3246 metaphorice,
2298 3197 2430 3235 dicitur

254 3252 443 3290 invocabit
468 3263 539 3298 me,
567 3253 681 3288 Pater
707 3263 811 3288 meus
839 3263 877 3287 es
905 3256 954 3287 tu.
1370 3249 1496 3294 Filius,
1527 3254 1562 3283 et
1591 3246 1670 3283 eius
1698 3247 1938 3296 principium,
1969 3249 2089 3286 Pater.

308 3306 534 3342 REspounEo
570 3316 755 3341 DlCENDUM
792 3303 897 3352 quod
937 3314 1080 3340 nornen
1116 3302 1315 3351 proprium
1422 3303 1480 3337 AD
1510 3311 1682 3342 QUARTUM
1709 3312 1893 3338 DICENDUM
1921 3301 2026 3350 quod
2049 3313 2193 3339 nomen
2220 3303 2428 3350 generatio-

256 3357 453 3395 cuiuslibet
471 3369 658 3405 personae
678 3357 863 3404 significat
885 3355 923 3392 id
941 3368 1011 3404 per
1030 3355 1135 3403 quod
1154 3355 1215 3392 illa
1233 3367 1317 3403 per·
1370 3354 1427 3391 nis
1447 3361 1483 3390 et
1503 3352 1744 3401 paternitatiS,
1767 3353 1862 3390 sicut
1885 3361 1921 3390 et
1948 3354 2019 3390 alia
2039 3354 2196 3391 nomina
2224 3367 2322 3403 quae
2340 3368 2429 3405 pro-

255 3423 351 3448 sona
388 3409 624 3457 distinguitur
655 3410 703 3446 ab
732 3409 910 3446 omnibus
948 3407 1038 3445 aliis.
1081 3408 1186 3445 Sicut
1214 3407 1316 3444 enim
1369 3406 1449 3455 prie
1479 3405 1652 3442 dicuntur
1689 3405 1727 3442 in
1755 3405 1911 3453 divinis,
1939 3419 2009 3455 per
2034 3407 2139 3455 prius
2177 3407 2350 3445 dicuntur
2382 3409 2430 3446 de

309 3523 337 3556 α)
352 3526 442 3555 pater.
460 3536 480 3541 -
498 3522 560 3547 Om.
578 3522 723 3550 ACDEFeu
740 3522 802 3547 item
820 3530 881 3547 mox
898 3522 1060 3547 ABCDEFa.
1342 3519 1346 3560 Ι
1425 3519 1449 3552 δ)
1465 3519 1636 3552 perfectione.
1654 3533 1673 3538 -
1687 3520 1807 3553 perfecto
1830 3519 1900 3546 FGa.
1918 3532 1938 3538 -
1955 3519 2006 3544 Pro
2024 3520 2173 3553 significat,
2198 3521 2368 3554 significatur
2385 3523 2430 3548 AC

310 3557 335 3591 β)
350 3558 502 3590 proprium.
520 3571 539 3576 -
552 3557 665 3589 proprie
684 3557 795 3582 codices·
812 3571 831 3576 -
850 3564 943 3582 nomen
962 3565 1015 3582 om.
1034 3556 1084 3582 ab.
1101 3570 1121 3576 -
1138 3559 1179 3581 est
1197 3561 1256 3581 ante
1272 3562 1318 3589 ge·
1371 3555 1489 3580 DEFGa.

256 3600 354 3619 ner-ans
373 3598 472 3626 ponunt
491 3592 602 3617 codices.
1425 3590 1447 3621 ε)
1466 3589 1581 3622 genitor.
1598 3603 1618 3608 —
1636 3589 1676 3614 vel
1693 3592 1838 3622 generator
1857 3589 1926 3614 addit
1944 3589 1972 3614 B.

263 3625 265 3629 “
309 3629 336 3662 γ)
352 3628 473 3661 proprie.
490 3641 509 3647 -
527 3627 588 3652 Om.
608 3627 653 3652 Pb.
672 3640 691 3646 -
709 3627 735 3651 in
755 3626 853 3652 divinis
871 3635 924 3652 om.
938 3627 1013 3653 ΑΘΕ.
1425 3625 1450 3657 ζ)
1469 3625 1579 3657 aliquid.
1597 3638 1615 3643 —
1634 3624 1698 3657 quid
1717 3625 1779 3649 Pub.
