2768 4178
22 1420 223 1445 ’cnm-vn.

931 280 1197 326 QUAESTIO
1227 281 1405 328 XXXIV,
1434 281 1731 318 ARTICULUS
1761 283 1774 318 I

262 371 515 408 personarum
545 359 591 396 sit
626 359 834 407 intelligens
872 367 908 396 et
938 360 1150 407 intellecta,

264 424 502 460 consequens
530 413 660 450 Verbo
690 412 799 449 dicta.

316 467 376 502 An
405 477 576 508 QUARTUM
613 477 797 502 mcaNDUM
831 465 937 513 quod
973 466 1130 502 verbum
1168 463 1330 501 sumitur

263 517 315 554 ibi
343 518 542 566 figurative
570 523 620 563 ⁷⁷,
653 526 768 567 prout
801 513 1052 566 significatum
1080 518 1142 554 vel
1172 517 1328 554 effectus

262 571 371 608 verbi
399 571 532 608 dicitur
549 571 725 608 verbum.
757 571 819 607 Sic
847 570 949 607 enim
977 578 1169 607 creaturae
1198 570 1328 607 dicun—

1190 367 1225 396 et
1261 371 1330 408 per

2371 280 2446 328 367

1383 367 1443 396 tur
1470 360 1593 397 facere
1620 362 1784 397 verbum
1822 361 1915 408 Dei,
1945 361 2170 410 inquantum
2209 367 2447 408 exequuntur

1384 412 1561 450 effectum
1590 414 1768 462 aliquem,
1798 414 1846 450 ad
1876 426 1989 463 quern
2011 414 2232 451 ordinantur
2252 426 2296 450 ex
2315 414 2444 450 Verbo

1384 474 1569 514 concepto
1599 466 1750 503 divinae
1779 467 2002 515 sapientiae:
2033 467 2127 503 sicut
2147 467 2280 514 aliquis
2309 466 2445 503 dicitur

1382 518 1504 555 facere
1524 520 1686 556 verbum
1715 519 1824 567 regis,
1846 520 1938 556 dum
1967 520 2052 557 facit
2072 532 2169 568 opus
2198 520 2247 556 ad
2275 519 2379 568 quod
2400 532 2444 556 ex

1382 572 1502 608 verbo
1532 572 1628 619 regis
1656 572 1861 620 instigatur.

315 703 359 736 γγ)
371 703 529 736 figurative.
547 715 566 721 —
577 702 699 735 figurate
718 701 820 734 ACE(D
827 700 859 734 Ξ).

942 797 1274 831 Commentaria
1297 797 1546 831 Caxdinalis
1567 798 1767 831 Caietani

324 895 432 918 nunus
455 886 529 916 satis
553 886 654 916 clarus
677 893 738 922 est,
763 896 800 916 ex
823 887 988 917 communi
1012 897 1072 917 usu
1095 887 1327 917 vocabulorum

265 899 357 961 Tin
381 930 512 961 materia
529 929 703 960 Trinitatis.
728 931 770 961 Et
787 931 820 971 ly
840 932 882 961 sit
905 931 1034 961 denotat
1057 931 1147 971 quod
1165 938 1212 961 est
1233 940 1327 971 quae-

261 975 334 1011 stio,
349 985 388 1005 an
405 984 447 1005 ex
459 975 596 1014 propria
618 975 671 1004 sui
691 975 867 1015 significati
888 976 1014 1005 ratione
1029 974 1068 1005 sit
1084 985 1204 1005 nomen
1220 985 1327 1015 perso-

263 1019 344 1055 nale,
361 1028 402 1048 an
417 1028 494 1048 non.
510 1019 585 1048 Non
602 1018 688 1048 enim
711 1018 872 1059 quaeritur
895 1025 1002 1049 utrum
1027 1019 1128 1059 possit
1147 1028 1327 1059 supponere

263 1072 322 1103 pro
345 1072 490 1103 persona,
514 1062 565 1092 vel
588 1072 628 1092 an
652 1073 689 1092 ex
712 1063 1010 1093 accommodatione
1033 1063 1073 1093 sit
1091 1063 1256 1102 personale
1272 1072 1328 1092 no-

262 1116 349 1145 men,
365 1107 421 1137 sed
440 1106 638 1147 simpliciter:
663 1108 694 1137 in
718 1106 834 1137 divinis
857 1114 973 1143 tamen,
997 1107 1077 1137 idest
1100 1117 1174 1137 cum
1197 1107 1236 1136 de
1257 1106 1326 1137 Deo

259 1151 469 1191 praedicatur.

321 1195 359 1226 ΙΙ.
384 1195 420 1225 In
438 1204 572 1234 corpore
595 1194 653 1225 tria
667 1194 754 1225 «facit.
777 1195 898 1231 Primo,
918 1194 1070 1234 proponit
1089 1193 1328 1224 conclusionem

262 1238 481 1279 responsivam
499 1238 658 1279 quaesito,
683 1238 813 1269 scilicet:
834 1238 929 1269 Verbi
952 1248 1072 1268 nomen
1090 1238 1217 1278 proprie
1240 1247 1328 1267 sum-

263 1290 358 1324 ptum
377 1282 553 1319 inidiviniS,
571 1289 618 1313 est
632 1282 807 1323 personale,
831 1289 862 1312 et
884 1282 974 1312 nullo
997 1282 1098 1312 modo
1117 1281 1291 1312 essentiale.
1308 1299 1328 1303 -

254 1326 422 1363 Secundo,
442 1326 548 1357 statim
572 1327 708 1357 declarat
731 1326 804 1356 illos
828 1326 981 1356 terminos
1005 1325 1230 1361 conclusionis,
1250 1335 1328 1365 pro-

258 1372 334 1412 prie
355 1376 516 1411 sumptum
546 1371 578 1401 in
608 1371 746 1407 divinis,·
778 1370 887 1406 tertio,
921 1370 1035 1410 probat
1067 1369 1327 1405 conclusionem,

263 1415 324 1446 ibi:
347 1415 422 1456 Ipse
443 1420 550 1446 autem
574 1419 744 1454 conceptus
766 1413 872 1444 cordis
885 1413 913 1444 *.

322 1459 375 1490 111.
399 1458 518 1496 Quoad
535 1458 721 1495 secundum,
739 1458 779 1487 ad
795 1457 1019 1488 declarandum
1042 1457 1075 1498 ly
1092 1458 1228 1497 proprie
1241 1466 1328 1487 sum-

258 1508 364 1544 ptum,
388 1501 552 1542 distinguit
575 1502 662 1534 verbi
684 1511 815 1538 nomen,
837 1508 868 1532 et
888 1501 1013 1532 ordinat
1033 1501 1100 1532 eius
1124 1501 1248 1531 modos.
1273 1501 1328 1531 Di-

264 1546 396 1587 stinguit
417 1546 558 1587 quidem,
575 1546 664 1586 quod
687 1545 824 1576 sumitur
846 1545 1026 1586 dupliciter:
1051 1545 1168 1576 scilicet
1191 1545 1327 1585 proprie,

265 1597 297 1622 et
316 1590 543 1631 metaphorice.
574 1590 616 1620 Et
638 1599 757 1626 rursuS,
781 1589 910 1630 proprie
933 1589 1077 1620 sumitur
1093 1589 1263 1629 tripliciter.
1287 1589 1328 1619 Et

256 1634 320 1672 εἰς,
339 1634 510 1665 adunando
531 1643 645 1664 omnes
668 1634 794 1669 modos,
809 1634 1056 1674 quadrupliciter
1074 1633 1204 1664 dicitur:
1229 1633 1328 1664 tribus

255 1679 404 1729 :quidem-
419 1678 529 1728 primis
557 1678 662 1708 modis
685 1677 830 1718 proprie,
862 1685 892 1708 et
922 1685 1035 1718 quarto
1066 1677 1326 1708 similitudinarie.

257 1722 373 1755 Primo
395 1722 508 1763 igitur,
531 1732 591 1762 pro
613 1722 711 1752 verbo
734 1721 767 1752 in
790 1730 882 1752 voce:
907 1722 1059 1758 secundo,
1086 1721 1120 1751 in
1145 1721 1326 1761 cogitativa·

264 1766 369 1803 tertio,
387 1766 422 1797 in
436 1765 614 1797 intellectu:
633 1772 752 1816 'quarto
776 1771 894 1802 autem,
918 1776 977 1806 pro
1001 1766 1110 1806 aliquo
1131 1765 1214 1796 facto
1239 1765 1328 1806 quod

260 1811 362 1842 verbo
386 1809 608 1851 significatum,
632 1809 825 1850 imperatum
843 1810 893 1840 vel
916 1809 1063 1840 effectum
1082 1817 1137 1840 est.
1154 1828 1174 1832 -
1195 1809 1329 1840 Ordinat

265 1861 389 1891 autem,
414 1854 518 1895 primo
541 1854 675 1884 verbum
699 1853 811 1890 cordis,
835 1854 976 1884 secundo
1000 1854 1073 1890 oris,
1097 1853 1189 1884 tertio
1214 1853 1328 1893 cogita-

259 1898 358 1935 tivae,
373 1898 496 1934 locans;
520 1899 723 1938 probansque
737 1897 915 1938 primorum
938 1898 1084 1928 ordinem
1099 1907 1136 1928 ex
1154 1898 1226 1934 hoc,
1239 1898 1328 1938 quod

265 1952 329 1973 vox
344 1942 478 1973 exterior
499 1942 586 1973 verbi
609 1942 765 1972 rationem
789 1952 855 1972 non
878 1942 982 1978 habet,
1006 1941 1066 1972 nisi
1084 1941 1160 1982 quia
1176 1941 1329 1982 significat

266 1986 449 2018 interiorem
471 1987 586 2018 mentis
609 1993 811 2026 conceptum.

324 2031 377 2062 Ad
392 2030 617 2061 declarandum
639 2040 714 2061 vero
738 2031 771 2071 ly
788 2031 819 2060 in
839 2030 966 2067 divinis,
988 2029 1063 2060 dicit
1081 2030 1170 2070 quod
1186 2030 1330 2061 Verbum

266 2074 300 2106 iu
323 2074 393 2105 Deo
417 2075 554 2105 sumitur
582 2084 642 2115 pro
664 2075 761 2105 verbo
785 2074 972 2104 intellectus.
1003 2073 1244 2115 Confirmatque
1268 2074 1330 2104 hoc

267 2118 453 2150 auctoritate
476 2118 657 2159 Augustini.
676 2136 694 2141 -
710 2119 758 2149 De
781 2118 830 2148 his
854 2118 958 2148 modis
982 2118 1156 2159 accipiendi
1179 2118 1327 2156 verbum,

267 2162 379 2194 diffuse
403 2172 439 2193 ac
462 2163 543 2203 clare
566 2163 718 2203 scriptum
742 2161 882 2193 invenies
905 2162 938 2192 in
962 2163 1023 2202 Qq.
1049 2162 1089 2192 de
1110 2163 1191 2199 Ver„
1216 2173 1270 2203 qu.
1287 2173 1328 2198 ιν,

267 2214 324 2238 art.
346 2218 356 2237 1
378 2213 410 2237 et
427 2216 462 2243 2;
487 2213 518 2238 et
540 2206 574 2237 in
589 2207 601 2237 1
618 2207 716 2243 Sem„
734 2206 804 2237 dist.
824 2216 916 2242 xxvn,
937 2216 990 2247 qu.
1008 2217 1041 2242 11,
1059 2213 1114 2237 art.
1138 2217 1162 2243 1,
1179 2216 1207 2237 2.
1225 2207 1330 2244 Quare

265 2251 338 2282 vide
360 2250 414 2281 ibi.

325 2295 378 2326 IV.
404 2294 495 2326 Circa
518 2294 664 2325 ordinem
686 2294 767 2325 inter
790 2294 887 2325 verba
909 2294 1052 2334 positum
1075 2294 1110 2324 in
1128 2294 1246 2330 littera,
1272 2294 1329 2324 du-

266 2339 358 2371 bium
373 2345 420 2369 est
435 2339 538 2380 qualis
554 2339 602 2376 sit,
627 2349 667 2369 an
691 2338 799 2379 quoad
822 2348 891 2374 nos,
909 2348 948 2368 an
972 2339 1149 2369 secundum
1165 2348 1207 2369 se.
1233 2338 1330 2375 Quod

267 2383 354 2415 enim
377 2392 443 2413 non
467 2383 507 2414 sit
529 2383 637 2423 quoad
661 2393 739 2419 nos,
768 2393 805 2413 ex
829 2392 867 2413 eo
891 2389 977 2423 patet
1004 2382 1112 2425 quod,
1136 2382 1222 2413 iuxta
1245 2382 1330 2413 hune

268 2427 424 2464 ordinem,
441 2437 507 2458 non
523 2428 657 2458 verbum
681 2427 794 2463 cordis,
811 2427 866 2457 sed
885 2427 1017 2457 verbum
1034 2426 1122 2457 vocis
1142 2427 1252 2457 locum
1268 2426 1331 2466 pri-

266 2481 360 2503 mum
378 2471 492 2502 habere
508 2471 609 2507 debet,
626 2477 662 2501 ut
678 2471 773 2502 etiam
788 2471 822 2501 in
837 2470 957 2501 litterae
972 2470 1128 2511 principio
1143 2470 1330 2501 insinuatur.

267 2515 367 2554 Quod
388 2525 464 2546 vero
488 2525 554 2546 non
585 2515 624 2545 sit
654 2515 831 2545 secundum
859 2521 1023 2550 naturam,
1055 2524 1105 2552 ex,
1120 2525 1158 2545 eo
1181 2521 1330 2554 apparet,

267 2559 344 2600 quia
365 2560 500 2590 verbum
523 2559 709 2599 cogitativae
731 2559 908 2589 secundum
939 2559 972 2588 in
999 2559 1060 2589 hoc
1091 2558 1201 2589 ordine
1223 2559 1332 2588 locum

268 2603 327 2634 sibi
349 2603 511 2634 vendicat:
543 2603 697 2644 quoniam
721 2609 845 2633 constat
866 2603 976 2633 vocale
999 2603 1130 2633 verbum
1163 2612 1200 2633 ex
1222 2602 1332 2642 imagi-

268 2646 396 2678 natione
413 2646 598 2687 dependere.
623 2647 664 2677 Et
679 2646 732 2683 sic,
749 2646 864 2687 quovis
883 2646 993 2677 ordine
1013 2647 1143 2683 dicatur,
1168 2646 1249 2676 male
1264 2656 1331 2676 ver÷

268 2691 349 2722 bum
372 2690 435 2721 oris
466 2691 606 2721 secundo
637 2690 710 2721 loco
738 2690 881 2730 positum
910 2690 1053 2721 videtur:
1085 2691 1217 2721 debetur
1247 2690 1332 2721 enim

270 2735 329 2766 sibi
349 2742 477 2766 naturae
497 2735 608 2765 ordine
629 2734 770 2771 ultimus,
790 2732 898 2775 quoad
918 2744 977 2764 nos
995 2745 1082 2770 vero,
1102 2734 1234 2775 primus.

327 2779 367 2810 V.
391 2779 440 2809 Ad
465 2779 527 2809 hoc
551 2778 680 2815 dicitur,
712 2779 801 2819 quod
829 2778 1004 2818 assignatus
1032 2779 1111 2809 ordo
1135 2785 1182 2809 est
1204 2785 1333 2808 naturae

269 2823 351 2854 ordo
367 2823 448 2854 inter
470 2823 662 2853 intentiones
686 2823 773 2853 verbi
795 2822 926 2852 nomine
949 2822 1147 2862 significatas.
1171 2823 1223 2853 Ad
1243 2822 1332 2853 cuius

270 2867 470 2903 evidentiam,
488 2867 566 2897 scito
591 2867 673 2897 duos
697 2876 763 2897 esse
787 2876 923 2897 canones
938 2866 972 2896 in
987 2866 1183 2897 huiusmodi.
1207 2866 1332 2896 Primus

269 2917 331 2942 est:
357 2911 464 2943 Omne
487 2921 607 2941 nomen
630 2921 686 2951 per
709 2910 796 2950 prius
819 2910 932 2943 dicitur
955 2910 1141 2946 formaliter,
1166 2920 1264 2951 quam
1288 2919 1333 2939 se-

270 2955 414 2986 cundum
438 2954 732 2986 denominationem
757 2961 953 2990 extraneam;
985 2961 1020 2984 ut
1049 2960 1135 2994 patet
1161 2953 1332 2984 inductive.

263 2998 359 3030 'Alter
382 3005 444 3030 est:
476 2999 582 3030 Omne
610 3008 729 3029 nomen
759 2998 933 3029 formaliter
963 2998 1083 3029 dictum
1107 2998 1146 3028 de
1169 2997 1332 3037 pluribus,

269 3042 359 3083 prius
382 3043 496 3074 dicitur
519 3043 557 3073 de
581 3053 620 3073 eo
643 3053 662 3073 a
684 3052 750 3083 quo
774 3042 860 3072 aliud
891 3042 1065 3082 dependet,
1097 3052 1195 3082 quam
1219 3042 1258 3071 de
1282 3042 1334 3071 de-

270 3087 429 3127 pendente
451 3087 490 3117 ab
513 3087 579 3118 illo.
604 3087 646 3117 Et
667 3087 729 3117 hoc
753 3086 848 3116 etiam
871 3093 957 3126 patet
979 3086 1150 3116 inductive.

335 3131 470 3162 Verbum
493 3130 597 3171 igitur,
622 3131 698 3171 quia
721 3129 894 3161 formaliter
916 3130 1053 3160 salvatur
1068 3129 1101 3160 in
1117 3130 1214 3160 verbo
1231 3129 1334 3160 cordis

273 3181 303 3205 et
326 3175 389 3205 oris
412 3181 546 3211 tantum,
567 3175 600 3205 in
617 3174 783 3214 cogitativa
807 3181 914 3204 autem
938 3173 1117 3210 causaliter;
1141 3173 1224 3210 ideo,
1249 3173 1335 3203 iuxta

271 3218 410 3259 primam
425 3219 576 3259 regulam,
593 3219 707 3250 ultimo
725 3218 838 3248 dicitur
854 3218 892 3248 de
907 3218 1004 3248 verbo
1021 3217 1215 3258 cogitativae.
1236 3217 1278 3247 Et
1296 3217 1335 3246 ad

273 3263 335 3293 hoc
354 3262 582 3293 insinuandum
603 3262 705 3293 littera
726 3262 820 3298 dixit,
845 3262 1036 3302 imaginatio
1056 3261 1186 3292 verbum
1206 3261 1334 3297 dicitur,

270 3306 409 3337 innuens
432 3306 522 3347 quod
536 3306 570 3336 in
586 3306 753 3347 cogitativa
772 3316 808 3336 ea
826 3306 947 3336 ratione
967 3305 1080 3336 dicitur
1097 3306 1241 3341 verbum,
1262 3304 1337 3346 quia

271 3357 321 3382 est
342 3349 430 3381 verbi
452 3350 648 3390 imaginatio,
673 3350 805 3381 causalis
827 3357 945 3380 tamen.

333 3394 418 3432 Quia
441 3401 548 3425 autem
570 3394 657 3425 verbi
679 3394 759 3425 ratio
783 3394 925 3424 formalis
948 3393 981 3424 in
1004 3393 1164 3424 intellectu
1195 3392 1262 3423 sine
1285 3393 1338 3423 de-

272 3437 445 3479 pendentia
467 3448 485 3468 a
508 3438 605 3468 verbo
628 3438 726 3474 vocis,
750 3437 783 3468 in
805 3447 884 3469 voce
907 3444 1015 3468 autem
1035 3447 1110 3468 cum
1128 3437 1338 3477 dependentia

275 3489 322 3513 est
344 3493 362 3512 a
385 3482 481 3512 verbo
506 3481 625 3518 cordis,
654 3481 727 3512 ideo
751 3482 838 3522 prius
863 3481 902 3513 de
925 3482 1022 3512 verbo
1052 3481 1155 3511 cordis
1179 3491 1276 3522 quam
1301 3481 1339 3511 de

270 3528 370 3557 verbo
393 3525 481 3556 vocis
507 3525 638 3556 dicitur:
666 3525 839 3556 formaliter
861 3532 986 3562 tamen,
1015 3532 1052 3556 ut
1075 3525 1196 3556 dictum
1219 3532 1283 3561 est,
1310 3532 1340 3555 et

275 3580 341 3601 non
361 3570 538 3601 secuudum
557 3569 762 3600 extrinsecam
784 3569 1088 3606 denominationem,
1114 3576 1149 3600 ut
1167 3569 1338 3599 Durandus

276 3614 410 3655 putavit.
438 3614 538 3651 Quod
562 3623 599 3644 ex
622 3623 660 3644 eo
684 3619 783 3653 patet,
808 3614 896 3653 quod
918 3624 981 3644 vox
1004 3613 1091 3655 prius
1114 3613 1200 3643 verbi
1223 3623 1342 3643 nomen

1381 886 1492 917 habuit
1519 897 1616 927 quam
1641 887 1754 918 mentis
1778 894 1965 927 conceptus:
1998 887 2030 917 in
2053 887 2108 917 illo
2133 887 2218 917 enim
2241 888 2356 928 priori,
2381 899 2443 919 vox

1380 931 1514 961 verbum
1537 938 1610 967 erat,
1631 938 1662 962 et
1680 931 1759 961 ratio
1783 931 1868 961 verbi
1892 930 1925 960 in
1950 938 2104 971 conceptu
2129 931 2236 971 ignota
2260 939 2332 962 erat.
2357 933 2442 972 Ergo

1380 984 1443 1004 vox
1460 975 1545 1005 verbi
1562 975 1807 1015 appellationem
1823 985 1888 1005 non
1906 975 2042 1015 sumpsit
2057 985 2074 1005 a
2086 975 2182 1005 verbo
2199 975 2311 1006 cordis.
2322 976 2442 1007 -Prae-

1381 1025 1474 1054 terea,
1498 1029 1560 1049 vox
1575 1026 1622 1049 est
1637 1019 1764 1058 signum
1787 1019 2002 1059 expressivum
2024 1029 2090 1049 non
2114 1019 2373 1050 denominatione
2392 1030 2443 1050 ex-

1381 1062 1522 1098 trinseca,
1547 1063 1602 1093 sed
1625 1063 1806 1099 formaliter,
1831 1063 1912 1093 sicut
1935 1062 2076 1093 Socrates
2093 1070 2139 1094 est
2154 1063 2253 1094 albus.
2278 1064 2340 1094 Sed
2362 1064 2442 1094 ratio

1381 1106 1467 1136 verbi
1489 1106 1522 1136 in
1545 1116 1623 1137 voce
1647 1113 1693 1137 est
1715 1116 1782 1137 esse
1805 1107 2018 1147 expressivum
2041 1117 2096 1137 seu
2120 1107 2387 1138 manifestativum
2401 1108 2442 1138 si-

1381 1160 1483 1189 gnum
1513 1157 1684 1190 conceptus
1708 1151 1822 1181 mentis
1845 1151 1948 1187 alteri,
1969 1157 2005 1181 ut
2031 1151 2064 1180 in
2087 1151 2187 1181 littera
2211 1152 2338 1184 dicitur:
2363 1152 2443 1183 sicut

1383 1194 1477 1224 etiarn
1496 1194 1574 1224 ratio
1597 1194 1683 1224 verbi
1699 1194 1732 1224 in
1749 1202 1904 1234 conceptu
1929 1202 1975 1225 est
1997 1204 2064 1225 esse
2087 1195 2300 1235 expressivum
2315 1196 2442 1235 signum

1382 1237 1550 1268 habitualis
1574 1238 1704 1268 notitiae
1727 1238 1794 1273 sibi,
1815 1245 1851 1269 ut
1873 1239 1906 1269 in
1930 1239 1992 1278 Qq.
2009 1238 2049 1269 de
2077 1239 2145 1269 Ver.
2161 1239 2178 1258 *
2201 1239 2322 1270 dicitur.
2346 1240 2444 1280 Igitur
2468 1244 2480 1255 “

1382 1281 1587 1321 significativa
1601 1292 1663 1312 vox
1680 1282 1852 1312 formaliter
1876 1289 1923 1312 est
1943 1283 2086 1318 verbum,
2111 1282 2192 1313 sicut
2207 1283 2378 1314 formaliter
2397 1290 2443 1314 est

1383 1325 1567 1365 expressiva.

1440 1369 1494 1400 VI.
1514 1369 1565 1399 Ad
1581 1368 1793 1399 obiectionem
1809 1376 1916 1400 autem
1931 1369 1964 1399 in
1981 1370 2168 1419 oppositum
2182 1370 2209 1406 *,
2227 1370 2339 1401 dicitur
2354 1371 2478 1411 quod·

1383 1413 1463 1443 ordo
1488 1420 1616 1444 naturae
1634 1413 1714 1443 inter
1736 1413 1926 1444 intentiones
1950 1413 2088 1443 nominis
2111 1414 2304 1454 multiplicis,
2321 1424 2378 1445 nec
2397 1421 2443 1445 at·-

1382 1457 1522 1488 tenditur
1550 1457 1727 1487 secundum
1757 1457 1902 1487 ordinem
1925 1467 2030 1487 rerum
2053 1457 2086 1487 in
2110 1458 2226 1498 quibus
2253 1458 2443 1489 intentiones

1383 1501 1551 1537 salvantur,
1577 1510 1634 1531 nec
1657 1502 1834 1531 secundum
1858 1501 2003 1531 ordinem
2026 1501 2153 1532 illarum
2176 1502 2391 1533 intentionum
2408 1502 2442 1533 in

1383 1555 1450 1575 esse
1474 1551 1620 1575 naturae:
1645 1545 1696 1575 sol
1719 1545 1804 1575 enim
1833 1546 1978 1586 quamvis
2002 1545 2041 1576 sit
2063 1545 2150 1586 prior
2173 1546 2322 1576 calefacto
2346 1557 2363 1576 a
2387 1556 2419 1576 se
2433 1570 2440 1583 ,

1383 1596 1414 1620 et
1429 1589 1592 1619 causalitas
1616 1589 1691 1619 solis
1714 1589 1802 1629 prior
1820 1589 1859 1619 sit
1878 1590 2060 1620 naturaliter
2078 1600 2176 1630 quam
2192 1591 2277 1620 calor
2297 1597 2442 1621 causatus

1382 1643 1438 1674 per
1459 1633 1564 1669 illam,
1588 1643 1654 1663 non
1677 1639 1783 1663 tamen
1807 1633 1894 1673 prius
1918 1633 2030 1664 dicitur
2053 1634 2191 1664 calidum
2218 1635 2256 1664 de
2283 1644 2321 1664 eo
2345 1644 2443 1675 quarn

1383 1678 1421 1707 de
1445 1677 1605 1713 calefacto,
1629 1677 1683 1707 sed
1703 1686 1720 1707 e
1736 1683 1854 1708 contra.
1879 1677 1940 1708 Sed
1964 1677 2133 1708 attenditur
2156 1678 2331 1708 secundum
2354 1679 2442 1709 habi-

1382 1721 1526 1751 tudinem
1549 1721 1690 1761 ipsarum
1713 1721 1928 1751 intentionum
1950 1721 1983 1751 in
2006 1722 2069 1752 hoc
2091 1722 2180 1762 quod
2200 1729 2245 1752 est
2268 1723 2390 1753 includi
2409 1724 2441 1753 in

1382 1766 1449 1796 alia
1479 1771 1509 1796 et
1532 1775 1595 1796 non
1620 1775 1637 1795 e
1660 1771 1782 1796 contra.
1814 1765 1865 1796 Sic
1888 1772 1995 1796 autern
2019 1775 2051 1796 se
2074 1765 2190 1797 habent
2218 1766 2351 1796 intentio
2380 1766 2442 1796 for—

1382 1809 1483 1845 malis,
1504 1816 1534 1840 et
1550 1809 1726 1839 secundum
1750 1809 2044 1840 denominationem
2067 1810 2279 1842 extrinsecam.
2305 1811 2347 1841 Et
2369 1821 2442 1850 pro—

1382 1860 1497 1894 pterea,
1513 1853 1586 1883 licet
1604 1853 1768 1883 causalitas
1783 1853 1978 1893 cogitativae,
1993 1864 2057 1894 qua
2072 1853 2105 1883 in
2121 1864 2157 1884 ea
2172 1854 2284 1885 dicitur
2298 1855 2440 1891 verbum,

1382 1898 1422 1928 sit
1437 1897 1524 1937 prior
1538 1897 1640 1927 vocali
1663 1897 1770 1933 verbo,
1794 1897 1951 1937 posterius
1968 1904 2074 1928 tamen
2089 1898 2355 1938 praedicationem
2374 1898 2441 1928 eius

1382 1941 1501 1981 recipit.

1440 1985 1507 2016 Vll.
1524 1985 1642 2022 Quoad
1660 1986 1788 2015 tertium
1800 1985 1827 2021 *‚
1840 1986 1992 2025 probatur
2008 1985 2169 2016 conclusio
2185 1985 2238 2016 sic.
2249 1986 2389 2017 Verbum
2408 1986 2442 2016 in

1383 2029 1495 2059 divinis
1515 2028 1668 2068 significat
1691 2036 1881 2069 conceptum
1903 2029 2096 2060 intellectus:
2122 2039 2196 2069 ergo
2216 2029 2369 2070 significat
2387 2030 2442 2060 ali-

1383 2073 1460 2114 quid
1479 2074 1517 2103 ab
1534 2073 1596 2103 alio
1621 2073 1809 2112 procedens:
1834 2083 1908 2113 ergo
1928 2073 2047 2114 aliquid
2070 2074 2252 2113 personale:
2278 2084 2352 2113 ergo
2376 2084 2442 2104 non

1383 2117 1519 2148 sumitur
1534 2116 1746 2153 essentialiter,
1767 2117 1821 2147 sed
1837 2117 2041 2157 personaliter
2059 2124 2193 2148 tantum.
2206 2135 2225 2140 -
2239 2118 2344 2148 Prima
2366 2128 2441 2148 con—

1385 2161 1548 2202 sequentia
1563 2161 1731 2201 probatur:
1756 2161 1830 2201 quia
1846 2161 1884 2191 de
1901 2161 2020 2192 ratione
2035 2161 2134 2202 ipsius
2154 2169 2325 2202 conceptus
2342 2162 2444 2192 cordis

1385 2212 1440 2242 est,
1465 2205 1553 2246 quod
1576 2205 1727 2245 procedat
1749 2205 1787 2235 ab
1811 2205 1890 2241 alio,
1915 2205 2030 2235 scilicet
2054 2216 2072 2235 a
2094 2205 2205 2235 notitia
2228 2206 2442 2246 concipientis.

1385 2249 1530 2280 Secunda
1551 2259 1627 2279 vero
1650 2249 1818 2288 probatur:
1843 2249 1917 2289 quia
1933 2259 2086 2289 personae
2103 2249 2226 2279 divinae
2245 2250 2446 2290 distinguun-

1385 2300 1436 2324 tur
1459 2293 1635 2324 secundum
1659 2292 1823 2332 originem.
1848 2293 1955 2323 Tertia
1979 2300 2025 2324 est
2047 2303 2102 2333 per
2125 2303 2158 2323 se
2181 2300 2266 2324 nota.

1443 2337 1524 2368 VIII.
1543 2336 1633 2367 Circa
1652 2337 1733 2367 hanc
1751 2337 1907 2367 rationem
1923 2347 1958 2367 ac
1975 2337 2224 2375 conclusionem,
2241 2337 2375 2368 dubium
2394 2348 2445 2369 oc-

1387 2381 1482 2412 currit
1496 2387 1627 2421 propter
1650 2381 1718 2411 tria.
1742 2381 1861 2418 Primo,
1886 2381 1960 2422 quia
1978 2382 2155 2421 procedere
2170 2381 2318 2412 abstrahit
2337 2392 2354 2411 a
2370 2392 2444 2422 pro-

1387 2436 1476 2457 cessu
1501 2425 1574 2455 reali
1591 2432 1622 2455 et
1637 2435 1786 2465 processu
1810 2426 1985 2456 secundum
2008 2425 2173 2456 rationem.
2198 2425 2238 2456 Et
2256 2425 2396 2456 similiter
2413 2426 2446 2467 ly

1386 2470 1426 2500 ab
1444 2470 1509 2500 alio
1532 2475 1638 2510 potest
1660 2475 1796 2509 utroque
1821 2470 1919 2499 modo
1944 2469 2084 2508 intelligi,
2109 2469 2225 2499 scilicet
2247 2470 2312 2500 alio
2335 2479 2445 2500 secun-

1387 2514 1466 2543 dum
1485 2523 1561 2548 rem,
1585 2513 1635 2543 vel
1658 2513 1835 2543 secundum
1858 2513 2022 2543 rationem.
2047 2513 2088 2542 Et
2110 2520 2215 2543 tamen
2238 2513 2339 2543 littera
2353 2513 2446 2544 infert

1387 2564 1417 2588 et
1441 2567 1625 2597 processum
1649 2563 1679 2586 et
1701 2557 1858 2587 alietatem
1882 2557 2007 2586 realem.
2025 2574 2044 2580 -
2060 2557 2206 2587 Secundo
2229 2555 2279 2598 (et
2302 2563 2348 2587 est
2371 2567 2444 2588 con-

1386 2601 1523 2631 firmatio
1553 2599 1794 2642 praecedentis),
1825 2608 1955 2640 propter
1982 2601 2098 2631 multas
2127 2600 2298 2631 instantias.
2330 2600 2446 2632 Intelli-

1387 2655 1458 2685 gere
1482 2644 1576 2680 enim,
1601 2654 1716 2680 amare,
1740 2651 1770 2674 et
1794 2645 2021 2685 quodcumque
2045 2645 2131 2674 aliud
2153 2644 2269 2680 simile,
2294 2645 2446 2684 significat

1387 2689 1507 2729 aliquid
1523 2689 1696 2728 procedens
1712 2688 1750 2718 ab
1767 2688 1839 2724 alio,
1851 2695 1929 2728 puta
1943 2688 2102 2719 intellectu
2118 2688 2169 2718 vel
2183 2689 2356 2725 voluntate,
2372 2696 2445 2725 etc.;

1387 2740 1418 2763 et
1432 2740 1538 2763 tamen
1555 2742 1621 2762 non
1645 2732 1802 2772 sequitur:
1827 2733 1912 2772 Ergo
1931 2732 2115 2763 huiusmodi
2139 2739 2214 2763 sunt
2232 2733 2363 2763 nomina
2378 2743 2446 2773 per-

1388 2777 1508 2807 sonalia
1531 2776 1563 2806 in
1587 2776 1710 2806 divinis.
1727 2794 1747 2798 -
1769 2777 1874 2806 Tertio
1899 2775 1943 2818 (et
1966 2783 2012 2807 est
2031 2776 2245 2816 augmentatio
2261 2778 2446 2816 praeceden-

1387 2819 1492 2862 tium),
1506 2827 1635 2860 propter
1649 2820 1822 2860 ipsummet
1837 2822 2021 2856 Auctorem,
2033 2820 2089 2861 qui
2106 2827 2136 2851 et
2153 2820 2186 2850 in
2199 2820 2261 2861 Qq.
2278 2821 2318 2851 de
2338 2821 2408 2851 Ver.
2418 2821 2445 2857 *,

1388 2871 1419 2895 et
1434 2864 1467 2894 in
1483 2865 1495 2894 1
1511 2864 1597 2894 Sent.
1614 2864 1641 2900 *,
1662 2863 1716 2894 ubi
1740 2874 1834 2903 supra
1849 2864 1892 2900 **,
1917 2871 2046 2904 propter
2061 2865 2137 2895 haec
2151 2874 2232 2905 quae
2247 2865 2446 2901 adduximus,

1369 2909 1468 2939 ‘hanc
1491 2908 1646 2938 rationem
1669 2907 1700 2937 in
1724 2907 1826 2938 littera
1848 2908 2017 2938 adductam
2045 2915 2130 2939 tenet
2152 2918 2218 2938 non
2242 2909 2445 2944 concludere;
2474 2924 2493 2931 ··

1388 2952 1583 2992 sustinetque
1611 2951 1798 2992 oppositum
1826 2951 2038 2982 conclusionis
2068 2952 2120 2982 hic
2143 2952 2308 2992 probatae,
2342 2952 2447 2982 dicens

1388 2997 1517 3027 verbum
1546 2996 1740 3036 quandoque
1767 2996 1952 3035 personale,
1983 2997 2178 3036 quandoque
2206 2996 2368 3026 essentiale
2390 3006 2448 3026 no-

1389 3050 1462 3070 rnen
1487 3049 1562 3070 esse.

1447 3085 1500 3114 IX.
1523 3084 1574 3114 Ad
1590 3083 1779 3114 evidentiam
1797 3083 1893 3114 huius
1905 3078 2123 3120 dubitationis,
2147 3083 2251 3123 primo
2269 3084 2307 3114 de
2322 3093 2355 3114 re
2370 3083 2447 3123 ipsa,

1389 3128 1501 3159 deinde
1517 3126 1535 3145 ‘¹‘
1552 3128 1591 3157 de
1606 3129 1745 3158 Auctore
1766 3127 1936 3158 dicendum
1960 3135 2015 3159 est.
2039 3128 2156 3164 Quoad
2171 3137 2247 3164 rem,
2273 3127 2350 3158 scito
2372 3128 2448 3159 duo.

1389 3172 1506 3208 Primo,
1523 3171 1598 3212 quia
1616 3171 1649 3212 Iy
1670 3171 1844 3202 secundum
1862 3173 2017 3202 rationem
2038 3178 2084 3202 est
2100 3171 2240 3202 conditio
2257 3171 2447 3208 diminuens,

1390 3216 1470 3246 sicut
1486 3217 1608 3255 pictum
1631 3215 1682 3245 vel
1705 3221 1865 3246 mortuum
1891 3214 2026 3258 (moveri
2049 3215 2134 3246 enim
2157 3216 2331 3246 secundum
2355 3215 2450 3246 ratio-

1390 3270 1474 3296 nem,
1499 3269 1564 3289 non
1581 3266 1627 3290 est
1650 3257 1794 3302 moveri),
1819 3259 1891 3289 ideo
1908 3260 2076 3299 procedere
2092 3259 2267 3289 secundum
2284 3259 2448 3296 rationem,

1391 3314 1457 3334 non
1481 3310 1527 3334 est
1550 3304 1734 3343 procedere,
1766 3304 1821 3333 sed
1845 3310 1890 3334 est
1913 3304 2051 3344 intelligi
2073 3303 2158 3343 quod
2174 3303 2341 3343 procedat,
2370 3303 2450 3334 idest

1391 3358 1448 3388 per
1463 3347 1598 3377 modum
1617 3357 1794 3387 processus.
1818 3348 1860 3377 Et
1878 3354 2053 3387 propterea,
2078 3357 2152 3377 cum
2175 3348 2214 3377 de
2237 3357 2387 3387 processu
2406 3354 2452 3378 est

1393 3402 1507 3428 sermo,
1521 3391 1559 3421 de
1575 3391 1648 3422 reali
1665 3398 1791 3431 oportet
1805 3391 1951 3431 intelligi;
1972 3391 2052 3422 sicut
2067 3401 2142 3421 cum
2153 3391 2192 3421 de
2208 3398 2309 3428 motu,
2320 3391 2451 3432 aliisque

1391 3446 1472 3476 quae
1489 3445 1544 3475 per
1557 3435 1712 3465 rationem
1728 3435 1958 3472 diminuuntur,
1976 3435 2148 3475 loquimur.
2165 3435 2319 3475 Alioquin
2334 3435 2451 3467 incerta

1393 3486 1494 3510 essent
1517 3488 1634 3509 omma.

1453 3523 1538 3554 Scito
1562 3523 1717 3559 secundo,
1742 3523 1831 3563 quod
1854 3523 1940 3552 aliud
1963 3530 2009 3553 est
2032 3522 2204 3562 significare
2233 3523 2351 3564 aliquid
2375 3533 2451 3564 pro-

1394 3568 1508 3599 cedens
1523 3567 1562 3597 ab
1581 3567 1662 3597 alio:
1677 3574 1707 3597 et
1722 3567 1817 3603 aliud,
1836 3566 2008 3606 significare
2024 3567 2143 3606 aliquid
2156 3577 2220 3607 per
2236 3568 2363 3598 modum
2378 3578 2452 3607 pro—

1396 3612 1533 3642 cedentis
1548 3611 1588 3641 ab
1603 3611 1677 3642 alio.
1703 3611 1738 3640 In
1754 3611 1857 3651 primo
1875 3610 1960 3640 enim
1976 3610 2090 3641 dicitur
2108 3611 2197 3651 quod
2214 3621 2262 3641 res
2282 3611 2452 3652 significata

2495 1243 2543 1271 Qu.
2557 1250 2589 1271 ιν,
2605 1248 2646 1266 art.
2656 1250 2680 1266 2.

2494 1375 2529 1397 Cf.
2543 1381 2608 1398 num.
2622 1382 2652 1398 ιν.

2470 1987 2477 1995 ·
2494 1984 2530 2007 Cf.
2544 1991 2608 2007 num.
2624 1991 2650 2006 n.

2474 2821 2482 2829 ”
2499 2819 2545 2846 Qu.
2555 2825 2586 2845 iv,
2596 2822 2638 2840 art.
2648 2825 2670 2840 2.

2475 2870 2482 2879 ·
2494 2869 2552 2890 Dist.
2563 2874 2635 2894 xxvii,
2644 2874 2684 2895 qu.

2474 2901 2499 2919 ιι,
2514 2898 2556 2916 art.
2567 2901 2587 2916 2.

2510 2921 2544 2943 Cf.
2559 2927 2623 2942 num.
2633 2927 2666 2942 111.

2476 3134 2485 3143 ‘
2501 3132 2571 3154 Num.
2586 3137 2618 3152 xi.
