2768 4178
0 871 57 946 l

152 2310 168 2340 t

151 2583 168 2607 Ἰ

150 1785 163 1803 ι

24 2024 26 2027 >
53 1990 208 2067 ὲςαῗδῗιι.
221 2021 268 2040 ect.

1010 255 1277 303 QUAESTIO
1306 255 1392 302 XL,
1422 254 1718 292 ARTICULUS
1748 255 1762 290 I

2403 265 2475 300 411

841 445 1253 522 QUAESTIO
1293 444 1942 522 QUADRAGESIMA

297 569 382 610 DE
413 567 709 609 PERsoNJs
742 567 803 607 IN
828 565 1313 607 COMPARATIONE
1336 565 1422 605 AD
1447 564 1836 605 RELATIONES
1860 563 1998 604 SIVE
2021 564 2480 605 PROPRIETATES

1084 672 1119 697 IN
1149 671 1322 702 QUATUOR
1349 671 1551 696 ARTICULOS
1579 671 1697 696 DIVISA

0 778 6 793 .-
378 769 496 805 EmDE'
514 766 708 814 quaeritur
731 766 779 803 de
805 766 983 803 Personis
1007 766 1047 802 in
1076 765 1361 814 comparatione

0 819 7 868 3
53 819 170 898 Q.
163 825 266 847 w
295 777 374 860 D

378 820 428 857 ad
456 819 656 856 relationes
685 819 766 856 sive
794 819 1044 868 proprietates
1062 819 1093 856 *.

294 874 344 910 Et
372 880 606 922 quaeruntur
623 878 641 894 ⁰²
670 879 842 921 quatuor.

347 926 498 963 Primo:
526 933 655 962 utrum
680 925 812 962 relatio
839 925 885 962 sit
903 925 1007 962 idern
1027 925 1132 973 quod
1146 923 1164 953 β
1183 936 1360 973 persona.

349 978 546 1016 Secundo:
576 986 704 1015 utrum
731 978 932 1015 relationes
968 978 1196 1025 distinguant
1216 984 1252 1014 et
1271 989 1361 1014 con-

401 1031 554 1069 stituant
580 1044 776 1081 personas.

1469 764 1620 802 Tertio:
1648 772 1789 811 utrum,
1811 764 2006 801 abstractis
2034 776 2104 812 per
2130 764 2359 801 intellectum
2387 765 2482 801 rela-

1521 818 1687 855 tionibus
1716 830 1738 854 a
1765 817 1950 866 personis,
1972 825 2195 854 remaneant
2215 822 2229 844 ⁷
2257 818 2481 866 hypostases

1524 870 1731 908 distinctae.

1472 925 1642 971 Quarto:
1684 931 1812 960 utrum
1841 923 2061 970 relationes,
2092 922 2303 960 secundum
2340 923 2482 960 intelle-

1525 984 1649 1024 ctum,
1678 984 1990 1025 praesupponant
2027 983 2132 1013 actus
2161 973 2174 997 ⁸
2207 988 2479 1025 personarum,

1524 1030 1587 1066 vel
1616 1042 1637 1066 e
1667 1041 1864 1066 converso.

1113 1138 1429 1180 ARTICULUS
1460 1138 1666 1179 PRIMUS

904 1234 1061 1265 UTRUM
1084 1232 1276 1263 RELATIO
1301 1232 1367 1263 SIT
1393 1231 1500 1262 IDEM
1525 1231 1647 1268 QUOD
1672 1231 1870 1262 PERSONA

757 1313 767 1337 1
786 1311 869 1341 Seni„
889 1312 948 1336 dist.
967 1318 1034 1342 xxvr,
1053 1318 1098 1343 qu.
1116 1317 1148 1340 u,
1168 1314 1215 1334 art.
1234 1316 1260 1340 ις
1281 1309 1340 1335 dist.
1358 1316 1449 1340 xxm,
1469 1314 1516 1333 art.
1538 1316 1567 1340 23
1590 1309 1733 1341 Compend.
1756 1309 1853 1339 Theoi„
1873 1317 1928 1341 cap.
1946 1317 2022 1334 nvn.

311 1491 364 1552 ’,γ’
350 1483 461 1585 ἢν]
436 1453 635 1550 ῗεοηεὲ.
653 1507 933 1554 Quaecumque
971 1505 1075 1542 enim
1112 1512 1199 1541 sunt
1235 1504 1360 1551 idem,

350 1527 754 1607 ''sva-(uhmultiplicato
790 1571 869 1595 uno
909 1570 1066 1605 eorum,
1096 1557 1363 1606 multiplicatur

295 1618 332 1648 et
358 1610 471 1648 aliud.
502 1611 579 1649 Sed
599 1611 780 1660 contingit
798 1611 837 1648 in
856 1623 932 1648 una
947 1623 1113 1660 persona
1133 1623 1215 1648 esse
1234 1611 1362 1660 plures

293 1663 513 1712 relationes,
543 1665 639 1702 sicut
665 1664 704 1702 in
731 1677 898 1714 persona
926 1664 1047 1701 Patris
1076 1671 1132 1701 est
1157 1663 1363 1712 paternitas

294 1724 332 1755 et
350 1718 569 1756 communis
588 1717 759 1767 spiratio:
789 1725 826 1754 et
844 1717 983 1755 iterum
1002 1729 1120 1754 unam
1140 1717 1362 1754 relationem

292 1769 333 1808 in
361 1769 511 1807 duabus
547 1771 721 1820 personis
751 1783 833 1807 esse
852 1776 879 1817 ⁸,
911 1771 1006 1808 sicut
1034 1770 1251 1807 communis
1289 1770 1364 1819 spi-

294 1823 389 1860 ratio
419 1831 475 1861 est
501 1824 540 1861 in
568 1825 680 1861 Patre
709 1831 746 1860 et
774 1823 882 1861 Filio.
912 1825 1014 1872 Ergo
1044 1823 1174 1860 relatio
1203 1835 1283 1860 non
1308 1831 1364 1860 est

294 1875 399 1914 idem
428 1877 532 1926 quod
560 1889 737 1926 persona.

350 1941 386 1967 2.
416 1930 660 1977 PRAETEREA,
690 1929 782 1967 nihil
812 1936 868 1966 est
903 1929 942 1966 in
970 1929 1118 1978 seipso,
1149 1928 1362 1966 secundum

190 1996 267 2039 '1¹¹¹'
294 1982 594 2032 Philosophum,
622 1984 663 2021 in
692 1983 744 2020 IV
761 1982 911 2031 Physic.
931 1982 952 2004 ²¹⁶
981 1982 1059 2019 Sed
1082 1982 1212 2019 relatio
1242 1989 1298 2019 est
1325 1982 1363 2019 in

294 2048 472 2086 persona.
503 2037 587 2073 Nec
614 2043 740 2085 potest
760 2035 833 2072 dici
853 2035 959 2084 quod
979 2035 1123 2072 ratione
1142 2035 1362 2072 identitatis:

296 2089 386 2139 quia
405 2089 459 2126 sic
479 2097 577 2126 esset
596 2089 710 2126 etiam
733 2089 773 2126 in
794 2089 965 2126 essentia.
999 2089 1102 2136 Ergo
1130 2088 1261 2125 relatio
1282 2088 1362 2125 sive

294 2142 508 2192 proprietas
537 2150 574 2179 et
600 2154 767 2192 persona
794 2154 874 2178 non
902 2149 989 2178 sunt
1015 2141 1120 2178 idem
1153 2141 1191 2178 in
1212 2141 1361 2188 divinis.

352 2196 386 2233 3.
416 2196 650 2243 PRAETEREA,
676 2207 946 2244 quaecumque
974 2202 1061 2231 sunt
1089 2194 1215 2242 idem,
1243 2194 1295 2231 ita
1322 2207 1363 2231 se

295 2249 450 2296 habent,
479 2248 586 2297 quod
613 2247 799 2297 quidquid
817 2247 1057 2296 praedicatur
1077 2247 1124 2284 de
1143 2260 1234 2293 uno,
1255 2259 1363 2296 prae-

297 2301 444 2339 dicatur
471 2309 508 2338 et
536 2301 584 2339 de
612 2301 686 2338 alio
706 2301 731 2338 ζ.
762 2301 854 2337 Non
883 2308 1012 2337 autem
1041 2300 1228 2349 quidquid
1255 2312 1365 2348 prae-

273 2354 442 2397 ,dicatur
469 2355 517 2392 de
544 2366 731 2403 persona,
760 2353 1002 2402 praedicatur
1038 2353 1085 2390 de
1121 2353 1363 2402 proprietate.

295 2407 470 2445 Dicimus
499 2408 601 2445 enim
629 2407 734 2456 quod
761 2408 876 2444 Pater
901 2412 1075 2456 generat,
1105 2406 1173 2443 sed
1201 2418 1280 2443 non
1311 2406 1365 2443 di-

297 2460 418 2498 cimus
455 2461 562 2509 quod
587 2461 797 2509 paternitas
823 2460 871 2496 sit
901 2471 1102 2509 generans
1141 2460 1244 2506 Ergo
1276 2470 1364 2506 pro-

295 2514 435 2563 prietas
463 2526 542 2550 non
571 2520 626 2549 est
653 2513 756 2550 idem
785 2513 889 2561 quod
916 2524 1083 2561 persona
1111 2511 1149 2548 in
1178 2511 1329 2548 divinis.

352 2567 427 2603 SED
461 2577 622 2612 CONTRA,
652 2565 691 2602 in
725 2565 863 2602 divinis
892 2577 972 2602 non
1001 2564 1125 2601 differt
1143 2572 1158 2595 η
1186 2565 1288 2612 quod
1313 2569 1367 2600 est

55 2629 138 2652 ‘Vide
148 2636 217 2659 prop·
226 2636 269 2652 vn
299 2626 336 2656 et
354 2631 428 2668 quo
447 2624 511 2664 est,
531 2625 573 2655 ut
590 2619 754 2655 habetur
773 2630 795 2654 a
814 2617 977 2655 Boetio'
969 2630 1009 2654 1n
1028 2618 1124 2654 libro
1145 2617 1190 2653 de
1207 2617 1332 2653 Hehd.
1345 2616 1365 2638 '¹‘

57 2657 162 2680 -s..·rh

156 3131 164 3147 t

175 2657 228 2679 lect.
239 2663 256 2679 ι.

299 2671 378 2709 Sed
395 2672 509 2708 Pater
532 2671 756 2720 paternitate
778 2678 834 2707 est
851 2671 975 2707 Pater.
1005 2671 1108 2718 Ergo
1128 2671 1241 2707 Pater
1259 2670 1363 2706 idem

299 2732 355 2762 est
382 2725 489 2772 quod
516 2724 732 2773 paternitas.
762 2724 813 2760 Et
833 2723 969 2760 eadem
989 2723 1134 2760 ratione
1154 2723 1250 2760 aliae
1277 2735 1365 2771 pro-

297 2777 475 2828 prietates
502 2777 606 2822 idem
635 2785 722 2814 sunt
750 2789 838 2814 cum
866 2776 1052 2825 personis.

352 2832 577 2868 RESPONDEO
606 2842 790 2867 DICENDUM
819 2829 924 2878 quod
949 2829 1047 2872 circa
1073 2829 1149 2865 hoc
1177 2828 1291 2877 aliqui
1312 2828 1365 2865 di-

297 2884 517 2922 versimode
547 2883 690 2932 opinati
725 2890 821 2919 sunt.
862 2882 1031 2930 Quidam
1061 2881 1164 2919 enim
1193 2881 1366 2918 dixerunt

297 2937 546 2986 proprietates
574 2948 699 2985 neque
719 2933 732 2956 ⁰
751 2947 829 2972 esse
848 2947 1045 2983 personaS,
1068 2946 1194 2982 neque
1214 2935 1251 2971 in
1274 2946 1364 2982 per-

297 2991 409 3027 sonis.
439 2989 517 3036 Qui
545 2990 696 3026 fuerunt
724 2988 819 3025 moti
843 3000 889 3025 ex
908 2988 1028 3025 modo
1049 2987 1285 3035 significandi
1306 2999 1363 3024 re-

296 3042 495 3089 lationum,
525 3055 623 3091 quae
653 3041 809 3091 quidem
838 3053 918 3078 non
946 3040 1157 3088 significant
1177 3040 1274 3077 utin
1295 3040 1362 3076 ali-

298 3107 392 3144 quo,
431 3096 499 3133 sed
536 3095 656 3143 magis
688 3102 730 3131 ut
762 3094 814 3131 ad
848 3094 1000 3142 aliquid.
1039 3093 1151 3131 Unde
1174 3093 1363 3167 *dixerunt

57 3156 127 3184 ·Qu.
134 3161 215 3183 xxvm
226 3159 268 3178 πῖ·
297 3148 498 3185 relationes
528 3155 637 3185 esse*
665 3148 892 3193 assistentes,
923 3147 1018 3183 sicut
1046 3145 1194 3195 supra*
1214 3146 1361 3194 exposi-

155 3219 171 3236 κ

296 3209 378 3238 tum
400 3209 465 3238 est.
486 3222 510 3229 -
531 3201 608 3238 Sed
627 3201 749 3250 quia’t
778 3200 918 3247 relatio,
948 3199 1161 3236 secundum
1182 3199 1286 3247 quod
1306 3207 1362 3235 est

350 3315 378 3347 α)
397 3317 571 3347 quaeruntur.
589 3328 608 3333 —
625 3314 697 3339 circa
715 3314 764 3339 hoc
782 3317 949 3346 quaeruntur
966 3314 996 3338 B.

351 3349 375 3382 β)
396 3349 476 3382 quod.
492 3364 511 3369 —-
527 3357 587 3374 cum
606 3349 716 3374 codices.

349 3386 376 3428 I)
396 3388 595 3444 νεέηαηεαηῂΐ-
613 3388 801 3444 remgyeantur
819 3385 851 3410 G.
869 3397 888 3404 -
907 3384 1048 3409 distinctae
1059 3391 1113 3408 om.
1124 3383 1225 3408 codices
1240 3387 1265 3407 et
1278 3383 1319 3408 ed.
1335 3390 1360 3408 a.

439 3428 455 3444 u
470 3437 477 3444 .
495 3433 514 3439 -
531 3427 563 3444 ac
744 3438 751 3445 .

349 3421 374 3488 εο))
391 3427 491 3480 ἔζςε.ε-
508 3427 751 3485 Οτυ.ιᾏη1131ξὲ”αιξεέΐ
769 3455 864 3480 iterum
915 3455 1028 3487 spiratio
1047 3462 1100 3479 orn.
1119 3454 1195 3479 CEG.

349 3491 374 3524 ζ)
394 3494 420 3516 et
439 3491 471 3515 de
489 3490 551 3514 alio.
569 3503 588 3508 -
607 3490 639 3514 de
656 3490 711 3515 alio
729 3491 887 3521 ACDEGab,
907 3494 934 3515 et
952 3490 985 3515 de
1003 3491 1089 3515 altero
1107 3490 1137 3514 B.

349 3527 376 3558 η)
396 3526 494 3559 differt.
511 3538 531 3544 —
549 3525 677 3558 differunt
695 3526 723 3550 P.

350 3561 373 3594 θ)
394 3568 484 3593 neque.
500 3574 520 3580 -
538 3567 590 3585 non
609 3560 731 3585 ABCDE.

351 3597 369 3631 ι)
389 3604 451 3622 esse.
469 3610 488 3616 -
506 3596 568 3621 Om.
587 3595 685 3620 CEFG.

1417 1397 1608 1445 quaedam
1624 1410 1682 1434 res
1697 1397 1736 1434 in
1752 1397 1901 1444 divinis,
1918 1405 1975 1434 est
1993 1397 2075 1446 ipsa
2096 1398 2257 1435 essentia
2271 1397 2299 1443 ²;
2323 1399 2482 1436 essentia

1416 1458 1544 1487 autem
1564 1450 1667 1487 idem
1688 1458 1744 1487 est
1762 1451 1867 1499 quod
1885 1463 2062 1499 persona,
2078 1458 2120 1487 ut
2139 1464 2184 1488 ex
2204 1451 2310 1489 dictis
2324 1452 2344 1473 '¹‘
2363 1460 2480 1501 patet3

1417 1511 1567 1552 oportet
1595 1504 1700 1551 quod
1719 1511 1738 1530 ¹⁴⁴
1767 1503 1897 1540 relatio
1926 1503 1972 1540 sit
1998 1504 2102 1541 idem
2131 1505 2237 1552 quod
2264 1517 2440 1553 persona.

1470 1558 1582 1593 Hanc
1609 1556 1719 1604 igitur
1746 1556 1980 1594 identitatem
2009 1556 2069 1593 alii
2103 1557 2397 1606 considerantes,
2428 1558 2482 1595 di-

1416 1617 1551 1646 xerunt
1582 1609 1832 1658 proprietates
1867 1610 2024 1658 quidem
2054 1622 2136 1646 esse
2169 1623 2373 1659 personas,
2403 1623 2481 1648 non

1417 1670 1546 1700 autem
1576 1663 1613 1699 in
1640 1663 1835 1711 personis.-
1864 1663 1954 1712 quia
1981 1675 2059 1700 non
2091 1664 2286 1712 ponebant
2313 1664 2483 1712 proprie-

1416 1723 1510 1753 tates
1538 1715 1577 1752 in
1607 1715 1743 1752 divinis
1772 1716 1841 1753 nisi
1864 1716 2076 1753 secundum
2097 1717 2259 1754 modurn
2287 1716 2481 1765 loquendi,

1416 1777 1459 1806 ut
1473 1781 1589 1818 supra
1603 1768 1623 1790 ’¹‘
1643 1769 1786 1806 dictum
1808 1776 1910 1806 est.-
1927 1770 2094 1806 Necesse
2116 1777 2171 1806 est
2189 1777 2318 1806 autem
2337 1782 2481 1818 ponere

1416 1822 1667 1871 proprietates
1700 1822 1739 1859 in
1774 1822 1932 1869 divinis,
1970 1830 2012 1859 ut
2048 1834 2162 1870 supra
2195 1823 2431 1859 ostendimus
2449 1822 2480 1859 ³¹³.

1418 1876 1529 1922 Quae
1558 1875 1714 1923 quidem
1743 1874 2001 1923 significantur
2027 1875 2066 1912 in
2085 1875 2292 1922 abstracto,
2307 1883 2349 1912 ut
2367 1888 2482 1924 quae-

1418 1928 1508 1965 dam
1538 1928 1684 1965 formae
1712 1940 1974 1976 personarum.
2003 1927 2130 1975 Unde,
2161 1941 2249 1965 cum
2270 1929 2318 1966 de
2338 1929 2482 1965 ratione

1417 1981 1563 2018 formae
1584 1981 1642 2028 sit,
1658 1981 1764 2030 quod
1783 1981 1830 2017 sit
1848 1981 1887 2017 in
1908 1993 1954 2018 eo
1975 1981 2081 2018 euius
2102 1988 2156 2018 est
2175 1982 2311 2028 forma,
2333 1989 2483 2031 oportet

1418 2034 1543 2071 dicere
1571 2034 1821 2082 proprietates
1849 2046 1927 2070 esse
1949 2035 1986 2071 in
2008 2034 2193 2082 personis,
2215 2042 2251 2071 et
2270 2047 2334 2071 eas
2353 2042 2482 2071 tamen

1418 2099 1495 2124 esse
1520 2099 1728 2135 personas;
1756 2087 1850 2123 sicut
1878 2087 2080 2124 essentiam
2109 2099 2187 2124 esse
2213 2087 2251 2124 in
2279 2089 2361 2124 Deo
2396 2087 2482 2124 dici-

1418 2153 1517 2187 mus,
1547 2152 1644 2188 quae
1673 2148 1803 2176 tamen
1832 2147 1887 2176 est
1914 2141 2031 2177 Deus.

1471 2195 1530 2230 AD
1550 2205 1686 2230 PRIMUM
1706 2204 1804 2230 ERGO
1823 2204 2008 2229 DICENDUM
2032 2192 2137 2242 quod
2155 2205 2320 2242 persona
2339 2200 2376 2229 et
2393 2205 2482 2241 pro—

1418 2246 1558 2295 prietas
1587 2253 1674 2282 sunt
1701 2245 1805 2282 idern
1835 2257 1886 2292 re,
1908 2245 2087 2282 differunt
2114 2253 2243 2282 tamen
2271 2246 2483 2282 secundum

1419 2299 1618 2336 rationem.
1647 2298 1760 2336 Unde
1788 2310 1866 2335 non
1895 2305 2046 2346 oportet
2073 2298 2199 2347 quod,
2235 2298 2481 2347 multiplicato

1418 2365 1510 2399 uno,
1531 2351 1800 2400 multiplicetur
1819 2351 2019 2399 reliquum.
2036 2372 2060 2379 -
2078 2351 2408 2388 Considerandum
2428 2358 2482 2388 ta-

1419 2417 1510 2442 men
1526 2413 1581 2442 est
1594 2405 1711 2453 quod,
1726 2412 1884 2452 propter
1899 2404 2067 2441 divinam
2087 2403 2375 2452 simplicitatem,
2393 2416 2482 2441 con-

1419 2458 1604 2495 sideratur
1620 2458 1757 2506 duplex
1778 2457 1887 2494 realis
1906 2456 2080 2493 identitas
2100 2456 2139 2493 in
2163 2456 2300 2494 divinis
2321 2469 2455 2493 eorum
2469 2462 2482 2477 ⁹

1419 2522 1518 2560 quae
1538 2510 1716 2547 differunt
1735 2510 1773 2546 in
1793 2510 1906 2550 rebus
1935 2509 2079 2546 creatis.
2110 2509 2211 2555 Quia
2231 2509 2333 2546 enim
2354 2509 2482 2546 divina

1419 2563 1636 2611 simplicitas
1657 2562 1818 2599 excludit
1841 2561 2161 2610 compositionem
2181 2562 2327 2598 formae
2347 2569 2384 2598 et
2402 2574 2482 2598 ma-

1418 2616 1546 2663 teriae,
1576 2615 1746 2663 sequitur
1772 2614 1878 2663 quod
1905 2614 1943 2651 in
1972 2614 2108 2651 divinis
2136 2614 2240 2651 idem
2265 2622 2321 2651 est
2339 2615 2482 2651 abstra-

1420 2677 1522 2706 ctum
1548 2676 1584 2705 et
1613 2675 1845 2714 concretum,
1874 2674 1916 2703 ut
1934 2667 2050 2704 deitas
2069 2674 2106 2704 et
2123 2668 2237 2704 Deus.
2268 2667 2368 2714 Quia
2386 2680 2481 2705 vero

1420 2722 1549 2759 divina
1568 2721 1785 2770 simplicitas
1805 2719 1967 2757 excludit
1987 2720 2304 2768 compositionem
2324 2720 2482 2757 subiecti

1420 2782 1456 2811 et
1484 2774 1698 2820 accidentis,
1729 2773 1897 2822 sequitur
1924 2774 2029 2822 quod
2058 2773 2245 2821 quidquid
2272 2773 2482 2810 attribuitur

1419 2829 1516 2874 Deo,
1548 2835 1604 2864 est
1633 2827 1712 2863 eius
1741 2826 1922 2863 essentia:
1953 2833 1990 2862 et
2015 2833 2172 2874 propter
2198 2826 2273 2862 hoc
2290 2826 2480 2874 *sapientia

1420 2888 1456 2917 et
1482 2881 1601 2918 virtus
1628 2879 1731 2916 idem
1760 2886 1847 2916 sunt
1873 2878 1912 2915 in
1939 2879 2036 2925 Deo,
2063 2878 2151 2927 quia
2180 2879 2296 2915 ambo
2326 2886 2413 2915 sunt
2439 2879 2479 2915 in

1420 2933 1548 2970 divina
1577 2932 1748 2969 essentia.
1778 2933 1828 2968 Et
1855 2931 2067 2968 secundum
2093 2932 2192 2968 hanc
2212 2931 2402 2980 duplicem
2423 2943 2480 2967 ra—

1418 2986 1562 3023 tionem
1590 2984 1804 3031 identitatis,
1832 2984 2044 3033 proprietas
2072 2984 2111 3021 in
2139 2983 2274 3021 divinis
2295 2990 2350 3020 est
2376 2984 2479 3027 idem

1418 3051 1504 3075 cum
1533 3051 1709 3087 persona.
1738 3038 1842 3074 Nam
1869 3037 2117 3088 proprietates
2145 3037 2365 3085 personales
2393 3038 2480 3073 sunt

1415 3092 1519 3129 idem
1542 3103 1636 3131 ,cum
1665 3090 1857 3139 personis,
1887 3103 1933 3127 ea
1960 3090 2104 3127 ratione
2139 3102 2215 3137 qua
2247 3090 2478 3126 abstractum

1418 3153 1473 3182 est
1500 3144 1603 3181 idem
1633 3156 1720 3180 cum
1749 3150 1940 3180 concreto.
1976 3144 2072 3179 Sunt
2101 3143 2201 3179 enim
2228 3142 2332 3190 ipsae
2360 3139 2374 3165 t
2393 3154 2478 3191 per-

1416 3210 1534 3234 sonae
1563 3196 1823 3241 subsistentes;
1852 3204 1895 3232 ut
1921 3195 2124 3244 paternitas
2153 3203 2209 3231 est
2236 3195 2317 3243 ipse
2345 3196 2477 3243 Pater,

1420 3330 1424 3335 .
1470 3312 1495 3343 κ)
1516 3311 1571 3335 Sed
1588 3311 1651 3343 quia
1671 3315 1718 3335 etc.
1735 3324 1755 3329 -
1773 3310 1797 3335 G
1815 3310 1891 3342 legit:
1911 3310 1966 3334 Sed
1978 3309 2041 3341 quia
2055 3309 2168 3334 essentia
2182 3311 2208 3333 et
2221 3309 2316 3334 relatio
2336 3316 2387 3333 non
2404 3309 2432 3334 di
2452 3317 2478 3334 e-

1417 3350 1480 3371 runt
1498 3347 1524 3371 in
1545 3346 1642 3371 divinis
1661 3345 1725 3378 (om.
1744 3349 1783 3371 est
1807 3346 1865 3377 ipsa
1888 3345 2036 3370 essentia...
2050 3344 2232 3376 proprietates
2251 3344 2276 3369 in
2300 3344 2407 3377 divinis)
2427 3345 2480 3369 nisi

1416 3382 1559 3407 secundum
1627 3381 1654 3406 in
1678 3381 1793 3409 divinis,·
1818 3381 1910 3405 deinde
1934 3381 2077 3404 orationem
2102 3380 2228 3411 resumit,
2252 3379 2366 3404 essentia
2389 3382 2478 3404 autem

1416 3418 1485 3442 idem
1505 3422 1552 3441 etc.

1468 3451 1496 3484 λ)
1515 3452 1638 3477 essentia.
1655 3465 1673 3470 —
1692 3451 1784 3476 divina
1803 3450 1867 3483 (om.
1881 3451 1912 3483 F)
1931 3450 2052 3480 essentia,
2074 3453 2102 3475 ut
2115 3457 2199 3482 supra
2213 3449 2365 3481 expositum
2382 3453 2422 3475 est
2432 3450 2478 3474 AB

1416 3488 1516 3517 CDEF3
1536 3487 1656 3516 essentia,
1677 3489 1707 3510 ut
1724 3493 1807 3518 supra
1826 3486 1943 3510 habitum
1963 3489 2003 3510 est
2021 3486 2062 3511 ed.
2074 3493 2104 3515 a‚·
2124 3485 2155 3510 cf.
2175 3489 2228 3509 not.
2241 3492 2264 3509 κ.

1469 3523 1497 3557 μ)
1517 3522 1628 3554 quod.—
1645 3521 1718 3554 quod
1736 3525 1798 3546 tunc
1816 3521 1968 3546 PCEFGab.

1468 3559 1491 3589 ν)
1511 3565 1611 3582 eorum.
1629 3571 1648 3576 -
1665 3557 1763 3582 scilicet
1781 3560 1900 3588 respectu
1919 3563 2011 3581 eorum
2030 3556 2059 3580 F.

1469 3592 1492 3626 ξ)
1513 3593 1593 3625 ipsae.
1610 3606 1630 3613 -
1648 3592 1708 3617 Om.
1727 3592 1799 3624 DpB.

2503 1461 2649 1490 '‘Quaxnx,
2657 1465 2699 1484 art.
2706 1467 2723 1483 ¹.

2509 1779 2518 1788 '
2535 1778 2582 1805 Qu.
2593 1784 2668 1806 xxxix,
2680 1781 2723 1800 art.

2508 1810 2592 1853 Ξἰωιι
