2768 4178
71 1061 81 1070 ·
98 1060 165 1081 Vers.
181 1066 198 1080 1.

306 287 355 324 30

1037 287 1305 336 QUAEsrio
1336 287 1384 335 11,
1415 286 1712 324 ARTICULUS
1743 287 1774 322 11

1081 431 1402 477 ARTICULUS
1432 430 1733 474 SECUNDUS

948 527 1107 558 UTRUM
1130 526 1254 557 DEUM
1277 524 1380 557 ESSE
1403 525 1471 556 srr
1494 523 1863 556 DEMONSTRABILE

549 618 617 643 Infra
636 625 680 650 qu.
698 624 736 647 m,
756 621 803 642 art.
819 616 832 642 5
839 624 847 647 ;
866 616 897 641 111
917 616 1000 646 Sent„
1021 615 1079 640 dist.
1098 622 1164 644 mv.
1184 622 1228 647 qu.
1247 622 1265 646 1,
1285 619 1332 640 art.
1354 621 1378 645 2,
1397 615 1444 647 qu·
1462 621 1475 638 2
1482 622 1490 645 ς
1509 614 1519 638 1
1542 614 1618 639 Cont.
1640 615 1728 644 Germ,
1748 622 1804 647 cap.
1823 621 1859 639 111
1866 621 1874 645 ;
1894 613 1936 638 De
1955 613 2023 643 Pet„
2044 620 2089 646 qu.
2108 620 2152 644 vn,
2172 617 2219 638 art.
2235 612 2266 644 3;
2299 614 2301 616 ’

1164 650 1190 675 in
1208 650 1284 675 Boet.
1304 650 1337 675 de
1358 649 1442 679 Trz'n„
1462 657 1506 682 qu.
1525 656 1543 679 ι,
1563 655 1610 674 art.
1630 657 1655 674 2.

444 763 462 774 ,Ι

454 786 460 794 μ

457 798 466 806 ,

345 749 407 791 ‘isa-in*
432 772 436 780 ,
463 755 501 802 3<
524 744 547 769 D
562 743 752 770 SECUNDUM
771 744 824 769 sm
839 742 1078 768 PaocanrrUR.
1099 729 1260 767 Videtur
1275 729 1381 778 quod

340 778 394 831 ’ᾖξ’
443 776 496 837 {fit
524 787 653 823 Deum
669 797 752 822 esse
767 797 846 822 non
861 784 908 822 sit
922 782 1230 821 demonstrabile.
1251 783 1380 819 Deum

330 841 444 897 ,5⁴er
463 825 627 876 'enim
667 850 748 875 esse
786 845 841 875 est
878 837 1053 874 articulus
1085 835 1188 873 fidei.
1228 834 1306 872 Sed
1335 847 1380 872 ea

317 892 319 894 ’
369 869 467 925 ᾗ)
483 886 624 941 &quae
653 899 740 929 sunt
771 891 883 938 fidei,
913 903 992 927 non
1021 897 1108 927 sunt
1142 889 1380 926 demonstra-

311 945 421 982 bilia:
451 944 543 994 quia
567 944 840 982 demonstratio
869 943 955 981 facit
982 943 1095 990 scire,
1125 942 1223 979 fides
1251 949 1379 978 autem

313 998 360 1035 de
380 1010 459 1035 non
478 998 748 1047 apparentibus
767 1005 834 1044 est,
859 1004 901 1033 ut
917 1003 1022 1045 patet
1039 1008 1108 1045 per
1135 995 1379 1044 Apostolum,

312 1051 364 1088 ad
379 1052 501 1088 Hebr.
521 1063 556 1088 xi
576 1051 606 1088 ³¹².
637 1052 738 1099 Ergo
768 1051 896 1088 Deum
926 1062 1008 1086 esse
1037 1061 1116 1086 non
1137 1055 1192 1085 est
1221 1048 1380 1085 demon-

313 1104 475 1142 strabile.

368 1169 403 1194 2.
424 1158 656 1204 PRAETEREA,
673 1156 847 1194 medium
863 1153 1196 1193 demonstrationis
1212 1154 1383 1203 estquod

313 1211 403 1259 quid
428 1216 491 1247 est.
526 1210 604 1247 Sed
633 1210 680 1247 de
708 1210 794 1246 Deo
823 1221 902 1246 non
929 1220 1138 1257 possumus
1170 1207 1265 1245 scire
1293 1207 1384 1256 quid

75 1271 130 1292 ·1>e
138 1270 196 1292 Fide
208 1269 285 1296 omn„
313 1270 376 1310 est,
397 1263 466 1301 sed
480 1264 607 1301 solum
627 1263 719 1312 quid
733 1274 813 1300 non
827 1269 895 1310 est,
914 1269 956 1298 ut
970 1261 1059 1299 dicit
1073 1262 1339 1298 Damascenus
1349 1261 1380 1298 ²¹⁸.

73 1298 114 1319 lib.
128 1297 146 1323 Ι,
163 1303 213 1324 cap,
229 1302 259 1317 iv.

171 1386 187 1401 α

76 1806 84 1813 ·
102 1804 155 1825 Ver.
171 1809 199 1825 20

175 2175 189 2209 β

91 3363 101 3373 ⁸
117 3363 166 3384 Art.
182 3368 230 3389 seq.

315 1318 417 1366 Ergo
447 1329 526 1354 non
550 1328 758 1366 possumus
787 1315 1052 1353 demonstrare
1080 1315 1209 1352 Deum
1233 1326 1328 1351 esse.

371 1372 405 1408 3.
418 1371 650 1418 PRAETEREA,
662 1369 692 1407 si
703 1369 1026 1407 demonstraretur
1035 1374 1052 1389 ²
1062 1369 1191 1405 Deum
1201 1380 1296 1415 esse,
1307 1368 1383 1404 hoc

314 1437 393 1462 non
413 1430 511 1460 esset
530 1423 601 1460 nisi
621 1435 666 1460 ex
686 1422 884 1460 effectibus
899 1421 992 1459 eius.
1015 1421 1094 1458 Sed
1117 1420 1275 1458 effectus
1301 1420 1383 1458 eius

315 1490 394 1516 non
419 1484 505 1514 sunt
523 1475 800 1526 proportionati
828 1475 878 1512 ei:
909 1487 998 1512 cum
1026 1474 1108 1523 ipse
1133 1474 1179 1511 sit
1202 1474 1382 1522 infinitus,

316 1539 351 1568 et
380 1530 536 1568 effectus
561 1529 676 1575 finiti3
711 1529 807 1566 finiti
835 1536 965 1566 autem
998 1527 1047 1565 ad
1078 1527 1271 1564 infinitum
1304 1540 1384 1565 non

316 1593 371 1622 est
387 1583 598 1633 proportio.
621 1583 721 1620 Cum
742 1594 832 1630 ergo
849 1594 964 1619 causa
984 1593 1063 1618 non
1082 1580 1203 1630 possit
1223 1581 1383 1619 demon-

315 1637 423 1676 strari
449 1649 518 1686 per
547 1636 726 1674 effectum
746 1635 817 1673 sibi
845 1647 924 1672 non
952 1634 1299 1684 proportionatum,
1328 1635 1384 1672 vi—

316 1692 426 1729 detur
454 1690 558 1740 quod
586 1691 715 1727 Deum
745 1701 828 1726 esse
857 1700 936 1726 non
963 1687 1084 1736 possit
1117 1687 1382 1726 demonstrari.

370 1745 444 1782 SED
473 1755 618 1780 CONTRA
643 1754 709 1780 EST
728 1742 832 1791 quod
852 1741 1061 1791 Apostolus
1081 1740 1180 1788 dicit,
1200 1742 1252 1778 ad
1268 1743 1381 1779 Rom.

317 1798 388 1835 1²⁸:
409 1796 608 1835 invisibilia
635 1796 710 1833 Dei
729 1807 803 1844 per
821 1807 866 1832 ea
895 1806 993 1844 quae
1009 1795 1123 1843 facta
1150 1800 1248 1841 sunt,
1278 1795 1383 1832 intel-

315 1852 420 1898 lecta,
450 1849 737 1898 conspiciuntur.
769 1848 847 1886 Sed
875 1848 950 1885 hoc
978 1860 1058 1884 non
1087 1855 1197 1896 esset,
1226 1847 1297 1885 nisi
1314 1860 1384 1897 per

315 1918 360 1942 ea
393 1917 492 1953 quae
525 1903 622 1940 facta
655 1910 761 1949 sunt,
800 1909 930 1951 posset
968 1900 1222 1938 demonstrari
1254 1902 1383 1939 Deum

315 1970 414 1996 esse:
443 1957 610 2007 primum
636 1955 739 1992 enim
766 1955 871 2004 quod
901 1961 1051 2004 oportet
1077 1954 1230 2002 intelligi
1251 1954 1299 1991 de
1319 1955 1383 1992 ali—

315 2024 405 2060 quo,
436 2018 491 2047 est
517 2022 566 2047 an
595 2009 651 2046 sit.

368 2066 592 2101 RESPONDEO
622 2073 805 2099 DlCENDUM
834 2061 939 2110 quod
969 2061 1109 2110 duplex
1139 2068 1194 2097 est
1222 2061 1382 2098 demon-

315 2118 456 2155 stratio.
485 2116 572 2154 Una
596 2127 695 2165 quae
716 2122 772 2152 est
798 2127 867 2164 per
886 2126 1055 2162 causam,
1083 2121 1119 2151 et
1144 2113 1279 2151 dicitur
1291 2126 1382 2163 pro-

312 2178 395 2220 pter
413 2170 520 2219 quid.-
540 2175 576 2206 et
594 2169 691 2206 haec
711 2175 766 2205 est
785 2180 854 2217 per
871 2167 999 2216 priora
1014 2166 1032 2196 ν’
1047 2166 1278 2216 simpliciter.
1299 2167 1384 2205 Alia

316 2233 371 2262 est
397 2236 466 2273 per
494 2222 685 2269 effectum,
707 2229 743 2258 et
763 2220 896 2258 dicitur
921 2220 1194 2258 demonstratio
1215 2221 1322 2269 quia:
1349 2229 1385 2258 et

315 2280 411 2316 haec
439 2283 495 2313 est
518 2288 600 2325 ,per
638 2287 683 2312 ea
709 2286 807 2323 quae
843 2281 930 2311 sunt
964 2273 1093 2323 priora
1128 2274 1259 2323 quoad
1292 2286 1381 2311 nos:

317 2343 405 2368 cum
435 2329 537 2367 enim
566 2328 724 2366 effectus
753 2327 886 2377 aliquis
915 2327 1026 2364 nobis
1061 2334 1116 2364 est
1149 2326 1386 2364 manifestior

317 2396 432 2434 quam
461 2395 529 2420 sua
567 2394 701 2429 causa,
734 2393 803 2430 per
840 2380 1020 2418 effectum
1057 2380 1302 2429 procedimus
1336 2380 1384 2418 ad

317 2436 573 2486 cognitionem
603 2447 740 2472 causae
759 2440 785 2471 ⁷.
813 2435 871 2471 Ex
899 2433 1071 2482 quolibet
1098 2441 1226 2471 autem
1247 2433 1386 2471 effectu

316 2498 442 2540 potest
470 2487 723 2527 demonstrari
751 2487 945 2537 propriam
980 2499 1135 2524 causam
1160 2487 1240 2524 eius
1265 2485 1278 2508 ὅ
1303 2499 1386 2524 esse

372 2603 400 2636 α)
419 2603 657 2644 demonstraretur.
671 2615 690 2621 -
708 2601 906 2626 demonstretur
920 2601 970 2626 BF.
990 2615 1007 2620 -
1026 2602 1086 2626 Mox
1104 2609 1152 2634 pro
1171 2609 1222 2627 non
1243 2605 1317 2632 esset,
1333 2609 1384 2626 non

321 2644 361 2666 “t
375 2639 588 2707 ἔῗῖἓξεὶννίονα.
606 2684 625 2692 σ-
637 2672 755 2705 propria
773 2672 803 2697 B.
822 2685 840 2691 -
858 2672 909 2697 Pro
926 2672 997 2702 Alia,
1017 2672 1079 2697 Alia
1097 2679 1166 2704 quae
1183 2672 1227 2697 sc.

373 2711 400 2744 γ)
419 2716 524 2735 causae.
541 2723 561 2728 —
578 2715 643 2733 suae
660 2714 757 2733 causae
775 2708 812 2737 Α;
832 2708 875 2740 qui
895 2707 978 2741 pergit
998 2708 1034 2733 Et
1051 2707 1167 2740 quolibet
1186 2707 1289 2742 effectu.

375 2745 399 2778 ὃ)
419 2745 483 2770 eius.
501 2758 515 2763 -
538 2743 599 2769 Om.
614 2743 724 2768 codices.
742 2757 760 2762 —-
780 2742 830 2767 Pro
850 2743 1024 2776 dependeant,
1044 2742 1193 2776 dependeat
1211 2743 1283 2768 BCF.

1435 729 1482 776 (si
1501 736 1634 767 tamen
1654 729 1734 766 eius
1755 730 1913 767 effectus
1933 729 2007 766 sint
2025 729 2147 777 magis
2161 729 2242 766 noti
2257 730 2388 778 quoad
2407 731 2508 776 nos):

1435 781 1546 831 quia,
1576 794 1665 819 cum
1700 782 1858 820 effectus
1896 782 2140 832 dependeant
2167 795 2190 820 a
2218 795 2354 831 causa,
2382 783 2510 832 posito

1435 835 1575 872 effectu
1610 847 1767 873 necesse
1806 844 1862 874 est
1896 848 2054 873 causam
2089 836 2355 885 praeexistere.
2397 837 2510 875 Unde

1435 888 1565 925 Deum
1593 900 1690 936 esse,
1720 889 1935 927 secundum
1964 888 2072 938 quod
2099 901 2180 927 non
2199 897 2257 927 est
2274 902 2345 940 per
2358 888 2413 927 'se
2441 902 2512 927 no-

1433 948 1517 978 tum
1545 942 1675 990 quoad
1703 954 1797 990 nos,
1831 942 2130 980 demonstrabile
2163 951 2220 980 est
2254 955 2324 993 per
2351 943 2511 980 effectus

1435 993 1547 1031 nobis
1574 1001 1700 1031 notos.
2482 995 2484 997 ’

1488 1049 1548 1084 Αι)
1577 1059 1715 1084 ramum
1743 1059 1843 1085 ERGO
1871 1059 2057 1086 DICENDUM
2083 1049 2189 1098 quod
2207 1050 2338 1087 Deum
2358 1062 2454 1098 esse,
2476 1057 2512 1087 et

1435 1100 1508 1138 alia
1526 1100 1749 1138 huiusmodi
1767 1113 1867 1149 quae
1886 1113 1956 1150 per
1974 1101 2163 1140 rationem
2186 1104 2400 1141 naturalem
2419 1111 2512 1141 nota

1435 1161 1598 1203 possunt
1617 1166 1700 1191 esse
1716 1153 1764 1191 de
1779 1155 1883 1202 Deo,
1899 1161 1941 1191 ut
1959 1154 2095 1192 dicitur
2112 1156 2227 1194 Rom.
2245 1156 2302 1204 1³²,
2323 1169 2404 1194 non
2422 1164 2512 1195 sunt

1436 1207 1582 1244 articuli
1614 1207 1727 1254 fidei,
1763 1207 1832 1245 sed
1863 1208 2117 1256 praeambula
2149 1208 2199 1246 ad
2227 1209 2427 1248 articulos:
2457 1211 2512 1248 sic

1437 1260 1540 1298 enirn
1568 1260 1667 1298 fides
1693 1260 1971 1310 praesupponit
1999 1261 2260 1310 cognitionem
2285 1264 2511 1313 naturalem,

1436 1314 1533 1351 sicut
1559 1313 1678 1362 gratia
1705 1321 1899 1362 naturam,
1929 1321 1966 1351 et
1992 1321 2035 1352 ut
2052 1314 2236 1364 perfectio
2265 1315 2511 1365 perfectibile.

1436 1366 1541 1405 Nihil
1569 1374 1699 1405 tamen
1726 1367 1906 1417 prohibet
1938 1367 2030 1405 illud
2061 1368 2168 1417 quod
2195 1369 2411 1408 secundum
2431 1376 2442 1391 ¹
2469 1383 2512 1409 se
2566 1383 2574 1390 ·

1438 1420 1736 1458 demonstrabile
1765 1428 1822 1458 est
1851 1428 1887 1458 et
1911 1420 2062 1470 scibile,
2092 1422 2142 1459 ab
2170 1422 2299 1472 aliquo
2323 1423 2445 1474 accipi
2471 1432 2514 1463 ut

1418 1473 1631 1522 .credibile,
1660 1474 1727 1523 qui
1755 1474 2124 1512 demonstrationem
2152 1487 2233 1513 non
2261 1476 2362 1526 capit
2379 1477 2412 1515 ⁴⁸.

1491 1530 1551 1565 An
1571 1539 1762 1565 SECUNDUM
1782 1539 1967 1565 cht-:NDUM
1987 1528 2095 1576 quod
2115 1540 2204 1566 cum
2225 1529 2514 1569 demonstratur

1438 1593 1553 1618 causa
1581 1593 1650 1630 per
1678 1580 1874 1629 effectum,
1905 1593 2061 1619 necesse
2092 1589 2147 1619 est
2174 1582 2229 1619 uti
2257 1582 2398 1622 effectu
2424 1584 2512 1622 loco

1438 1633 1672 1672 definitionis
1701 1646 1851 1682 causae,
1881 1635 1930 1672 ad
1956 1635 2205 1684 probandum
2225 1648 2384 1675 causam
2405 1649 2512 1677 esse:

1438 1696 1474 1726 et
1497 1688 1573 1725 hoc
1592 1687 1760 1724 maxime
1779 1687 1961 1736 contingit
1978 1688 2018 1725 in
2037 1688 2135 1726 Deo.
2157 1689 2259 1737 Quia
2277 1689 2327 1728 ad
2345 1691 2513 1740 proban-

1438 1742 1532 1779 dum
1551 1740 1696 1790 aliquid
1716 1753 1812 1788 esse,
1842 1753 1999 1778 necesse
2020 1749 2076 1779 est
2093 1742 2269 1792 accipere
2288 1755 2360 1793 pro
2380 1744 2512 1783 medio

1438 1795 1529 1844 quid
1552 1794 1738 1844 significet
1764 1805 1914 1841 nomen,
1944 1806 2024 1832 non
2052 1802 2182 1833 autem
2201 1797 2304 1845 quod
2325 1797 2418 1847 quid
2436 1804 2512 1836 est.-

1437 1847 1528 1896 quia
1557 1846 1730 1897 quaestio
1758 1847 1850 1896 quid
1875 1853 1939 1894 est,
1968 1847 2138 1898 sequitur
2165 1849 2216 1887 ad
2243 1850 2511 1900 quaestionem

1437 1913 1488 1938 an
1517 1906 1580 1938 est.
1610 1900 1630 1922 '⁸‘
1662 1900 1836 1938 Nomina
1867 1908 1999 1938 autem
2033 1902 2106 1939 Dei
2134 1902 2148 1928 ζ
2176 1902 2429 1952 imponuntur
2461 1905 2510 1943 ab

1437 1953 1647 2000 effectibus,
1676 1961 1719 1991 ut
1736 1961 1872 2002 postea
1896 1955 2119 1992 ostendetur
2136 1955 2173 1993 *ε
2202 1956 2320 2006 unde,
2349 1957 2511 1997 demon·
2537 1973 2550 1985 ·

1437 2007 1594 2045 strando
1623 2008 1752 2044 Deum
1773 2018 1856 2044 esse
1874 2019 1945 2056 per
1964 2007 2158 2057 effectum,
2183 2009 2357 2060 accipere
2374 2023 2512 2061 possu-

1437 2073 1525 2098 mus
1543 2073 1615 2109 pro
1636 2059 1767 2098 medio
1788 2060 1881 2109 quid
1900 2060 2086 2109 significet
2103 2062 2179 2099 hoc
2198 2074 2346 2102 nomen
2363 2065 2511 2104 Deus·.

1491 2116 1550 2151 An
1577 2125 1738 2151 mnrium
1766 2125 1951 2152 mesanum
1989 2115 2095 2164 quod
2130 2127 2202 2165 per
2237 2116 2396 2156 effectus
2418 2112 2513 2161 ‘non

1436 2166 1748 2216 proportionatos
1786 2179 1946 2214 causae,
1983 2179 2063 2206 non
2090 2175 2217 2218 potest
2252 2170 2421 2220 perfecta
2449 2184 2512 2211 coq

1437 2219 1554 2269 gnitio
1585 2220 1632 2258 de
1662 2232 1777 2257 causa
1805 2219 1955 2257 haberi:
1984 2221 2052 2259 sed
2089 2229 2221 2260 tamen
2250 2235 2296 2261 ex
2323 2237 2512 2273 quocum-

1437 2286 1512 2323 que
1541 2272 1682 2310 effectu
1708 2280 1834 2322 potest
1860 2273 2058 2312 manifeste
2087 2275 2200 2313 nobis
2226 2281 2240 2300 ¹¹
2260 2277 2512 2317 demonstrari

1439 2338 1595 2364 causam
1625 2338 1721 2374 esse,
1754 2333 1796 2363 ut
1815 2325 1959 2364 dietum
1979 2335 2036 2364 est
2053 2327 2084 2365 ¹².
2106 2329 2156 2366 Et
2173 2328 2228 2366 sic
2247 2342 2292 2367 ex
2313 2330 2512 2370 effectibus
2538 2343 2550 2354 ·

1438 2379 1511 2418 Dei
1538 2387 1664 2429 potest
1683 2379 1937 2418 demonstrari
1961 2381 2090 2418 Deum
2119 2394 2224 2420 esse:
2253 2383 2339 2422 licet
2356 2396 2427 2435 per
2445 2397 2514 2424 eos

1439 2445 1518 2471 non
1545 2433 1712 2482 perfecte
1740 2432 1934 2482 possimus
1964 2446 2054 2472 eum
2079 2432 2093 2455 ⁰
2117 2447 2350 2484 cognoscere
2378 2450 2513 2477 secun-

1441 2487 1532 2525 dum
1561 2498 1670 2524 suam
1700 2486 1917 2524 essentiam.

1496 2602 1518 2633 ε)
1537 2601 1692 2642 secandum.
1709 2614 1728 2621 -
1742 2608 1794 2634 per
1813 2601 1957 2626 ABCDEF.

1494 2635 1522 2706 §li
1538 2636 1629 2704 laerte-st
1647 2636 2065 2714 ,ffssbfflfffiiffffmffigfme
2084 2674 2160 2699 nobis
2176 2677 2268 2707 potest
2277 2675 2420 2710 AEFGpc,
2429 2678 2516 2704 mani-

1436 2707 1614 2776 fe'tgfgizi?
1626 2708 1754 2776 fogia}
1770 2709 1919 2768 ggztctgstp-
1936 2708 2337 2772 xgngffiesstufficzsmfim
2357 2754 2411 2773 om.
2424 2747 2458 2774 G.

1007 2821 1338 2855 Commentarius
1361 2821 1610 2855 Car-dinalis
1632 2821 1830 2855 Caietam

385 2922 491 2944 1TULUS
516 2911 626 2942 clarus.
648 2929 667 2934 -
692 2910 726 2940 In
751 2919 882 2950 corpore
907 2909 982 2940 duo.
1006 2910 1124 2946 Primo,
1149 2909 1314 2950 distinguit
1336 2909 1387 2940 de-

327 2926 650 2988 Tmonstrationem
670 2954 703 2985 in
724 2955 799 2995 quia
822 2961 852 2985 et
872 2959 1007 2994 propter
1032 2954 1126 2995 quid,
1149 2960 1207 2985 etc.
1229 2953 1387 2990 Secundo,

326 3002 495 3043 respondet
522 2999 665 3041 quaesito
698 2998 881 3030 affirmative
913 2998 1006 3029 unica
1037 2997 1257 3029 conclusione:
1283 2998 1389 3029 Deum

327 3056 392 3078 esse
416 3052 462 3076 est
485 3042 729 3075 demonstrabile
743 3052 763 3073 a
781 3043 966 3083 posteriori,
987 3052 1043 3073 seu
1063 3053 1119 3084 per
1142 3042 1299 3074 effectum.

380 3090 544 3121 Probatur.
562 3088 699 3119 Effectus
715 3087 873 3127 dependet
884 3097 902 3117 a
914 3087 1042 3127 propria
1061 3095 1168 3118 causa:
1185 3096 1270 3127 ergo,
1282 3085 1388 3127 posito

327 3135 455 3170 effectu,
484 3142 609 3164 necesse
633 3139 679 3163 est
697 3141 825 3162 causam
848 3131 1065 3172 praeexistere:
1090 3141 1165 3172 ergo
1187 3141 1224 3162 ex
1247 3130 1390 3172 quolibet

328 3179 448 3214 effectu,
467 3177 645 3208 dummodo
662 3175 701 3207 sit
722 3175 814 3206 nobis
834 3175 949 3211 notior,
970 3182 1074 3216 potest
1092 3174 1300 3206 demonstrari
1316 3184 1389 3215 pro-

328 3224 429 3264 priam
452 3231 579 3253 causam
603 3221 670 3252 eius
694 3229 772 3250 esse.
796 3220 880 3260 Ergo
904 3220 1010 3251 Deum
1033 3230 1099 3251 esse
1123 3226 1170 3251 est
1193 3219 1389 3250 demonstra-

328 3267 389 3298 bile
405 3276 460 3307 per
475 3266 600 3297 effectus
616 3264 755 3296 notiores
771 3263 873 3295 nobis.
885 3281 904 3286 —
921 3264 1038 3295 Omnia
1060 3265 1141 3295 clara
1163 3270 1246 3299 sunt,
1269 3273 1389 3304 suppo-

330 3311 434 3342 nendo
458 3310 546 3351 quod
571 3310 657 3340 Deus
685 3308 779 3339 habet
803 3308 928 3350 aliquos
956 3309 1047 3339 nobis
1071 3309 1212 3339 notiores
1244 3307 1386 3338 effectus:

330 3355 418 3396 quod
441 3354 569 3385 inferius
588 3354 605 3373 ’⁸‘
627 3353 754 3393 patebit.

383 3398 474 3429 11.1n
506 3397 710 3439 responsione
733 3397 772 3427 ad
805 3396 962 3437 primum,
987 3397 1111 3427 adverte
1134 3397 1223 3438 quod
1251 3402 1327 3427 nota
1351 3395 1390 3426 de

331 3444 399 3474 Deo
423 3443 555 3473 naturali
578 3442 708 3477 lumine,
726 3441 891 3481 dupliciter
914 3447 1099 3471 sumuntur:
1124 3451 1190 3471 uno
1214 3440 1323 3476 modo,
1343 3449 1390 3470 se-

331 3487 469 3518 cundum
484 3496 518 3517 se
523 3496 537 3524 ;
558 3486 619 3516 alio
639 3486 749 3521 modo,
768 3490 802 3516 ut
826 3485 914 3515 nobis
933 3490 1019 3516 nota.
1040 3485 1080 3515 Et
1103 3485 1246 3516 similiter
1263 3483 1390 3514 'articuli

331 3530 403 3561 fidei
427 3537 596 3561 sumuntur
618 3529 792 3561 secundum
817 3539 867 3566 se,
896 3536 926 3560 et
953 3534 987 3560 ut
1011 3529 1132 3560 crediti.
1163 3529 1195 3560 Si
1224 3534 1391 3559 sumantur

332 3582 464 3616 utraque
487 3574 662 3605 secundum
685 3584 736 3610 se,
769 3573 813 3604 sic
836 3582 902 3603 non
925 3579 971 3604 est
993 3583 1103 3603 verum
1133 3573 1221 3614 quod
1248 3572 1302 3603 illa
1330 3571 1392 3602 sint

332 3619 533 3659 praeambula
557 3618 595 3649 ad
619 3617 851 3658 propositiones
875 3627 956 3658 quae
980 3624 1054 3649 sunt
1077 3617 1198 3648 articuli
1221 3616 1310 3647 fidei:
1337 3616 1391 3646 sed

1443 2909 1600 2950 quaedam
1617 2909 1817 2950 praecedunt,
1840 2917 1876 2940 ut
1893 2910 1999 2942 Deum
2015 2921 2094 2950 esse,
2118 2911 2224 2943 Deum
2241 2921 2310 2944 esse
2329 2923 2442 2953 unum,
2463 2914 2514 2946 bo-

1443 2964 1531 2993 num,
1547 2960 1577 2985 et
1593 2953 1708 2984 similia
1721 2954 1879 2991 absoluta;
1893 2955 2051 2996 quaedam
2067 2962 2255 2998 sequuntur,
2272 2963 2309 2988 ut
2321 2957 2428 2989 Deum
2445 2968 2515 2991 esse

1437 2999 1579 3038 primam
1604 3007 1735 3030 causam
1762 3007 1883 3036 rerum,
1908 3005 1939 3030 et
1962 3007 2063 3031 cetera
2081 2999 2278 3032 huiusmodi.
2298 3001 2365 3033 Nec
2383 3010 2515 3044 propter

1443 3042 1505 3073 hoc
1528 3042 1671 3083 sequitur
1693 3042 1783 3084 quod
1807 3042 1869 3074 sint
1891 3044 2127 3084 propositiones
2151 3044 2184 3075 in
2207 3044 2371 3087 theologia
2391 3046 2515 3088 priores

1443 3085 1552 3126 primis
1568 3085 1746 3127 principiis:
1763 3086 1910 3127 quamvis
1925 3094 2077 3129 sequatur
2091 3088 2181 3130 quod
2199 3095 2274 3120 sunt
2289 3089 2413 3132 aliquae
2428 3091 2513 3133 prio·

1443 3139 1491 3161 res
1506 3130 1567 3161 illis
1588 3130 1749 3171 principiis
1764 3141 1846 3172 quae
1863 3138 1937 3163 sunt
1951 3132 2073 3164 articuli
2091 3131 2174 3164 fidei.
2199 3133 2364 3171 Quoniam
2388 3145 2514 3176 praece·

1444 3174 1562 3210 dentes,
1576 3175 1754 3206 secundum
1766 3184 1808 3211 se,
1829 3183 1903 3207 sunt
1916 3176 1997 3208 inter
2012 3176 2181 3218 principia:
2204 3177 2269 3208 iam
2290 3178 2376 3210 enim
2390 3179 2513 3213 dictum

1444 3225 1490 3250 est
1505 3219 1538 3249 in
1555 3228 1573 3249 2
1589 3218 1722 3250 articulo
1731 3218 1758 3255 *,
1774 3220 1863 3260 quod
1879 3220 2001 3252 articuli
2016 3219 2089 3252 fidei
2105 3222 2283 3264 secundum
2298 3233 2340 3260 se,
2365 3230 2442 3255 sunt
2454 3233 2512 3268 per

1444 3273 1476 3293 se
1493 3262 1647 3303 principia
1670 3263 1865 3304 theologiae;
1885 3271 1922 3296 ut
1937 3264 2044 3296 crediti
2060 3272 2177 3302 autem,
2200 3276 2257 3307 per
2275 3266 2429 3300 accidens.
2443 3285 2464 3293 ·
2479 3267 2514 3301 si

1443 3317 1518 3337 vero
1534 3314 1701 3339 sumantur
1717 3314 1851 3349 utraque
1867 3315 1903 3340 ut
1918 3315 1994 3340 nota
2009 3309 2111 3346 nobis,
2136 3310 2181 3341 sic
2197 3311 2305 3342 omnia
2324 3311 2513 3344 huiusmodi

1445 3351 1626 3382 naturaliter
1640 3358 1725 3388 nota,
1737 3359 1812 3383 sunt
1825 3353 2038 3393 praeambula,
2052 3361 2182 3394 propter
2196 3355 2351 3387 rationem
2363 3356 2397 3388 in
2411 3357 2514 3389 littera

1444 3395 1598 3436 positam:
1624 3403 1655 3427 et
1670 3395 1731 3427 hoc
1755 3403 1879 3428 tantum
1895 3396 1995 3428 littera
2014 3397 2157 3430 intendit.
2182 3399 2288 3437 Quare
2304 3406 2372 3432 esto
2388 3407 2511 3432 cautus.

1499 3440 1551 3471 111.
1572 3440 1607 3470 In
1622 3440 1828 3481 responsione
1844 3441 1884 3471 ad
1903 3441 2090 3478 secundum,
2111 3443 2236 3475 adverte
2253 3445 2343 3485 quod
2361 3444 2438 3476 haec
2457 3445 2513 3476 do-

1445 3483 1542 3514 ctrina
1566 3485 1604 3514 de
1628 3484 1815 3525 probatione
1842 3485 2036 3526 quaestionis
2058 3496 2101 3517 an
2125 3493 2194 3526 est,
2224 3497 2297 3519 vera
2327 3495 2374 3520 est
2403 3489 2513 3530 quoad

1446 3537 1518 3558 nos:
1545 3528 1721 3559 secundum
1736 3528 1832 3560 talem
1847 3538 1985 3571 namque
2009 3531 2164 3568 ordinem,
2189 3531 2334 3574 quaestio
2349 3533 2427 3574 quid
2453 3538 2512 3572 est,

1445 3571 1587 3612 sequitur
1619 3582 1660 3603 an
1685 3577 1741 3603 est.
1766 3572 1950 3604 Secundum
1983 3584 2015 3605 se
2040 3582 2147 3607 autern
2178 3586 2194 3607 e
2219 3585 2390 3613 converso,
2421 3583 2455 3608 ut
2478 3576 2511 3608 in

1446 3615 1472 3646 11
1496 3615 1616 3647 Poster.
1634 3614 1649 3631 *
1673 3617 1812 3647 docetur.

2537 1161 2741 1192 wanuh,

2537 1911 2658 1940 ’D-5fia.

2565 1965 2738 2003 Quanam(

2541 2075 2550 2085 ·
2564 2071 2594 2094 D.
2608 2077 2648 2102 5¹¹·
2662 2072 2714 2102 5⁶⁶.

2538 3229 2552 3241 ⁴
2567 3228 2617 3257 Qu.
2631 3233 2654 3256 ι,
2673 3231 2718 3252 an.

2541 3258 2709 3279 conmma-

2538 3602 2550 3614 ¹
2558 3601 2667 3630 videno.
2674 3606 2692 3630 ι.

2539 3632 2562 3651 et
2576 3634 2627 3657 οιρ.
2635 3633 2684 3657 νιι.
2696 3632 2723 3652 a.
