2768 4178
70 854 80 863 '
94 853 146 874 Art.
158 852 180 879 6,
193 858 218 873 ιι.

68 1032 79 1042 ’
95 1031 131 1053 ef.
147 1036 211 1052 num.
222 1037 246 1052 n.

69 1081 78 1089 ¹
89 1079 126 1100 Cf.
135 1079 167 1100 Ca
185 1079 242 1100 reol.
250 1079 282 1100 111

68 1105 147 1132 Sene„

68 1138 108 1160 qu.
121 1138 146 1154 ιι.

181 1106 218 1127 ist.
228 1111 267 1127 xiv
275 1122 281 1132 ,

67 2011 76 2020 ·
94 2009 152 2038 Cap.
162 2015 184 2036 x,
196 2015 218 2030 n.
229 2015 251 2036 4,
260 2015 280 2037 5.

69 2187 156 2208 ·Vide
171 2186 223 2214 Cap
225 2187 282 2209 reol.

67 2213 102 2235 1v
122 2213 205 2240 S.,ent
209 2193 282 2236 pdist.

67 2246 131 2267 xux,
147 2246 187 2267 qu
197 2246 228 2262 vi.

73 2986 81 2994 ·
98 2984 169 3006 Num.
182 2990 204 3006 ιν
219 2991 270 3013 sqq.

317 241 387 277 130

309 326 539 359 repraesentare
559 329 625 349 non
640 319 680 350 sit
695 319 755 350 nisi
771 319 930 350 distinctio
950 330 986 350 ex
1002 326 1090 360 parte
1108 319 1382 360 repraesentantis:

309 364 398 404 quod
421 364 486 394 iam
509 370 595 404 patet
618 373 685 394 esse
709 363 839 400 falsum,
865 371 895 395 et
918 364 951 394 in
974 364 1142 405 proposito
1166 364 1383 396 falsissimum.

309 409 397 438 Deus
421 408 507 438 enim
523 407 681 448 gloriosus
706 418 772 439 non
788 408 883 439 habet
906 408 939 439 in
955 419 1013 439 sua
1030 415 1141 439 natura
1165 408 1292 439 effectus
1308 418 1384 439 suos

310 452 453 483 distincte
482 462 518 482 ex
542 459 629 493 parte
653 452 719 488 sui,
752 453 807 488 sed
831 463 868 483 ex
891 459 978 494 parte
998 452 1185 484 effectuum:
1217 452 1293 493 quia
1316 452 1384 492 ipse

310 503 356 527 est
379 503 467 527 actus
491 496 755 537 perfectissimus,
781 497 891 528 omnia
914 497 1091 533 unitissime
1115 496 1328 537 praehabens;
1354 504 1385 527 et

310 551 347 571 ex
370 540 562 581 perfectione
586 548 652 572 tam
676 541 834 573 eminente
858 542 952 572 habet
975 542 1065 583 quod
1088 541 1132 572 ita
1150 547 1197 571 est
1216 540 1384 581 proprium

310 586 469 626 exemplar
488 585 584 616 huius
608 592 639 616 et
660 585 755 622 illius,
779 586 860 617 idest
882 586 925 617 ita
947 585 1075 626 propria
1096 585 1192 616 huius
1209 592 1240 616 et
1255 585 1384 625 propria

309 629 393 659 illius
417 630 525 666 habet,
550 639 586 660 ac
609 629 636 660 si
659 630 861 671 singulorum
890 630 1075 661 distinctum
1102 629 1262 670 exemplar
1292 636 1382 660 esset.

309 674 402 704 Unde
426 674 653 715 consequentia
675 675 795 706 litterae
814 674 998 715 intelligitur
1022 684 1096 705 cum
1119 674 1152 715 ly
1169 674 1330 714 praecise,
1348 681 1383 704 ut

310 718 472 758 arguendo
497 718 623 750 dicitur:
649 725 679 750 et
702 719 824 759 optima
848 726 910 755 est,
941 719 1017 759 quia
1039 719 1073 748 in
1096 718 1166 748 Deo
1191 718 1301 748 omnia
1323 718 1384 748 alia

309 773 328 792 a
343 772 376 793 se
400 772 466 793 non
489 769 564 794 sunt
586 763 647 793 nisi
669 763 848 794 indistincte
873 770 903 794 et
923 763 1114 799 unitissime,
1140 762 1229 803 quod
1253 769 1300 792 est
1316 772 1383 792 esse

308 806 481 837 virtualiter
503 807 537 837 in
557 818 660 838 causa.
685 808 773 839 Haec
796 807 882 838 enim
906 815 952 838 est
974 817 1046 838 vere
1068 806 1182 837 veritas
1206 806 1384 836 secundum

309 851 506 891 theologiam
522 859 552 883 et
565 852 815 892 philosophiam,
833 859 868 883 ut
883 852 915 882 in
932 862 987 892 qu.
998 862 1049 882 x1v
1059 851 1077 870 *
1092 862 1117 882 s.
1129 850 1273 881 Thomas
1290 850 1383 881 dicet.

310 896 351 926 Et
367 896 447 926 bene
464 903 554 927 nota:
572 896 727 937 quoniam
744 897 811 927 sine
826 896 888 927 hoc
903 896 1113 927 fundamento
1129 904 1254 935 semper
1268 894 1384 925 errabis

310 940 350 970 de
372 940 442 971 Deo
467 947 497 971 et
520 940 589 971 aliis
612 940 645 970 in
661 951 700 971 eo
724 940 927 972 existentibus
951 947 1006 971 aut
1027 940 1102 970 visis
1124 939 1271 980 loquens,
1297 946 1327 969 et
1349 939 1383 968 in

310 984 446 1025 pueriles
468 984 677 1025 vulgaresque
700 985 906 1026 loquacitates
930 984 1059 1015 incides.

363 1029 431 1060 VII.
457 1028 548 1059 Circa
572 1028 796 1069 probationem
825 1029 981 1059 secundae
1006 1028 1250 1069 consequentiae
1268 1028 1299 1065 *,
1326 1029 1383 1059 du-

310 1073 400 1104 bium
424 1073 569 1104 occurrit.
595 1074 678 1103 Nam
701 1073 830 1109 Scotus,
855 1073 887 1103 in
909 1073 961 1109 III,
979 1073 1050 1103 dist.
1067 1082 1129 1109 xlv,
1147 1082 1201 1113 qu.
1218 1083 1241 1103 11
1255 1072 1282 1109 *,
1307 1072 1383 1104 dicit

310 1117 399 1158 quod
418 1117 495 1148 haec
514 1117 661 1157 probatio
678 1117 820 1148 continet
842 1117 998 1147 fallaciam
1022 1117 1267 1158 Consequentis.
1292 1117 1382 1155 Quo-

310 1162 405 1198 niam,
430 1162 504 1191 dato
529 1162 617 1202 quod
642 1161 682 1192 sit
703 1171 816 1192 verum
839 1161 928 1202 quod
951 1161 985 1191 in
1008 1161 1110 1192 littera
1126 1161 1249 1198 dicitur,
1266 1161 1383 1193 scilicet

309 1206 398 1246 quod
423 1215 618 1246 cognoscens
646 1205 817 1256 perfectius
839 1216 983 1242 causam,
1009 1206 1115 1246 plures
1139 1205 1267 1237 effectus
1290 1206 1322 1236 in
1347 1216 1383 1236 ea

308 1250 425 1286 videat;
451 1260 516 1280 non
540 1257 707 1290 propterea
731 1250 873 1291 sequitur
897 1259 964 1280 esse
979 1260 1092 1281 verum
1108 1260 1125 1281 e
1142 1260 1306 1287 converso,
1324 1250 1383 1281 sci-

308 1295 381 1325 licet
399 1294 489 1335 quod
512 1304 587 1325 eum
611 1294 667 1335 qui
690 1295 781 1334 plura
796 1294 890 1330 videt,
908 1301 1054 1335 oporteat
1068 1305 1197 1326 causam
1212 1294 1382 1336 perfectius

308 1339 424 1370 videre.
450 1339 490 1370 Et
506 1345 613 1369 tamen
632 1346 719 1370 totus
743 1348 909 1380 processus
933 1338 1085 1370 fundatur
1108 1349 1204 1380 super
1226 1339 1284 1370 hac
1308 1349 1381 1379 pro-

309 1383 469 1424 positione
493 1383 726 1420 subintellecta;
751 1390 782 1414 et
801 1393 866 1414 non
884 1393 979 1424 super
994 1383 1046 1415 illa
1070 1393 1214 1424 expresse
1229 1383 1333 1424 posita
1349 1383 1381 1414 in

308 1428 419 1459 littera.

366 1472 465 1510 Quod
481 1479 588 1503 autem
611 1472 670 1503 ista
693 1471 871 1512 propositio
898 1479 1083 1503 convertens
1106 1472 1204 1508 illam,
1231 1472 1271 1503 sit
1293 1471 1380 1508 falsa,

310 1517 423 1557 probat
439 1516 553 1547 Scotus
570 1517 689 1547 ibidem
703 1515 874 1556 tripliciter,
891 1516 924 1546 in
941 1517 1117 1548 communi.
1137 1518 1259 1555 Primo,
1277 1526 1380 1552 causa,

309 1562 501 1602 inquantum
524 1571 636 1597 causa,
662 1561 784 1592 nullam
807 1560 1036 1600 perfectionem
1059 1561 1172 1602 accipit
1195 1571 1213 1591 a
1237 1567 1381 1597 causato,

309 1606 384 1646 quia
409 1613 455 1636 est
478 1605 576 1646 prior.
603 1605 688 1646 Ergo
713 1604 852 1644 cognitio
877 1605 1022 1646 principii
1047 1612 1082 1636 ut
1110 1612 1156 1637 est
1179 1615 1290 1642 causa,
1316 1615 1382 1635 non

310 1649 469 1691 perficitur
492 1660 548 1690 per
571 1649 788 1689 cognitionem
812 1649 1068 1681 conclusionum.

363 1695 548 1731 Praeterea,
574 1694 694 1734 accipio
711 1703 815 1724 unum
830 1694 1025 1734 principium
1042 1694 1208 1734 cognitum
1223 1694 1256 1724 in
1272 1693 1381 1734 aliquo

309 1739 418 1779 gradu,
443 1746 474 1769 et
489 1748 608 1780 quaero
633 1746 750 1774 utrum,
776 1738 844 1769 eius
867 1738 1050 1778 cognitione
1068 1745 1136 1769 non
1156 1745 1257 1774 aucta,
1281 1738 1383 1778 possit

309 1793 365 1823 per
385 1783 493 1823 ipsum
517 1783 666 1823 cognosci
686 1783 792 1823 aliqua
816 1783 991 1819 conclusio,
1016 1790 1071 1814 aut
1094 1793 1171 1814 non.
1197 1783 1229 1814 Si
1254 1782 1307 1819 sic,
1327 1782 1381 1813 ha-

309 1829 400 1858 betur
419 1827 631 1867 propositum.
657 1827 698 1858 Et
721 1827 746 1857 si
766 1837 840 1863 una,
856 1827 924 1867 pari
943 1827 1064 1858 ratione
1088 1834 1224 1868 possunt
1247 1827 1326 1858 aliae
1348 1826 1381 1857 in

310 1882 348 1902 eo
373 1872 496 1902 clausae
512 1871 593 1907 sciri,
611 1872 731 1912 absque
752 1871 930 1912 perfectiori
947 1872 1059 1903 notitia
1074 1871 1231 1912 principii.
1257 1871 1289 1902 Si
1304 1881 1381 1907 non,

309 1926 384 1956 ergo
408 1916 440 1946 in
464 1916 526 1946 hoc
550 1916 648 1956 gradu
673 1916 839 1956 cognitum
863 1915 1074 1957 principium,
1107 1926 1173 1946 non
1199 1922 1245 1946 est
1268 1915 1382 1956 princi-

309 1961 410 2001 pium,
435 1960 511 2001 quia
534 1960 652 1990 nullius
676 1966 723 1990 est
746 1960 949 2000 principium.

362 2006 547 2042 Praeterea,
565 2004 670 2045 primo
686 2005 903 2035 Posteriorum
917 2004 943 2041 *,
967 2005 1045 2045 quid
1065 2010 1112 2035 est
1129 2004 1331 2045 supponitur,
1352 2010 1383 2035 et

309 2051 385 2091 quia
400 2055 447 2080 est
461 2049 617 2089 passionis
632 2048 738 2079 scitur.
753 2049 815 2080 Sed
832 2048 971 2088 cognitio
987 2049 1064 2090 quid
1078 2054 1126 2080 est
1141 2058 1208 2079 non
1223 2048 1384 2089 perficitur

310 2105 366 2135 per
381 2093 527 2125 notitiam
547 2092 730 2134 posterioris
753 2094 840 2134 quia.
857 2093 942 2133 Ergo
959 2093 1073 2124 notitia
1095 2093 1242 2134 principii
1266 2103 1333 2124 non
1347 2092 1383 2124 fit

309 2138 478 2180 perfectior
501 2144 630 2178 propter
653 2137 725 2174 hoc,
745 2138 835 2178 quod
859 2137 931 2168 facit
955 2138 1033 2168 scire
1057 2137 1293 2178 principiatum.

365 2183 448 2214 VIII.
476 2182 647 2213 Durandus
670 2191 803 2223 quoque
822 2189 852 2213 et
868 2181 1066 2213 Gottifredus
1081 2182 1099 2201 *
1123 2189 1232 2213 contra
1249 2181 1383 2213 eandem

309 2228 427 2259 instant
442 2226 676 2267 probationem,
697 2236 755 2266 pro
772 2233 893 2267 quanto
910 2226 1054 2257 innititur
1068 2225 1315 2257 manifestationi
1338 2226 1383 2257 illi

311 2273 350 2303 de
373 2271 530 2312 principio
555 2277 586 2301 et
607 2270 879 2301 conclusionibus.
909 2271 999 2301 Tum
1022 2270 1097 2311 quia
1121 2280 1187 2301 non
1211 2270 1314 2301 simile
1337 2277 1384 2301 est

311 2316 419 2358 quoad
436 2314 603 2346 contineri:
624 2314 780 2356 quoniam
795 2315 1016 2345 conclusiones
1033 2314 1237 2346 continentur
1251 2314 1284 2345 in
1300 2314 1383 2355 prin-

312 2360 397 2402 cipio
421 2360 454 2391 in
477 2359 620 2400 potentia
643 2366 674 2390 et
697 2358 846 2395 confuse;
871 2359 903 2389 in
928 2369 1022 2390 causa
1045 2366 1153 2390 autem
1183 2359 1286 2399 prima
1310 2358 1383 2390 effe-

312 2412 381 2437 ctus
406 2404 610 2435 continentur
633 2403 665 2434 in
689 2410 761 2434 actu
782 2410 813 2434 et
829 2403 983 2435 distincte.
1000 2421 1020 2426 -
1036 2404 1125 2434 Tum
1149 2403 1223 2444 quia
1247 2413 1313 2434 non
1338 2410 1385 2434 est

312 2449 414 2480 simile
437 2449 546 2490 quoad
569 2447 735 2488 cognosci:
760 2447 916 2489 quoniam
938 2447 971 2478 in
995 2447 1151 2489 principio
1175 2457 1242 2478 non
1266 2457 1384 2488 cogno·

312 2500 443 2525 scuntur
460 2492 682 2524 conclusiones
696 2492 730 2523 in
745 2499 827 2529 actu,
844 2492 904 2522 nisi
920 2491 1002 2523 facta
1017 2492 1218 2529 deductione,
1239 2493 1384 2523 subsum-

312 2538 431 2579 ptione,
451 2537 662 2578 applicatione
679 2543 754 2573 etc.;
779 2537 811 2567 in
833 2537 936 2577 prima
952 2543 1060 2568 autem
1083 2546 1178 2568 causa
1201 2536 1384 2577 simpliciter

312 2583 440 2614 effectus
462 2582 620 2612 videntur.

367 2627 420 2658 1x.
437 2627 488 2658 Ad
504 2626 621 2657 horum
638 2625 837 2661 evidentiam,
863 2625 941 2656 scito
957 2625 1047 2667 quod
1069 2625 1167 2656 videri
1183 2625 1302 2666 aliquid
1325 2636 1384 2666 po-

312 2678 372 2703 test
388 2671 564 2711 dupliciter.
583 2670 657 2701 Uno
674 2670 783 2706 modo,
799 2669 831 2700 in
852 2669 957 2710 seipso
973 2669 1143 2706 obiective;
1168 2669 1250 2701 sicut
1272 2680 1384 2711 specu-

313 2717 383 2747 lum
407 2715 595 2756 oppositum
610 2713 692 2745 visui
711 2713 836 2745 videtur
855 2714 888 2744 in
911 2714 1026 2755 seipso.
1051 2714 1126 2745 Alio
1142 2714 1254 2751 modo,
1271 2714 1304 2745 in
1321 2715 1384 2746 alio

313 2760 483 2797 obiective;
509 2759 590 2790 sicut
613 2769 661 2789 res
676 2765 750 2798 post
763 2765 888 2799 tergum
911 2758 1046 2789 videntis
1069 2758 1156 2795 sitae,
1180 2758 1328 2790 videntur
1350 2759 1383 2790 in

313 2804 460 2845 speculo:
484 2804 632 2834 videntur
647 2802 734 2834 enim
750 2812 816 2833 non
833 2803 865 2833 in
882 2813 924 2839 se,
941 2803 995 2834 sed
1014 2803 1046 2834 in
1063 2802 1122 2834 sibi
1141 2803 1296 2834 similibus
1313 2813 1383 2844 spe·

314 2849 421 2880 ciebus
440 2848 472 2879 in
492 2848 623 2889 speculo
642 2847 864 2878 relucentibus.
886 2848 926 2879 Et
944 2847 1026 2879 sicut
1045 2854 1091 2879 est
1106 2847 1382 2889 incorporalibus,

313 2894 357 2925 ita
379 2893 411 2924 in
435 2892 661 2934 spiritualibus.
687 2892 722 2922 ln
745 2891 912 2932 proposito
935 2892 1039 2932 igitur,
1056 2902 1122 2923 non
1146 2899 1193 2924 est
1215 2902 1321 2923 sermo
1345 2893 1383 2923 de

313 2936 471 2969 omnium*
484 2937 606 2968 visione
630 2936 663 2967 in
679 2935 799 2977 seipsis,
816 2937 871 2966 sed
886 2936 919 2966 in
934 2937 1006 2973 alio,
1027 2936 1152 2968 obiecto
1169 2936 1298 2968 scilicet:
1317 2947 1383 2968 non

313 2990 420 3014 tamen
443 2988 479 3013 ut
502 2981 535 3012 in
558 2981 704 3022 speculo,
730 2980 785 3011 sed
807 2987 843 3011 ut
866 2980 898 3011 in
923 2991 1025 3017 causa,
1043 2988 1078 3012 ut
1094 2991 1130 3012 ex
1149 2981 1268 3012 dictis*
1286 2988 1382 3022 patet.

313 3026 421 3058 Videri
448 3034 556 3057 autem
584 3025 705 3066 aliquid
737 3024 769 3055 in
799 3026 850 3055 vel
881 3035 917 3055 ex
941 3035 1035 3056 causa
1065 3025 1285 3066 intelligimus,
1316 3035 1383 3056 non

313 3071 587 3112 qualitercumque
603 3079 636 3100 se
659 3069 794 3100 habente
817 3069 882 3100 visa
899 3079 993 3100 causa
1012 3070 1051 3100 ad
1072 3069 1200 3101 effectus
1214 3069 1382 3106 visionem,

314 3116 368 3147 sed
385 3115 409 3146 si
427 3125 460 3146 se
475 3115 589 3146 habeat
604 3121 640 3145 ut
657 3123 721 3155 per
743 3123 777 3145 se
799 3113 965 3155 sufficiens
980 3124 1079 3145 causa
1096 3115 1193 3146 illius.
1217 3114 1382 3155 Alioquin,

314 3170 381 3190 non
405 3170 442 3190 ex
464 3159 495 3189 vi
518 3158 648 3190 visionis
666 3168 777 3190 causae
796 3158 954 3190 videretur
973 3158 1110 3195 effectus,
1128 3159 1183 3190 sed
1199 3158 1337 3189 aliunde.

370 3205 441 3235 Hoc
465 3210 573 3235 autem
597 3209 712 3239 stante,
737 3202 911 3234 declaratur
933 3203 1092 3234 intentum
1115 3203 1170 3234 sic.
1195 3203 1292 3240 Idem,
1317 3212 1383 3233 ma-

315 3259 392 3279 nens
416 3248 510 3284 idem,
535 3257 670 3288 semper,
695 3253 853 3288 quantum
877 3253 923 3277 est
945 3257 982 3277 ex
1005 3257 1054 3284 se,
1080 3247 1153 3278 facit
1177 3247 1273 3278 idem.
1297 3246 1383 3288 Ergo

315 3303 408 3324 causa
432 3292 557 3333 cognita
580 3292 613 3322 in
637 3291 745 3333 aliquo
762 3291 871 3332 gradu,
889 3301 1020 3322 manens
1040 3291 1150 3322 eadem
1166 3291 1301 3322 omnino
1317 3297 1383 3322 tam

315 3337 347 3367 in
367 3347 433 3367 esse
450 3347 548 3377 quam
572 3336 604 3367 in
622 3335 782 3376 cognosci,
807 3345 933 3376 semper
956 3335 1029 3366 facit
1044 3335 1139 3367 idern.
1164 3336 1250 3376 Ergo
1266 3335 1383 3376 impos-

316 3381 404 3412 sibile
430 3388 475 3412 est
498 3381 597 3422 quod,
626 3387 661 3411 ut
684 3380 737 3416 sic,
765 3379 858 3411 faciat
885 3380 1034 3420 cognosci
1059 3380 1200 3421 aliquem
1225 3379 1382 3416 effectum,

315 3435 413 3466 quem
429 3435 445 3455 a
462 3424 617 3465 principio
638 3424 787 3465 cognosci
813 3434 878 3455 non
895 3423 976 3455 fecit.
1003 3424 1088 3464 Ergo
1112 3434 1178 3455 non
1194 3430 1299 3464 potest
1314 3423 1384 3464 plu-

316 3469 400 3500 rium
424 3469 592 3500 effectuum
616 3469 762 3500 notitiam
786 3478 910 3510 parere,
935 3468 995 3499 nisi
1019 3475 1150 3500 mutata.
1175 3469 1238 3500 Sed
1260 3477 1327 3499 non
1350 3467 1383 3498 in

316 3522 397 3544 esse:
423 3523 498 3553 ergo
514 3513 546 3543 in
562 3513 721 3554 cognosci.
747 3513 787 3544 Et
815 3523 881 3544 non
900 3512 933 3543 in
949 3513 1065 3549 minus,
1084 3520 1118 3544 ut
1133 3519 1233 3553 patet:
1259 3522 1334 3553 ergo
1350 3511 1383 3542 in

316 3557 416 3598 magis
440 3557 598 3597 cognosci.
627 3558 726 3595 Quod
753 3564 799 3588 est
829 3557 997 3588 intentum.
1020 3574 1040 3580 -
1062 3557 1154 3588 Unde
1180 3563 1265 3598 patet
1293 3556 1383 3598 quod

317 3602 407 3642 plura
431 3601 534 3632 videre
565 3601 596 3632 in
627 3612 737 3638 causa,
763 3609 792 3633 et
815 3601 984 3642 perfectius
1007 3601 1111 3632 videre
1142 3611 1285 3637 causam,
1309 3606 1385 3632 sunt

998 240 1267 288 QUAESTIO
1297 241 1379 288 XII,
1409 241 1706 279 ARTICULUS
1735 241 1822 278 VIII

1441 320 1684 351 convertibiliter
1707 331 1740 351 se
1756 321 2000 362 consequentia.
2032 320 2197 358 Quoniam
2221 327 2269 357 et,
2294 321 2320 351 si
2343 320 2514 362 perfectius

1440 374 1568 395 causam
1591 365 1687 401 videt,
1713 365 1804 406 plura
1827 365 1859 396 in
1883 375 1920 396 ea
1942 365 2046 396 videt:
2071 372 2111 402 et,
2137 365 2163 395 si
2186 365 2279 405 plura
2301 365 2334 395 in
2358 375 2395 396 ea
2417 366 2511 402 videt,

1439 408 1607 449 perfectius
1631 409 1735 450 ipsam
1756 409 1852 441 videt.
1876 409 2042 451 Alioquin,
2067 409 2159 450 plura
2181 409 2215 440 in
2239 419 2278 440 eo
2298 409 2403 440 videre
2432 417 2513 441 esset

1439 452 1567 484 effectus
1591 453 1658 484 sine
1682 464 1786 485 causa.
1810 454 1843 485 Si
1866 454 1953 485 enim
1968 453 2137 494 perfectior
2160 453 2279 484 modus
2295 453 2423 484 videndi
2439 464 2512 485 cau-

1438 507 1523 534 sam,
1556 497 1743 528 huiusmodi
1766 508 1861 529 causa
1883 508 1950 529 non
1979 505 2043 535 est,
2068 498 2175 539 aliqua
2202 497 2262 528 alia
2293 507 2405 529 causae
2428 508 2513 529 nova

1439 541 1605 582 dispositio
1629 542 1724 573 huius
1749 542 1876 574 effectus
1901 553 1995 574 causa
2019 542 2094 574 erit:
2119 552 2177 573 nec
2201 541 2291 573 facile
2315 541 2373 573 erit
2394 541 2512 583 fingere

1438 585 1524 617 illam
1551 586 1795 626 dispositionem
1819 587 1852 617 in
1877 597 1944 618 esse
1967 587 2018 618 vel
2041 587 2075 617 in
2099 586 2259 627 cognosci.

1493 631 1532 661 X.
1557 631 1604 661 Ex
1627 631 1676 661 his
1700 638 1808 663 autem
1831 631 1895 662 iam
1918 638 2005 672 patet
2027 631 2195 672 responsio
2219 631 2260 661 ad
2283 630 2417 661 Scotum
2430 629 2459 661 ⁴.
2475 630 2512 661 ln

1438 674 1695 706 convertibilibus
1711 675 1797 706 enim
1812 686 1880 706 non
1896 676 1978 707 cadit
1993 676 2158 716 sophisma
2181 675 2431 716 Consequentis:
2456 675 2512 706 sed

1438 728 1504 749 uno
1529 719 1646 759 posito,
1671 719 1831 760 reliquum
1854 720 1934 760 poni
1956 720 2150 761 intelligitur.

1494 763 1545 793 Ad
1569 763 1763 794 obiectiones
1784 771 1893 795 autem
1916 765 1995 795 duas
2019 771 2127 796 contra
2143 764 2307 795 veritatem
2330 763 2511 794 manifesta-

1437 813 1513 843 tam,
1539 817 1621 848 quae
1645 815 1691 839 est
1713 818 1786 838 vera
1809 808 1842 838 in
1866 819 1960 840 causa
1984 815 2015 840 et
2037 809 2208 845 effectibus,
2233 815 2264 839 et
2285 808 2319 839 in
2341 807 2509 849 principio,

1438 861 1504 881 non
1529 851 1636 882 solum
1655 851 1692 882 in
1718 853 1961 892 cognoscendo,
1986 853 2041 884 sed
2065 853 2216 890 essendo,
2242 859 2272 884 et
2297 852 2510 884 conclusioni-

1437 895 1508 931 bus,
1525 894 1616 926 facile
1638 897 1858 936 respondetur,
1875 897 2010 928 dicendo
2034 898 2125 948 quod
2152 897 2268 928 Scotus
2291 904 2347 928 aut
2370 896 2439 933 fuit,
2457 903 2512 928 aut

1438 939 1600 970 simulavit
1614 949 1648 970 se
1665 949 1804 972 caecum.
1822 941 1920 972 Aliud
1937 948 1984 972 est
1999 941 2086 972 enim
2101 941 2249 972 notitiam
2265 941 2510 972 conclusionum

1437 984 1470 1014 in
1495 990 1550 1014 aut
1574 993 1611 1014 ex
1634 983 1791 1024 principio
1815 991 1852 1016 ut
1875 995 1969 1016 causa
1992 985 2182 1023 sufficiente,
2201 987 2421 1028 praeexigere
2443 995 2512 1026 per-

1438 1028 1601 1059 fectiorem
1618 1027 1765 1059 notitiam
1784 1028 1946 1079 principii:
1972 1036 2003 1061 et
2019 1029 2106 1061 aliud
2129 1036 2176 1061 est
2185 1030 2326 1071 facere'
2318 1040 2422 1071 1psam
2441 1039 2511 1070 per-

1438 1072 1612 1103 fectiorem.
1637 1072 1725 1103 Haec
1749 1072 1835 1103 enirn
1859 1073 1975 1104 distant
1997 1073 2070 1114 plus
2093 1083 2194 1115 quam
2216 1074 2342 1105 caelum
2364 1081 2396 1105 et
2417 1081 2509 1106 terra.

1438 1117 1473 1147 In
1496 1116 1599 1147 littera
1623 1116 1756 1147 docetur
1778 1117 1932 1157 primum,
1957 1124 1988 1149 et
2011 1128 2078 1149 non
2098 1119 2290 1149 secundum:
2315 1125 2347 1150 et
2365 1128 2509 1159 arguens,

1437 1161 1470 1191 in
1500 1161 1604 1202 prima
1632 1167 1663 1192 et
1693 1161 1783 1192 tertia
1807 1161 1944 1199 ratione,
1975 1161 2145 1203 impugnat
2168 1163 2346 1194 secundum
2372 1170 2508 1194 tantum.

1437 1206 1540 1242 Unde,
1565 1205 1708 1242 breviter,
1733 1206 1926 1237 concedatur
1948 1207 2044 1247 gratis
2065 1207 2156 1248 quod
2178 1216 2236 1238 nec
2260 1206 2400 1247 cognitio
2425 1207 2509 1247 prin-

1437 1250 1511 1291 cipii
1539 1257 1575 1281 ut
1600 1259 1712 1280 causae
1742 1249 1902 1290 perficitur
1930 1261 1986 1291 per
2013 1250 2161 1282 notitiam
2186 1250 2421 1288 conclusionis;
2453 1261 2511 1283 nec

1436 1294 1526 1335 quod
1541 1294 1653 1325 notitia
1667 1294 1745 1335 quid
1764 1300 1812 1326 est
1832 1294 1994 1335 perficitur
2008 1305 2064 1336 per
2079 1294 2228 1326 notitiam
2245 1296 2322 1336 quia
2338 1300 2402 1333 est,
2427 1304 2510 1336 quae

1436 1346 1483 1370 est
1498 1338 1779 1370 demonstrationis
1794 1338 1933 1370 effectus.
1958 1339 2021 1370 Sed
2041 1340 2223 1380 utrobique,
2241 1339 2351 1370 ceteris
2369 1339 2508 1381 paribus,

1436 1383 1631 1424 supponitur
1645 1382 1747 1414 maior
1765 1383 1879 1414 notitia
1901 1383 2047 1424 principii
2063 1390 2095 1415 et
2109 1384 2195 1425 quod
2209 1383 2288 1425 quid
2302 1389 2359 1422 est,
2384 1383 2411 1414 si
2426 1382 2464 1415 e'x
2478 1382 2511 1414 vi

1436 1427 1627 1469 cognitionis
1650 1427 1797 1468 ipsorum
1820 1427 1874 1458 illa
1897 1428 2040 1459 sciuntur
2063 1429 2174 1465 modo,
2199 1435 2230 1459 et
2252 1428 2341 1469 prius
2363 1437 2442 1459 non.

1491 1473 1543 1503 Ad
1559 1472 1733 1503 secundam
1748 1481 1824 1502 vero
1841 1471 2064 1509 obiectionem,
2080 1481 2163 1514 quae
2177 1472 2358 1523 interrogat,
2375 1479 2511 1514 utraque

1436 1526 1508 1557 pars
1523 1515 1708 1557 responderi
1723 1522 1839 1556 potest.
1863 1517 1984 1555 Primo,
2002 1517 2137 1548 dicendo
2159 1517 2249 1558 quod
2265 1516 2459 1558 principium
2476 1516 2511 1548 in

1435 1561 1545 1602 aliquo
1568 1561 1668 1601 gradu
1685 1560 1860 1601 cognitum,
1876 1567 1912 1592 ut
1927 1561 1981 1597 sic,
1998 1561 2118 1592 nullius
2133 1568 2180 1592 est
2195 1561 2391 1613 principium
2405 1560 2439 1592 in
2455 1571 2509 1592 co-

1435 1605 1620 1646 gnoscendo
1637 1611 1718 1641 actu,
1730 1610 1867 1645 propter
1882 1605 2155 1646 imperfectionem
2173 1606 2378 1647 cognitionis,
2395 1612 2426 1637 et
2442 1614 2511 1636 non

1437 1660 1473 1680 ex
1496 1656 1609 1681 natura
1631 1649 1717 1680 illius
1739 1649 1896 1690 principii.
1927 1650 1999 1681 Hoc
2023 1650 2110 1681 enim
2133 1649 2260 1681 nullum
2282 1649 2510 1681 inconveniens

1436 1701 1491 1725 est.
1517 1712 1537 1717 —
1560 1693 1726 1732 Secundo,
1751 1694 1825 1724 dato
1849 1694 1955 1734 quod,
1980 1694 2014 1724 in
2037 1693 2182 1735 quolibet
2203 1694 2303 1734 gradu
2327 1693 2508 1735 cognitum,

1436 1738 1476 1769 sit
1494 1737 1688 1779 principium
1712 1737 1858 1768 alicuius
1869 1738 2084 1769 conclusionis
2107 1738 2204 1769 etiam
2222 1738 2256 1769 in
2273 1738 2509 1790 cognoscendo,

1436 1790 1569 1822 negatur
1592 1782 1737 1834 sequela,
1768 1791 1848 1824 ergo
1872 1783 1987 1823 ipsum,
2013 1793 2076 1814 non
2100 1787 2197 1814 aucta
2221 1784 2291 1814 eius
2314 1781 2509 1824 cognitione,

1437 1827 1498 1858 erit
1515 1827 1714 1867 principium
1738 1827 1952 1868 cognoscendi
1976 1836 2074 1858 unam
2098 1827 2208 1866 aliam.
2233 1827 2276 1858 Et
2291 1826 2317 1858 si
2340 1833 2510 1868 quaeratur

1436 1881 1534 1912 quare
1557 1877 1604 1902 est
1627 1871 1717 1911 quod
1732 1870 1773 1900 ad
1789 1870 1931 1911 aliquam
1954 1863 2196 1902 conclusionem
2219 1870 2354 1902 sufficiat
2376 1871 2511 1902 minima

1436 1915 1516 1946 visio
1544 1914 1706 1956 principii,
1731 1921 1762 1945 et
1785 1915 1825 1944 ad
1847 1914 1943 1945 aliam
1967 1924 2048 1946 non:
2073 1915 2245 1956 respondet
2267 1925 2292 1947 s.
2308 1915 2454 1946 Thomas
2476 1915 2511 1946 in

1437 1959 1687 1997 Quaestionibus
1702 1958 1742 1990 de
1762 1958 1911 1997 Ver-itate,
1931 1969 1985 2000 qu.
1999 1969 2065 1996 vm,
2082 1966 2138 1991 art.
2155 1969 2187 1999 4,
2203 1959 2244 1990 ad
2264 1969 2312 1996 12,
2328 1960 2428 2001 quod,
2443 1959 2510 1991 visa

1437 2014 1548 2040 causa,
1573 2003 1606 2034 in
1629 2009 1784 2043 promptu
1813 2009 1860 2034 est
1890 2003 1976 2034 unde
2000 2003 2122 2045 aliquas
2146 2003 2369 2035 conclusiones
2398 2004 2431 2035 in
2455 2010 2512 2036 aut

1437 2059 1474 2079 ex
1498 2058 1535 2079 ea
1558 2047 1790 2089 percipiamus,
1814 2047 1890 2089 quia
1918 2054 1992 2079 sunt
2020 2047 2219 2079 manifestius
2241 2048 2275 2079 in
2299 2057 2349 2079 ea:
2374 2057 2444 2079 non
2465 2047 2511 2080 sic

1437 2100 1545 2124 autem
1569 2099 1615 2123 est
1629 2092 1668 2123 de
1683 2091 1846 2129 omnibus,
1869 2091 1945 2133 quia
1967 2092 2061 2124 multi
2077 2099 2152 2124 sunt
2165 2092 2348 2124 latentiores
2370 2092 2509 2131 effectus,

1437 2144 1473 2169 ut
1496 2136 1687 2178 experientia
1710 2143 1850 2167 testatur.

1493 2182 1547 2213 xl.
1571 2181 1623 2211 Ad
1646 2180 1784 2221 primam
1814 2187 1922 2211 autem
1946 2180 2083 2212 aliorum
2107 2181 2321 2213 obiectionem
2335 2180 2354 2201 *
2377 2181 2508 2219 dicitur,

1437 2225 1527 2267 quod
1550 2225 1618 2256 imo
1643 2231 1690 2256 est
1707 2224 1819 2255 similis
1836 2224 2041 2256 continentia.
2066 2225 2231 2262 Quoniam
2246 2225 2442 2266 principium
2456 2226 2510 2258 de-

1437 2268 1687 2306 monstrationis,
1704 2268 1897 2309 inquantum
1919 2269 2014 2300 habet
2028 2269 2095 2300 vim
2115 2269 2249 2300 activam
2272 2277 2416 2311 respectu
2433 2280 2510 2302 con-

1438 2314 1631 2350 clusionum,
1649 2313 1790 2344 continet
1806 2322 1857 2343 eas
1873 2313 1906 2343 in
1921 2320 2009 2350 actu;
2034 2320 2065 2344 et
2084 2321 2324 2356 consequenter,
2341 2324 2407 2345 non
2432 2324 2510 2346 con-

1438 2359 1526 2396 fuse,
1556 2358 1612 2389 sed
1635 2357 1778 2388 distincte
1810 2367 1846 2388 ex
1870 2364 1958 2398 parte
1989 2364 2229 2395 contentorum:
2254 2359 2287 2389 in
2311 2369 2371 2390 suo
2401 2365 2510 2391 tamen

1437 2403 1558 2434 ordine.
1576 2402 1762 2434 Commune
1786 2408 1832 2432 est
1855 2402 1942 2432 enim
1961 2402 2050 2432 omni
2074 2412 2186 2434 causae
2209 2403 2328 2435 activae
2347 2403 2510 2435 continere

1438 2447 1565 2479 effectus
1589 2447 1622 2478 in
1646 2453 1728 2483 actu,
1746 2445 1920 2477 formaliter
1942 2446 1994 2477 vel
2017 2446 2201 2478 eminenter.

1489 2492 1541 2523 Ad
1564 2491 1738 2522 secundam
1761 2498 1869 2522 autem
1888 2490 2002 2522 dicitur
2016 2491 2115 2532 quod,
2139 2491 2212 2522 licet
2234 2491 2375 2522 multum
2398 2491 2510 2531 referat

1437 2535 1588 2577 cognosci
1612 2545 1654 2566 ex
1676 2535 1741 2566 alio
1765 2542 1796 2566 et
1819 2535 1968 2575 cognosci
1993 2536 2026 2566 in
2049 2536 2126 2573 alio,
2152 2542 2183 2566 et
2205 2546 2262 2577 per
2280 2535 2460 2567 discursum
2478 2543 2510 2568 et

1437 2581 1504 2612 sine
1527 2580 1681 2615 discursu,
1699 2586 1773 2616 etc.;
1801 2580 1910 2621 quoad
1925 2579 2073 2611 notitiam
2095 2587 2203 2611 tamen
2227 2580 2414 2621 pluralitatis
2437 2580 2509 2612 effe-

1437 2633 1549 2657 ctuum
1572 2631 1703 2666 propter
1718 2634 1847 2655 causam
1870 2630 1991 2660 notam,
2007 2624 2051 2655 ita
2069 2624 2159 2666 quod
2181 2624 2215 2665 ly
2227 2629 2364 2665 propter
2379 2625 2510 2658 denotet

1438 2679 1566 2701 causam
1596 2667 1818 2705 sufficientem,
1850 2668 1929 2699 nihil
1953 2667 2055 2700 refert.
2081 2669 2141 2700 Par
2164 2668 2250 2699 enim
2273 2675 2320 2700 est
2341 2669 2507 2707 iudicium,

1438 2713 1546 2745 ceteris
1570 2713 1708 2754 paribus.
1732 2713 1774 2744 Et
1787 2720 1955 2753 propterea
1976 2712 2078 2744 littera
2101 2713 2268 2754 utriusque
2290 2713 2452 2745 meminit:
2477 2720 2510 2746 et

1438 2757 1629 2799 cognitionis
1647 2757 1680 2788 in
1699 2757 1774 2794 alio,
1791 2757 1882 2798 quasi
1901 2767 1957 2798 per
1975 2763 2098 2794 totum:
2123 2763 2154 2789 et
2169 2757 2361 2798 cognitionis
2379 2767 2416 2789 ex
2432 2757 2506 2796 alio,

1437 2803 1470 2834 in
1502 2801 1756 2833 manifestatione
1790 2802 1925 2832 adducta
1949 2801 1988 2832 de
2019 2801 2178 2843 principio
2201 2802 2462 2834 demonstrativo.
2486 2820 2508 2827 -

1437 2848 1549 2878 Posset
1571 2846 1667 2877 etiam
1694 2845 1772 2882 dici,
1797 2846 1886 2887 quod
1909 2845 2011 2877 littera
2040 2846 2175 2877 intendit
2197 2846 2236 2877 de
2268 2846 2450 2887 cognitione
2474 2847 2507 2878 in

1437 2893 1502 2923 alio
1526 2897 1664 2922 tantum:
1690 2897 1721 2922 et
1735 2890 1825 2931 quod
1846 2890 1941 2921 etiam
1961 2890 2183 2922 conclusiones
2199 2890 2349 2931 cognosci
2371 2897 2508 2932 possunt

1438 2937 1470 2967 in
1489 2935 1664 2977 principio,
1689 2941 1720 2966 et
1742 2944 1808 2965 non
1833 2935 1939 2965 solum
1963 2945 2005 2966 ex
2021 2935 2200 2976 principio,
2223 2941 2260 2966 ut
2282 2940 2369 2976 patet
2390 2934 2424 2965 in
2447 2941 2507 2966 ter·

1438 2980 1528 3011 mino
1552 2979 1709 3016 scientiae,
1735 2979 1800 3015 ubi,
1825 2979 1972 3010 resolutis
1995 2978 2264 3015 conclusionibus,
2289 2978 2322 3009 in
2345 2978 2507 3020 principiis

1437 3025 1584 3056 videntur
1606 3023 1731 3055 omnia:
1757 3030 1788 3054 et
1810 3024 1899 3065 quod
1922 3023 1948 3054 si
1971 3023 2044 3065 quis
2066 3023 2099 3054 in
2123 3022 2279 3064 principio
2302 3022 2372 3054 viso
2400 3023 2508 3064 plures

1436 3069 1542 3100 videre
1565 3068 1676 3109 incipit
1699 3067 1929 3104 conclusiones,
1950 3067 2002 3099 ille
2025 3066 2248 3109 proculdubio,
2273 3067 2392 3108 absque
2417 3067 2508 3099 omni

1437 3113 1591 3149 discursu,
1608 3111 1776 3153 perfectius
1791 3112 1985 3153 principium
2007 3117 2159 3153 penetrat,
2176 3118 2207 3142 et
2222 3111 2380 3152 angelicae
2399 3111 2508 3152 potius

1437 3167 1535 3198 quam
1558 3157 1718 3188 humanae
1741 3163 1870 3188 naturae
1890 3163 1952 3193 est;
1977 3156 2131 3198 quoniam
2146 3155 2231 3187 illius
2255 3163 2301 3187 est
2323 3155 2506 3197 intelligere,

1438 3208 1584 3232 nostrum
1607 3208 1654 3232 est
1677 3201 1864 3232 ratiocinari.
1891 3201 1956 3232 Nec
1980 3201 2085 3232 obstat
2111 3200 2201 3241 quod
2232 3200 2334 3231 littera
2362 3200 2509 3232 nominet

1438 3245 1654 3286 cognitionem
1670 3255 1712 3276 ex
1720 3246 1903 3287 principio:
1927 3244 2082 3286 quoniam
2101 3244 2269 3276 declaratio
2290 3251 2337 3276 est
2359 3255 2378 3275 a
2401 3251 2508 3286 poste·

1437 3289 1522 3320 rion'.
1557 3290 1604 3320 Ex
1627 3289 1689 3320 hoc
1712 3289 1799 3321 enim
1822 3289 1911 3340 quod
1935 3288 2113 3340 experimur
2136 3289 2226 3340 quod
2255 3299 2446 3330 cognoscere
2470 3298 2508 3320 ex

1437 3334 1593 3375 principio
1617 3334 1718 3375 plura,
1734 3333 1880 3375 provenit
1898 3343 1935 3364 ex
1957 3332 2071 3364 maiori
2091 3333 2273 3373 cognitione
2296 3333 2452 3374 principii,
2470 3332 2508 3364 si-

1438 3388 1538 3419 gnum
1562 3378 1716 3409 habemus
1734 3379 1824 3420 quod
1848 3386 2038 3418 cognoscere
2062 3377 2153 3417 plura
2177 3377 2209 3408 in
2233 3387 2336 3414 causa,
2363 3387 2429 3409 non
2446 3376 2507 3408 nisi

1438 3432 1474 3453 ex
1490 3423 1603 3453 maiori
1620 3433 1732 3454 causae
1747 3422 1930 3463 cognitione
1945 3421 2101 3462 procedit:
2126 3421 2202 3462 quia
2217 3422 2243 3453 si
2260 3422 2298 3453 de
2313 3431 2380 3464 quo
2399 3421 2507 3452 minus

1437 3467 1562 3498 videtur
1585 3474 1614 3498 et
1637 3467 1726 3503 inest,
1748 3476 1823 3506 ergo
1847 3466 1886 3496 de
1909 3475 1977 3506 quo
2001 3465 2111 3506 magis.
2134 3466 2209 3497 Non
2233 3475 2308 3506 ergo
2331 3466 2507 3497 adductum

1439 3518 1483 3542 est
1507 3511 1700 3551 principium
1721 3509 2015 3546 demonstrativum,
2032 3517 2067 3540 ut
2087 3509 2188 3542 simile
2212 3520 2324 3542 causae
2341 3510 2375 3541 in
2399 3509 2506 3550 cogni-

1438 3555 1533 3586 tionis
1557 3555 1657 3586 modo
1681 3561 1823 3595 respectu
1848 3553 2103 3591 conclusionum,
2122 3561 2195 3586 etc.:
2219 3555 2274 3586 sed
2293 3561 2330 3586 ut
2345 3553 2472 3595 signum
2488 3563 2506 3583 a

1438 3599 1614 3640 posteriori.
1640 3599 1746 3636 Quare
1769 3605 1892 3629 taceant
1915 3599 2088 3630 mordaces.

2538 634 2550 645 ⁸
2565 632 2602 656 Cf.
2616 639 2681 656 num.
2695 640 2736 656 vn.

2537 2184 2548 2195 ·
2562 2182 2600 2207 α
2609 2189 2675 2207 aaa.
2684 2190 2737 2207 vm.
