2768 4178
0 982 2 984 ’
50 955 133 1005 ’δυςιῖ
147 960 201 1003 1Χέοέ
205 960 265 1003 ¹7v·

50 1691 142 1716 'Va-⁸.
156 1698 178 1722 >

7 1906 9 1910 '
49 1911 60 1922 '¹
73 1909 125 1933 Art.
135 1915 213 1939 praec.

54 3223 67 3236 ⁴
81 3223 117 3246 ef.
132 3230 196 3247 num.
211 3231 235 3247 v.

983 267 1251 314 QUAESTIO
1280 267 1387 314 X1x,
1418 267 1715 304 ARTICULUS
1746 269 1777 304 11

2404 273 2478 310 233

1064 403 1382 445 ARTICULUS
1412 403 1711 446 SECUNDUS

964 505 1153 536 UTRUM
1184 505 1318 537 DEUs
1350 506 1507 536 VELIT
1540 506 1663 537 ALIA
1693 508 1723 536 A
1753 506 1809 537 SE

671 594 681 619 I
701 594 783 623 Sent„
803 593 862 618 dist.
880 601 937 624 xm,
957 598 1004 618 art.
1025 601 1054 624 25
1074 594 1083 618 1
1106 594 1182 619 Cont.
1204 595 1291 624 Gent„
1312 602 1367 626 cap.
1386 602 1458 624 mv,
1477 602 1558 626 Lxxvr‚
1578 603 1674 626 Lxxvn3
1694 595 1735 620 De
1758 594 1848 625 Veril„
1869 603 1912 628 qu.
1931 603 1999 628 xxm,
2019 602 2064 622 art.
2083 606 2108 629 4.

331 712 349 721 ,γ
506 696 529 721 D
550 694 740 720 SECUNDUM
755 694 808 719 516
828 693 1066 719 PROCEDITUR.
1083 681 1243 718 Videtur
1258 682 1361 730 quod

322 727 486 797 ‘5524
507 738 612 773 Deus
632 747 711 772 non
738 734 829 772 velit
847 735 919 772 alia
938 747 960 772 a
980 747 1032 772 se.
1053 735 1158 772 Velle
1184 734 1286 772 enim
1307 735 1361 772 di-

311 794 335 839 '3
358 807 426 835 ,ν’
445 775 640 831 'r'vinum
662 796 717 825 est
746 788 827 825 eius
847 800 941 826 esse.
972 788 1050 825 Sed
1074 789 1180 825 Deus
1208 801 1287 825 non
1308 796 1363 825 est

352 819 450 879 &³²33
465 835 608 882 aliud
637 854 659 878 a
688 853 739 878 se.
761 842 863 889 Ergo
893 854 972 878 non
999 842 1080 878 vult
1108 841 1210 879 aliud
1239 854 1260 878 a
1290 854 1341 878 se.

347 906 381 932 2.
398 895 631 942 PRAETEREA,
643 894 805 932 volitum
820 902 953 932 movet
967 896 1205 932 voluntatem
1220 901 1249 941 α,
1267 895 1362 932 sicut

291 947 495 997 appetibile
515 947 738 998 appetitum,
758 955 800 985 ut
820 947 954 985 dicitur
973 948 1011 986 in
1031 950 1080 985 III
1103 949 1149 985 de
1166 948 1309 985 Anima
1328 948 1359 986 ³¹².

292 1001 332 1039 Si
360 1001 471 1050 igitur
498 1002 605 1039 Deus
632 1001 725 1038 velit
753 1001 894 1050 aliquid
924 1001 1028 1039 aliud
1055 1014 1077 1038 a
1106 1014 1158 1048 56,
1185 1002 1361 1039 1110116111,-

291 1062 351 1092 tur
379 1054 460 1091 eius
487 1056 666 1092 voluntas
704 1055 752 1092 ab
782 1054 908 1104 aliquo
938 1055 1031 1092 alio:
1061 1055 1167 1104 quod
1201 1062 1256 1092 est
1290 1055 1360 1092 im-

291 1107 485 1157 possibile.

347 1162 381 1199 3.
403 1162 636 1208 PRAETEREA,
660 1160 888 1210 cuicumque
907 1160 1093 1198 voluntati
1107 1159 1125 1188 β
1140 1160 1279 1197 sufficit
1297 1160 1360 1197 ali-

292 1214 397 1264 quod
425 1214 601 1262 volitum,
622 1214 713 1251 nihil
743 1214 888 1263 quaerit
917 1221 1020 1251 extra
1038 1213 1142 1251 illud.
1173 1213 1250 1251 Sed
1274 1214 1359 1250 Deo

332 718 342 729 s
365 702 389 717 ‘'
416 712 468 729 .s2<

271 1267 434 1310 Vsuffieit
459 1279 528 1305 sua
555 1267 718 1315 bonitas,
741 1275 777 1304 et
794 1268 972 1304 voluntas
1001 1266 1080 1303 eius
1101 1279 1146 1303 ex
1176 1278 1222 1303 ea
1251 1266 1360 1303 satia·

291 1328 362 1358 tur.
385 1321 487 1369 Ergo
517 1322 623 1358 Deus
651 1333 730 1358 non
757 1321 840 1357 vult
868 1319 1008 1368 aliquid
1044 1319 1146 1356 aliud
1174 1331 1197 1356 a
1225 1331 1278 1356 se.
1324 1342 1327 1345 >

345 1386 382 1422 4.
403 1375 637 1421 PRAETEREA,
659 1381 764 1410 actus
788 1372 995 1410 voluntatis
1013 1372 1284 1421 multiplicatur
1303 1385 1360 1410 se-

293 1426 463 1464 cundum
490 1427 619 1465 volita.
651 1426 691 1464 Si
719 1426 830 1474 igitur
858 1427 964 1463 Deus
1001 1425 1092 1463 velit
1120 1438 1161 1463 se
1190 1434 1227 1462 et
1255 1426 1327 1464 alia
1346 1431 1361 1453 ⁷

292 1492 315 1518 a
342 1492 395 1528 se,
415 1480 585 1529 sequitur
603 1480 710 1528 quod
734 1487 840 1516 actus
859 1479 1066 1516 voluntatis
1096 1479 1176 1516 eius
1200 1479 1246 1516 sit
1265 1481 1361 1517 mul-

291 1532 422 1582 tiplex:
449 1540 485 1570 et
502 1545 572 1582 per
591 1545 832 1582 consequens
861 1532 942 1569 eius
962 1544 1057 1579 esse,
1079 1532 1184 1582 quod
1204 1540 1260 1570 est
1279 1533 1361 1570 eius

290 1586 401 1623 velle.
423 1586 511 1623 Hoc
538 1582 666 1624 autern
688 1594 744 1624 est
771 1585 1018 1635 impossibile.
1040 1586 1132 1623 Non
1157 1598 1246 1634 ergo
1280 1587 1362 1624 vult

291 1638 363 1676 alia
391 1651 414 1676 a
441 1651 494 1676 se.

346 1691 420 1730 SED
437 1703 583 1730 CONTRA
598 1704 664 1730 EST
676 1691 781 1742 quod
791 1692 999 1741 Apostolus
1015 1691 1114 1739 dicit,
1128 1692 1359 1730 1116331νῆ

290 1745 385 1791 haec
411 1751 467 1783 est
490 1745 664 1783 voluntas
692 1745 776 1791 Dei,
797 1745 1043 1793 sanctificatio
1070 1750 1206 1783 vestra.

345 1799 571 1836 RESPONDEO
600 1810 784 1836 DICENDUM
808 1799 914 1847 quod
941 1799 1046 1835 Deus
1066 1811 1145 1835 non
1173 1799 1299 1836 solum
1319 1811 1359 1836 se

290 1852 382 1900 vult,
404 1853 472 1890 sed
501 1852 614 1889 etiam
642 1852 713 1889 alia
733 1864 755 1888 a
779 1863 831 1888 se.
854 1852 971 1898 Quod
997 1859 1155 1900 apparet
1174 1864 1195 1889 a
1216 1849 1229 1873 δ
1248 1852 1359 1888 simili

290 1904 395 1955 prius
409 1905 430 1927 ’¹‘
449 1905 676 1942 introducto.
704 1905 780 1942 Res
801 1904 903 1941 enim
930 1905 1110 1942 naturalis
1134 1917 1214 1942 non
1234 1906 1358 1942 solum

291 1958 407 1995 habet
443 1959 655 1995 naturalem
692 1957 974 1995 inclinationem
1009 1965 1182 2007 respectu
1214 1958 1359 2007 proprii

291 2010 397 2058 boni,
417 2018 459 2048 ut
487 2011 656 2060 acquirat
682 2011 809 2060 ipsum
839 2023 928 2048 cum
956 2023 1034 2048 non
1062 2011 1197 2058 habet,
1227 2012 1290 2049 vel
1318 2019 1360 2048 ut

292 2064 462 2113 quiescat
481 2064 519 2101 in
538 2065 602 2101 illo
623 2076 711 2101 curn
726 2065 859 2110 habet;
880 2064 948 2101 sed
964 2064 1080 2101 etiam
1099 2071 1141 2101 ut
1159 2064 1358 2113 proprium

291 2118 438 2155 bonum
465 2118 505 2155 in
533 2117 605 2154 alia
626 2117 833 2165 diffundat,
863 2118 1076 2155 secundum
1106 2118 1210 2166 quod
1239 2118 1359 2166 possi-

291 2170 366 2208 bile
387 2178 452 2208 est.
474 2170 585 2208 Unde
604 2170 783 2207 videmus
799 2170 904 2219 quod
924 2183 1040 2207 omne
1056 2182 1183 2218 agens,
1200 2171 1358 2219 inquan-

290 2231 373 2261 tum
403 2231 459 2261 est
486 2230 574 2260 actu
593 2230 630 2260 et
647 2223 872 2272 perfectum,
892 2223 980 2260 facit
999 2222 1069 2260 sibi
1089 2223 1221 2260 simile.
1248 2224 1358 2261 Unde

292 2284 328 2314 et
354 2277 430 2313 1106
456 2276 619 2326 pertinet
646 2276 696 2313 ad
723 2276 912 2313 rationem
940 2276 1147 2313 voluntatis
1174 2282 1196 2323 ¹,
1222 2284 1264 2313 ut
1291 2277 1359 2313 bo-

291 2342 386 2367 num
401 2330 506 2379 quod
522 2330 607 2378 quis
623 2329 749 2376 habet,
766 2329 845 2366 aliis
860 2329 1130 2377 communicet,
1146 2330 1359 2367 secundum

292 2383 397 2432 quod
424 2383 604 2433 possibile
635 2390 700 2420 est.
723 2383 772 2419 Et
798 2383 874 2419 hoc
897 2382 1102 2432 praecipue
1130 2383 1292 2432 pertinet
1312 2384 1360 2420 ad

290 2437 530 2474 voluntatem
560 2436 744 2484 divinam,
766 2448 788 2473 a
808 2448 895 2485 qua,
915 2449 985 2485 per
1008 2436 1202 2485 quandam
1232 2436 1359 2473 simili-

291 2489 477 2537 tudinem,
504 2489 697 2528 derivatur
725 2489 851 2526 omnis
878 2489 1072 2538 perfectio.
1103 2489 1228 2537 Unde,
1251 2490 1281 2526 si
1300 2502 1360 2526 res

292 2544 494 2590 naturales,
511 2542 737 2592 inquantum
757 2543 948 2591 perfectae
968 2550 1065 2590 sunt,
1082 2555 1195 2580 suurn
1211 2544 1359 2580 bonum

295 2596 375 2633 aliis
404 2596 700 2642 communicant,
721 2596 842 2632 multo
871 2595 992 2644 magis
1025 2595 1186 2644 pertinet
1213 2596 1262 2633 ad
1289 2609 1358 2633 vo-

293 2649 476 2685 luntatem
506 2648 688 2695 divinam,
709 2655 751 2685 ut
779 2649 926 2685 bonum
956 2661 1069 2685 suum
1097 2649 1179 2686 aliis
1217 2662 1287 2698 per
1315 2649 1361 2685 si-

294 2701 546 2739 militudinem
577 2701 846 2748 communicet,
868 2703 1082 2739 secundum
1111 2703 1215 2751 quod
1243 2702 1360 2751 possi-

348 2815 375 2848 α)
395 2816 567 2840 voluntatem.
584 2828 604 2834 —
622 2815 752 2840 volentem
766 2815 877 2849 PG(A?)
898 2821 923 2841 et
941 2817 1000 2842 edd.
1018 2818 1069 2842 ab.
1087 2831 1107 2836 -
1125 2818 1188 2842 Post
1205 2817 1273 2842 sicut
1291 2817 1359 2841 ACD

292 2851 362 2876 EFG
380 2851 477 2876 addunt
494 2854 528 2876 et.

347 2885 372 2919 β)
393 2886 533 2911 voluntati.
551 2900 570 2905 -
588 2886 687 2911 volenti
705 2886 802 2915 ABCE,
821 2894 874 2912 om.
893 2887 925 2912 D.

346 2924 373 2955 γ)
392 2922 456 2947 alia.
474 2936 493 2940 -
511 2922 594 2946 volita
614 2922 642 2946 Β.
661 2935 680 2940 -
697 2929 714 2946 a
733 2929 760 2946 se
779 2929 832 2946 om.
851 2922 950 2947 ACDE.

347 2956 372 2990 δ)
392 2965 417 2982 a.
436 2971 454 2976 -
471 2965 509 2982 ex
527 2958 638 2982 codices.
655 2971 675 2976 --
692 2957 743 2981 Pro
763 2957 923 2988 introducto,
943 2957 1052 2983 inducto
1070 2958 1192 2983 ABCDE.

1417 682 1489 719 bile
1520 690 1586 720 est.
1610 683 1672 720 Sic
1699 684 1810 732 igitur
1836 684 1918 721 vult
1947 692 1982 721 et
2010 698 2049 722 se
2079 698 2172 733 esse,
2195 695 2229 724 et
2257 688 2327 725 alia
2347 689 2371 727 ζ.
2403 691 2480 728 Sed

1417 748 1458 772 se
1486 743 1527 772 ut
1554 736 1687 784 finem,
1718 737 1790 774 alia
1817 749 1912 775 vero
1940 745 1982 774 ut
2010 739 2058 776 ad
2086 739 2225 787 finem,
2254 741 2478 790 inquantum

1418 789 1603 826 condecet
1632 790 1799 827 divinam
1831 791 2040 828 bonitatem
2070 791 2183 830 etiam
2211 801 2226 824 η
2260 794 2330 831 6116
2357 795 2479 844 ipsam

1415 842 1650 891 participare.

1469 897 1528 932 AD
1557 908 1695 934 PRIMUM
1723 907 1822 933 ERGO
1851 908 2035 934 DICENDUM
2064 897 2180 946 quod,
2205 898 2290 936 licet
2308 899 2480 938 divinum

1415 949 1514 985 velle
1544 949 1590 986 sit
1618 949 1698 986 eius
1727 961 1810 986 esse
1840 949 2052 986 secundum
2080 962 2175 998 rem,
2200 958 2329 989 tamen
2357 953 2481 991 differt

1417 1001 1575 1048 ratione,
1600 1003 1813 1039 secundum
1842 1003 2036 1040 diversum
2065 1003 2227 1041 modum
2254 1005 2481 1054 intelligendi

1417 1062 1452 1090 et
1480 1054 1728 1103 significandi,
1749 1063 1791 1092 ut
1810 1068 1855 1092 ex
1885 1056 2144 1105 superioribus
2163 1056 2183 1078 ’¹‘
2209 1065 2323 1106 patet.
2346 1060 2387 1096 In
2407 1060 2481 1096 1106

1417 1106 1519 1144 6111111
1548 1109 1653 1157 quod
1682 1109 1767 1146 dico
1801 1110 1926 1146 Deum
1955 1121 2044 1155 esse,
2065 1121 2143 1146 non
2163 1109 2389 1159 importatur
2415 1113 2481 1149 ha-

1417 1160 1548 1197 bitudo
1578 1161 1626 1198 ad
1647 1161 1800 1211 aliquid,
1831 1162 1927 1199 sicut
1953 1162 1991 1199 in
2019 1162 2094 1199 hoc
2114 1163 2219 1211 quod
2244 1164 2328 1202 dico
2354 1166 2479 1203 Deum

1414 1213 1519 1251 velle.
1550 1214 1599 1251 Et
1626 1214 1735 1262 ideo,
1766 1215 1852 1252 licet
1879 1227 1959 1252 non
1987 1215 2032 1252 sit
2064 1215 2204 1265 aliquid
2239 1217 2340 1255 aliud
2369 1231 2391 1255 a
2418 1231 2479 1267 se,

1414 1267 1498 1303 vult
1525 1274 1654 1304 tamen
1683 1268 1824 1317 aliquid
1852 1268 1955 1306 aliud
1982 1280 2005 1305 a
2033 1280 2085 1306 se.

1469 1321 1528 1356 An
1558 1332 1747 1358 SECUNDUM
1776 1333 1961 1359 DlCENDUM
1998 1322 2103 1370 quod
2130 1322 2169 1359 in
2197 1322 2254 1359 his
2286 1335 2384 1371 quae
2412 1337 2480 1362 vo-

1415 1373 1542 1410 lumus
1561 1381 1718 1422 propter
1737 1374 1866 1422 finem,
1888 1382 1967 1412 tota
1986 1374 2080 1411 ratio
2101 1375 2285 1413 movendi
2305 1384 2360 1414 est
2378 1377 2480 1415 finis:

1417 1433 1453 1462 et
1480 1426 1556 1463 hoc
1585 1434 1640 1463 est
1667 1427 1774 1477 quod
1802 1435 1936 1465 movet
1962 1428 2210 1466 voluntatem.
2232 1430 2282 1466 Et
2298 1430 2374 1467 hoc
2402 1443 2482 1468 ma-

1415 1478 1517 1516 xime
1546 1488 1704 1529 apparet
1732 1480 1770 1517 in
1798 1480 1856 1518 his
1889 1493 1987 1531 quae
2015 1482 2195 1519 volumus
2220 1489 2366 1520 tantum
2393 1496 2481 1532 pro-

1414 1540 1499 1582 pter
1535 1533 1668 1570 finem.
1699 1534 1775 1581 Qui
1805 1534 1908 1571 enim
1944 1535 2026 1571 vult
2054 1547 2207 1572 sumere
2242 1536 2441 1585 potionem
2469 1535 2482 1557 ⁰

1416 1598 1600 1634 amaram,
1622 1586 1714 1624 nihil
1742 1587 1781 1624 in
1811 1600 1855 1624 ea
1885 1588 1966 1625 vult
1993 1587 2063 1624 nisi
2097 1588 2314 1626 sanitatem:
2344 1597 2380 1626 et
2407 1591 2482 1627 hoc

1416 1639 1542 1676 solum
1571 1647 1627 1676 est
1664 1640 1769 1689 quod
1806 1648 1939 1678 movet
1967 1641 2046 1678 eius
2083 1642 2332 1679 voluntatem.
2364 1643 2481 1680 Secus

1416 1700 1545 1730 autem
1585 1701 1639 1730 est
1670 1693 1709 1731 in
1739 1706 1784 1730 eo
1823 1694 1887 1743 qui
1925 1694 2040 1731 sumit
2074 1694 2273 1743 potionem
2307 1695 2479 1743 dulcem,

1416 1758 1533 1794 quarn
1562 1758 1642 1783 non
1669 1747 1795 1783 solum
1830 1755 1987 1797 propter
2015 1747 2232 1795 sanitatem,
2263 1748 2331 1785 sed
2368 1749 2480 1786 etiam

1414 1806 1570 1848 propter
1598 1812 1638 1837 se
1667 1800 1802 1848 aliquis
1829 1801 1927 1838 velle
1955 1808 2090 1849 potest.
2118 1801 2240 1849 Unde,
2269 1814 2356 1838 cum
2375 1803 2481 1839 Deus

1415 1852 1487 1889 alia
1507 1864 1529 1889 a
1549 1865 1589 1889 se
1618 1865 1698 1890 non
1725 1853 1817 1890 velit
1843 1853 1914 1890 nisi
1942 1861 2098 1903 propter
2116 1854 2235 1891 finem
2255 1855 2320 1903 qui
2341 1863 2396 1892 est
2413 1867 2481 1892 sua

1415 1905 1576 1952 bonitas,
1606 1914 1647 1943 ut
1675 1906 1819 1944 dictum
1849 1914 1904 1943 est
1921 1906 1952 1954 *,
1983 1919 2062 1943 11011
2090 1908 2258 1955 sequitur
2286 1909 2391 1956 quod
2416 1908 2480 1944 ali-

1414 1958 1506 2006 quid
1535 1958 1635 1996 aliud
1665 1967 1822 1997 moveat
1852 1960 2090 1997 voluntatem
2120 1960 2199 1997 eius
2232 1960 2302 1997 nisi
2331 1961 2480 1998 bonitas

1415 2024 1494 2048 sua.
1524 2012 1574 2048 Et
1601 2012 1665 2060 sic,
1700 2012 1795 2050 sicut
1828 2012 1900 2050 alia
1928 2025 1951 2049 a
1975 2025 2016 2050 se
2044 2013 2211 2061 intelligit
2237 2014 2478 2062 intelligendo

1415 2065 1616 2102 essentiam
1645 2078 1766 2114 suam,
1793 2066 1843 2103 ita
1871 2066 1942 2103 alia
1970 2079 1993 2103 a
2022 2079 2062 2103 se
2089 2067 2182 2115 vult,
2210 2067 2380 2104 volendo
2408 2068 2477 2104 bo-

1414 2125 1570 2155 nitatem
1600 2131 1720 2155 suam.

1468 2173 1526 2207 An
1555 2183 1714 2208 TERTIUM
1743 2183 1926 2209 DICENDUM
1959 2172 2065 2220 quod
2094 2184 2139 2208 ex
2175 2172 2250 2209 hoc
2278 2173 2384 2222 quod
2410 2185 2479 2210 vo-

1415 2224 1546 2261 luntati
1575 2224 1727 2261 divinae
1756 2224 1894 2262 sufficit
1922 2237 1990 2262 sua
2018 2225 2178 2272 bonitas,
2204 2237 2283 2263 non
2311 2226 2481 2274 sequitur

1415 2277 1520 2325 quod
1548 2277 1639 2314 nihil
1659 2277 1762 2314 aliud
1788 2277 1899 2314 velit:
1930 2278 1998 2315 sed
2026 2278 2132 2325 quod
2155 2277 2246 2315 nihil
2274 2279 2375 2316 aliud
2399 2280 2481 2317 vult

1415 2330 1485 2366 nisi
1514 2330 1660 2367 ratione
1683 2343 1774 2367 suae
1804 2331 1991 2368 bonitatis.
2014 2331 2118 2368 Sicut
2137 2331 2249 2368 etiam
2273 2332 2481 2369 intellectus

1417 2383 1578 2431 divinus,
1599 2384 1685 2420 licet
1713 2384 1758 2421 sit
1785 2384 1974 2433 perfectus
2004 2396 2048 2421 ex
2075 2385 2150 2421 hoc
2178 2385 2262 2433 ipso
2292 2385 2395 2434 quod
2425 2398 2481 2423 es-

1416 2436 1577 2473 sentiam
1607 2437 1775 2474 divinam
1806 2437 2013 2486 cognoscit,
2043 2445 2172 2475 tamen
2200 2437 2239 2475 in
2268 2450 2312 2475 ea
2341 2451 2479 2487 cogno-

1417 2489 1485 2527 scit
1513 2489 1595 2526 alia.

1470 2544 1529 2579 AD
1559 2554 1731 2585 QUARTUM
1750 2554 1933 2580 DICENDUM
1953 2542 2068 2591 quod,
2090 2543 2185 2580 sicut
2203 2542 2404 2591 intelligere
2425 2544 2478 2581 di-

1416 2595 1552 2633 vinum
1569 2603 1624 2632 est
1638 2608 1771 2642 unum,
1789 2595 1876 2644 quia
1891 2597 2012 2632 multa
2030 2608 2109 2633 non
2122 2596 2227 2633 videt
2241 2596 2311 2633 nisi
2331 2596 2369 2633 in
2383 2610 2478 2644 uno;

1418 2649 1467 2685 ita
1482 2649 1579 2685 velle
1601 2648 1773 2685 divinum
1795 2656 1850 2685 est
1867 2661 1988 2685 unum
2008 2657 2044 2686 et
2063 2646 2233 2698 simplei't,
2254 2649 2342 2698 quia
2361 2651 2480 2687 multa

1417 2714 1497 2738 non
1524 2702 1605 2738 vult
1632 2701 1702 2738 nisi
1732 2714 1801 2750 per
1837 2714 1976 2749 unum,
2008 2702 2113 2751 quod
2143 2709 2197 2739 est
2225 2702 2373 2740 bonitas
2399 2715 2479 2740 sua.

1468 2817 1490 2848 ε)
1511 2816 1664 2840 voluntatis.
1682 2830 1700 2834 -
1719 2816 1845 2840 bonitatis
1863 2816 1985 2840 ABCDE.

1468 2851 1493 2884 ζ)
1512 2854 1539 2876 et
1556 2858 1584 2876 se
1602 2858 1665 2880 esse,
1683 2855 1709 2876 et
1721 2852 1784 2876 alia.
1802 2864 1821 2871 ·-
1839 2858 1866 2876 56
1885 2855 1911 2876 et
1929 2851 1984 2876 alia
2003 2858 2020 2876 a
2039 2858 2066 2876 se
2084 2852 2113 2880 B,
2132 2859 2160 2877 se
2178 2855 2204 2876 et
2222 2853 2277 2877 alia
2296 2859 2351 2877 esse
2369 2853 2400 2883 D,
2415 2856 2441 2877 et
2454 2860 2482 2878 se

1415 2889 1442 2911 et
1459 2887 1514 2911 alia
1533 2893 1588 2911 esse
1606 2886 1691 2915 ceteri,
1711 2889 1737 2911 et
1754 2894 1782 2911 56
1799 2890 1826 2911 et
1844 2887 1899 2911 alia
1917 2889 1957 2911 est
1975 2887 2015 2911 ed.
2035 2894 2060 2911 a.

1468 2922 1494 2954 η)
1514 2922 1603 2946 etiam.
1621 2935 1640 2940 —
1659 2922 1720 2947 Om.
1740 2921 1849 2946 codices.

1469 2955 1493 2989 θ)
1508 2957 1654 2989 potionem.
1673 2971 1693 2976 -
1708 2957 1874 2989 potationem
1894 2958 1927 2988 F;
1947 2963 1972 2982 et
1990 2958 2024 2982 ita
2042 2965 2102 2982 mox
2121 2957 2174 2982 FG.

973 3045 1306 3078 Commentaria.
1330 3045 1580 3079 cardinalis
1602 3044 1804 3078 Caietam

357 3143 464 3164 tronus
481 3134 591 3165 clarus.
605 3152 625 3157 —
640 3134 675 3164 In
691 3144 822 3174 corpore
838 3134 969 3171 articuli,
988 3136 1066 3166 duo:
1092 3135 1207 3176 primo,
1233 3146 1364 3176 respon-

299 3145 410 3208 Tdet
433 3178 586 3218 quaesito,
611 3179 701 3220 quod
717 3179 760 3209 sic
780 3185 839 3214 est;
860 3180 1011 3216 secundo,
1031 3180 1170 3211 ostendit
1193 3180 1361 3221 quomodo

297 3228 352 3258 est,
377 3222 410 3252 in
434 3222 526 3258 calce,
550 3222 612 3253 ibi:
637 3223 701 3254 Sed
723 3233 757 3254 se
781 3228 816 3253 ut
828 3223 934 3264 finem
948 3222 977 3255 θ.

352 3266 469 3303 Quoad
486 3267 642 3306 primum,
659 3267 821 3298 conclusio
841 3267 1023 3308 responsiva
1047 3274 1108 3299 est:
1133 3268 1219 3298 Deus
1242 3268 1311 3299 vult
1330 3278 1362 3298 se

298 3317 328 3341 et
345 3310 414 3341 alia.
428 3327 446 3332 -
459 3310 622 3342 Probatur.
639 3311 701 3342 Res
718 3311 883 3348 naturales,
899 3311 1091 3352 inquantum
1107 3312 1262 3353 perfectae
1279 3319 1361 3348 sunt,

298 3354 479 3385 naturaliter
501 3354 692 3386 inclinantur
719 3356 758 3386 ad
786 3356 1091 3387 communicandum
1120 3366 1216 3386 suum
1239 3357 1363 3387 bonum

298 3399 380 3428 aliis:
406 3408 480 3438 ergo
498 3399 537 3428 ad
553 3398 708 3430 rationem
724 3400 895 3431 voluntatis
919 3400 1062 3441 pertinet,
1080 3407 1116 3431 ut
1131 3400 1255 3431 bonurn
1274 3401 1363 3442 quod

297 3442 368 3483 quis
392 3442 494 3478 habet,
511 3442 578 3472 aliis
602 3444 831 3475 communicet:
856 3455 930 3485 ergo
954 3445 1016 3475 hoc
1039 3445 1206 3485 praecipue
1230 3445 1364 3485 pertinet

298 3487 338 3517 ad
360 3487 557 3517 voluntatem
582 3486 738 3518 divinam:
764 3498 838 3529 ergo
862 3489 957 3520 Deus.
971 3489 1040 3520 vult
1063 3499 1095 3520 se
1119 3496 1150 3520 et
1173 3489 1241 3520 alia.

353 3531 550 3561 Antecedens
575 3531 756 3567 declaratur,
779 3540 809 3563 et
831 3534 992 3573 probatur.
1015 3533 1198 3564 Declaratur
1222 3533 1362 3574 quidem,

299 3575 522 3615 distinguendo
548 3575 709 3615 duplicem
731 3575 968 3608 inclinationem
991 3584 1138 3608 naturae:
1164 3577 1298 3614 scilicet,
1324 3578 1363 3607 ad

299 3620 422 3650 bonum
446 3619 629 3659 proprium,
662 3626 692 3650 et
715 3619 860 3651 aliorum.
892 3622 1047 3653 Probatur
1069 3632 1144 3653 vero
1169 3623 1207 3652 ab
1233 3621 1361 3652 effectu:

441 3681 550 3705 SUMMAE
570 3680 670 3704 TnEor..
691 3680 722 3704 D.
741 3680 855 3705 TaoMAE
875 3681 906 3705 T.
926 3682 944 3706 Ι.

1417 3135 1491 3176 quia
1515 3145 1611 3165 omne
1635 3144 1729 3174 agens
1753 3134 1929 3175 perfectum
1953 3134 2016 3174 agit
2039 3134 2096 3164 sibi
2121 3133 2232 3164 simile.
2249 3152 2268 3156 -
2284 3133 2389 3164 Prima
2405 3143 2480 3164 con-

1418 3179 1580 3220 sequentia
1610 3179 1762 3218 probatur
1785 3188 1822 3209 ex
1845 3178 2075 3219 proportionali
2099 3178 2302 3208 similitudine
2324 3178 2405 3209 inter
2427 3188 2481 3208 na-

1417 3223 1552 3255 turalem
1574 3223 1811 3253 inclinationem
1835 3230 1865 3253 et
1893 3223 2088 3258 rationalem,
2114 3232 2195 3262 quae
2215 3229 2260 3252 est
2286 3222 2443 3253 voluntas.
2461 3240 2482 3245 -

1418 3268 1562 3299 Secunda
1581 3274 1688 3297 autem
1704 3268 1871 3307 probatur:
1896 3267 1971 3308 quia
1987 3277 2004 3297 a
2021 3267 2125 3297 divina
2140 3267 2301 3296 voluntate
2325 3266 2482 3297 derivatur

1419 3312 1522 3342 omnis
1546 3310 1695 3351 perfectio
1720 3318 1872 3353 tanquam
1891 3311 1935 3342 illi
1952 3311 2070 3347 similis,
2089 3318 2124 3341 ut
2143 3311 2258 3340 domus
2274 3310 2308 3340 in
2326 3310 2418 3351 lignis
2435 3317 2482 3341 est

1418 3356 1527 3386 similis
1551 3355 1663 3386 domui
1686 3355 1801 3386 volitae
1818 3356 1856 3386 ab
1872 3354 1998 3386 artifice.
2014 3373 2033 3377 —
2050 3355 2156 3385 Tertia
2172 3361 2279 3385 autem
2294 3354 2482 3395 probatione

1418 3410 1482 3430 non
1507 3406 1585 3440 eget.

1472 3445 1508 3474 11.
1536 3443 1626 3474 Circa
1656 3443 1742 3474 hunc
1769 3453 1955 3483 processum
1979 3443 2113 3473 dubium
2144 3449 2199 3473 est.
2223 3443 2392 3473 Processus
2423 3442 2481 3473 iste

1418 3489 1541 3518 videtur
1564 3487 1688 3518 fundari
1711 3487 1744 3517 in
1768 3487 1838 3523 hoc,
1857 3487 1945 3528 quod
1968 3487 2125 3528 quidquid
2148 3486 2348 3527 perfectionis
2378 3493 2423 3517 est
2448 3487 2481 3517 in

1418 3532 1573 3567 inferiori,
1600 3532 1786 3572 ponendum
1810 3538 1857 3562 est
1880 3531 2157 3571 proportionaliter
2179 3531 2212 3561 in
2236 3531 2399 3571 superiori.
2424 3531 2482 3562 Su-

1418 3586 1472 3617 per
1497 3577 1558 3606 hoc
1591 3576 1676 3606 enirn
1699 3575 1822 3606 videtur
1853 3575 1976 3606 fundari
2008 3582 2073 3605 tam
2096 3574 2199 3615 prima
2222 3585 2320 3615 quam
2344 3575 2481 3605 secunda

1419 3620 1655 3660 consequentia.
1683 3619 1786 3650 Prima
1814 3620 1958 3660 quidem,
1984 3619 2147 3660 quoniam,
2173 3629 2208 3649 ex
2231 3629 2297 3660 quo
2321 3619 2482 3649 inclinatio

2308 3678 2340 3703 30

2509 1064 2518 1073 ·
2527 1063 2575 1091 Qu.
2585 1069 2634 1091 xm,
2645 1068 2686 1086 art.
2694 1070 2718 1091 4.

2507 1918 2517 1926 ·
2533 1916 2559 1938 111
2574 1922 2682 1944 corpore.
