2768 4178
0 47 9 79 l.

0 829 13 866 f,
48 837 129 888 {aad
134 844 174 866 qu.
194 845 247 861 xuv
253 855 260 867 ,

146 901 164 919 α

24 1030 26 1032 v
49 1001 62 1013 ⁸
75 1001 124 1030 Qu.
138 1007 217 1024 xum.

45 1053 160 1082 ‘th

18 1667 20 1670 ’
42 1672 56 1686 ·
69 1671 244 1700 quami-14.

141 1726 160 1754 t

42 1887 54 1898 ¹
62 1886 180 1915 Quat-m
187 1890 229 1910 m.
235 1892 256 1916 3.

39 2153 51 2164 '
65 2151 125 2174 Ibid.
139 2155 182 2175 nrt.
195 2158 219 2180 4.

6 2264 10 2265 ’
38 2260 51 2274 *
64 2260 168 2290 Ver-4,
181 2267 205 2290 7.

41 2849 52 2859 ·
65 2847 128 2870 Vide
140 2847 254 2875 Arlutot„

41 2873 152 2903 Hyde„
173 2874 214 2896 lib.
229 2874 255 2902 1,

41 2906 96 2950 finf-
106 2907 139 2928 tv,
149 2907 173 2923 a.
181 2907 204 2928 ις
213 2901 255 2923 lib.

42 2954 70 2981 σς
78 2933 126 2976 tui?
127 2933 194 2981 51¹1*ss
201 2933 254 2983 '233'

41 2986 74 3008 ιι,
88 2986 113 3003 n.
125 2987 148 3010 3.

42 3011 54 3022 ²
67 3011 129 3034 vide
141 3011 200 3034 ibid.

0 3120 4 3147 ’ζ
41 3112 52 3124 ·
58 3112 107 3140 Qu.
114 3117 176 3140 mv,
184 3115 227 3135 nrt.
233 3118 254 3134 2.

976 231 1242 277 QUAESTIO
1272 236 1430 284 XLvn,
1459 239 1755 278 ART1CULUS
1784 242 1798 277 1

679 455 1092 532 QUAESTIO
1133 459 2091 535 QUDRAGESIMASEPTIMA
2142 544 2147 548 ⁸

591 575 692 616 DE
740 575 1331 619 DISTINCTIONE
1377 581 1644 624 RERUM
1690 586 1763 626 IN
1810 587 2176 631 COMMUNI

1123 688 1158 713 IN
1187 687 1278 713 TRES
1305 690 1507 717 ARTICULOS
1535 693 1651 719 DIVISA

364 834 610 871 siderandum
640 841 696 871 est
720 834 767 872 de
796 833 1035 872 distinctione
1064 846 1196 871 earum
1215 834 1246 872 ³³.
1277 835 1357 872 Erit

289 894 419 924 autem
442 887 538 924 haec
565 887 818 925 consideratio
847 887 1038 937 tripartita.
1069 888 1172 925 Nam
1192 888 1319 936 primo
1338 895 1355 910 α

288 940 617 978 considerabimus
647 941 695 978 de
719 940 956 978 distinctione
976 953 1104 978 rerum
1124 941 1163 978 in
1183 953 1356 978 commu-

294 791 434 874 posr
460 780 757 830 productionem
788 788 1045 818 creaturarum
1073 781 1112 818 in
1141 794 1236 828 esse,
1267 795 1354 820 con-

289 993 344 1040 ni;
370 994 552 1041 secundo,
575 994 622 1032 de
643 993 883 1031 distinctione
903 994 995 1031 boni
1015 1002 1051 1031 et
1068 994 1158 1031 mali
1177 993 1213 1041 *3
1234 994 1355 1042 tertio,

287 1046 338 1084 de
354 1047 593 1085 distinctione
613 1047 814 1097 spiritualis
835 1055 871 1084 et
891 1047 1098 1096 corporalis
1119 1055 1312 1085 creaturae
1323 1047 1353 1084 *.

1413 784 1523 822 Circa
1550 786 1716 834 primum
1745 799 1977 837 quaeruntur
2003 793 2072 829 tria
2090 792 2118 830 β.

1465 851 1612 889 Primo:
1642 854 1688 891 de
1717 855 1799 904 ipsa
1827 869 1953 894 rerum
1982 859 2218 898 multitudine
2246 874 2313 899 seu
2343 863 2470 901 distin-

1521 926 1655 956 ctlone.

1467 984 1666 1022 Secundo:
1697 986 1744 1023 de
1774 1000 1903 1026 earum
1931 990 2204 1040 inaequalitate.

1466 1049 1616 1087 Tertio:
1645 1051 1693 1088 de
1721 1053 1862 1091 unitate
1891 1057 2034 1094 mundi.

1100 1157 1418 1199 ARTICULUS
1451 1159 1656 1202 PRIMUS

765 1250 923 1281 UTRUM
946 1250 1098 1281 RERUM
1121 1250 1386 1282 MULTITUDO
1409 1251 1467 1282 ET
1491 1252 1739 1285 DISTINCTIO
1764 1255 1830 1286 s1T
1853 1259 1882 1286 A
1904 1257 1992 1289 ΒΕΘ

590 1329 611 1354 11
632 1329 709 1354 Cont.
731 1329 817 1357 Gent„
838 1336 893 1362 cap.
912 1336 986 1353 xxxix
1004 1336 1090 1361 usque
1108 1336 1158 1353 ην
1176 1328 1282 1360 inclus.;
1302 1329 1346 1353 lib.
1365 1329 1405 1360 111,
1425 1338 1481 1363 cap.
1500 1338 1581 1361 xcv113
1602 1332 1643 1356 De
1661 1332 1728 1361 Por„
1748 1341 1791 1366 qu.
1810 1342 1847 1365 111,
1867 1341 1914 1360 art.
1933 1344 1953 1367 1,
1972 1337 2004 1361 ad
2023 1345 2051 1369 95
2071 1343 2117 1363 art.
2135 1338 2178 1370 163

719 1364 864 1396 Compend.
886 1363 983 1394 TIneol„
1003 1371 1059 1397 cap.
1078 1371 1150 1394 Lm,
1170 1371 1251 1394 uxn,
1270 1371 1321 1395 cu3
1340 1365 1386 1389 XII
1405 1365 1567 1399 Metaphys„
1588 1367 1645 1392 lect.
1664 1375 1697 1398 ιη
1718 1369 1759 1393 De
1780 1370 1881 1399 Causis,
1901 1372 1957 1396 lect.
1976 1380 2041 1397 xxxv.

322 1467 385 1503 ἶφι
409 1474 477 1517 aa<
499 1467 522 1492 ι)
551 1466 689 1492 Palmum
716 1465 770 1491 Slc
798 1447 1039 1491 puocamw'a.
1060 1452 1219 1489 Videtur
1248 1453 1352 1501 quod

500 1520 628 1546 rerum
657 1507 860 1544 multitudo
899 1514 936 1543 et
971 1505 1158 1543 distinctio
1193 1517 1272 1542 non
1310 1505 1355 1542 sit

325 1599 328 1605 ,
352 1599 353 1602 ,
446 1563 470 1601 “6
500 1574 522 1598 a
550 1563 648 1598 Deo.
669 1561 800 1598 Unum
829 1560 932 1597 enim
961 1571 1115 1608 semper
1142 1566 1275 1596 natum
1299 1566 1355 1595 est

345 1604 620 1651 ÷''‘1'›‘Kunum
658 1614 794 1651 facere.
830 1613 908 1650 Sed
942 1613 1049 1649 Deus
1092 1620 1148 1649 est
1185 1611 1353 1649 maxime

280 1670 395 1716 unus,
415 1675 459 1705 ut
486 1680 531 1705 ex
558 1667 778 1717 praemissis
797 1666 817 1689 '¹‘
843 1673 958 1716 patet.
980 1666 1083 1715 Ergo
1104 1677 1183 1702 non
1210 1665 1353 1715 produ-

285 1721 333 1759 cit
350 1726 366 1749 7
393 1721 464 1759 nisi
491 1733 614 1759 unum
644 1721 836 1758 effectum.
911 1727 914 1730 '

339 1786 374 1812 2.
410 1776 632 1812 PRAETEREA
648 1803 658 1822 ,
702 1774 962 1823 exemplatum
1009 1772 1237 1810 assimilatur
1282 1783 1352 1809 suo

284 1828 504 1877 exemplari.
533 1828 611 1865 Sed
644 1829 751 1865 Deus
789 1835 845 1864 est
878 1839 994 1864 causa
1031 1825 1258 1875 exemplaris
1296 1825 1354 1862 sui

284 1880 453 1930 effectus,
474 1888 516 1918 ut
543 1893 658 1930 supra
685 1881 705 1903 ’¹‘
734 1881 877 1918 dictum
906 1888 973 1918 est.
995 1880 1110 1928 Ergo,
1132 1891 1220 1917 cum
1248 1880 1353 1916 Deus

283 1934 330 1972 sit
356 1947 477 1983 unus,
506 1935 665 1972 effeetus
693 1934 775 1972 eius
804 1941 860 1971 est
890 1946 991 1972 unus
1019 1940 1183 1982 tantum,
1211 1940 1247 1970 et
1274 1945 1353 1970 non

284 1987 491 2026 distinctus.

339 2042 373 2080 3.
396 2043 631 2089 PRAETEREA,
653 2053 698 2078 ea
726 2053 825 2091 quae
854 2048 941 2079 sunt
961 2041 1010 2079 ad
1037 2042 1170 2088 finem,
1190 2053 1352 2090 propor-

281 2094 475 2132 tionantur
502 2095 581 2132 fini.
605 2095 683 2132 Sed
710 2094 798 2132 finis
827 2103 1022 2132 creaturae
1052 2102 1108 2132 est
1134 2107 1252 2142 unuS,
1284 2095 1352 2132 sci-

281 2147 368 2185 licet
388 2148 518 2186 divina
537 2148 698 2196 bonitas,
718 2155 761 2185 ut
779 2160 893 2198 supra
906 2148 927 2171 '¹‘
941 2156 1138 2186 ostensum
1159 2156 1226 2185 est.
1247 2149 1351 2197 Ergo

284 2201 441 2239 effectus
470 2201 544 2239 Dei
571 2214 651 2239 non
681 2209 736 2238 est
764 2201 835 2239 nisi
861 2214 974 2239 unus.

338 2255 412 2293 SED
442 2267 588 2293 CONTRA
620 2267 687 2292 EST
720 2255 827 2304 quod
856 2255 991 2293 dicitur
1022 2255 1115 2293 Gen.
1138 2255 1207 2303 1³¹⁵,
1246 2256 1352 2305 quod

281 2309 389 2346 Deus
417 2309 587 2346 distinxit
611 2308 732 2345 lucem
760 2320 785 2346 a
813 2309 990 2355 tenebris,
1021 2317 1058 2345 et
1084 2309 1209 2346 divisit
1233 2322 1353 2358 aquas

275 2361 331 2399 ab
356 2362 476 2411 aquis.
508 2362 611 2410 Ergo
642 2361 829 2399 distinctio
859 2370 896 2399 et
924 2362 1127 2400 multitudo
1147 2375 1277 2400 rerum
1298 2371 1354 2400 est

282 2427 305 2452 a
332 2416 431 2452 Deo.

337 2469 565 2505 Responzo
594 2480 779 2506 mCENDUM
801 2469 907 2518 quod
927 2482 1082 2507 causam
1105 2469 1352 2507 distinctionis

282 2533 412 2558 rerum
428 2519 442 2543 ὃ
461 2521 714 2571 multipliciter
733 2521 847 2571 aliqui
861 2523 1160 2571 assignaverunt.
1182 2523 1352 2571 Quidam

282 2574 386 2612 enim
406 2574 656 2612 attribuerunt
685 2587 771 2612 eam
799 2577 992 2625 materiae,
1012 2577 1075 2614 vel
1094 2576 1165 2614 soli
1179 2583 1202 2624 ⁸,
1222 2578 1285 2614 vel
1305 2577 1353 2614 si-

282 2629 364 2665 mul
393 2640 482 2665 cum
510 2637 656 2677 agente.
697 2628 776 2666 Soli
804 2629 962 2678 quidem
990 2630 1173 2667 materiae
1193 2630 1226 2678 ζ,
1257 2630 1353 2668 sicut

283 2681 541 2730 Democritus,
564 2690 600 2719 et
619 2694 757 2719 omnes
777 2683 921 2731 antiqui
941 2685 1144 2732 naturales,
1164 2692 1352 2733 ponentes

283 2735 406 2772 solam
437 2748 593 2773 causam
622 2735 879 2773 materialem:
910 2738 1124 2775 secundum
1153 2750 1251 2786 quos
1281 2738 1353 2775 dis-

282 2788 411 2825 tinctio
432 2801 561 2826 rerum
589 2789 768 2838 provenit
787 2802 809 2826 a
829 2802 931 2837 casu,
961 2792 1172 2828 secundum
1201 2799 1351 2828 motum

283 2842 462 2879 materiae
477 2842 507 2880 ³¹⁶.
529 2864 553 2871 -
575 2843 757 2880 Materiae
777 2855 872 2880 vero
893 2851 930 2880 et
949 2844 1073 2892 agenti
1094 2845 1206 2881 simul
1227 2844 1352 2883 distin-

285 2895 452 2933 ctionem
482 2904 518 2934 et
546 2896 828 2933 multitudinem
858 2909 987 2934 rerum
1008 2897 1174 2935 attribuit
1201 2900 1352 2935 Anaxa-

247 2969 254 2976 ·
283 2961 406 2997 goras,
429 2950 495 2998 qui
522 2949 651 2999 posuit
678 2950 910 2987 intellectum
949 2950 1242 2999 distinguentem
1270 2964 1350 2999 res,

283 3003 516 3041 extrahendo
546 3003 652 3053 quod
680 3011 761 3040 erat
778 3003 1011 3053 permixtum
1031 3004 1070 3041 in
1090 3005 1248 3042 materia
1266 3004 1298 3042 ²¹⁶.

337 3056 415 3093 Sed
442 3057 518 3094 hoc
544 3069 624 3094 non
643 3063 769 3106 potest
791 3064 889 3094 stare
915 3065 1073 3107 propter
1102 3058 1192 3096 duo.
1222 3058 1352 3095 Primo

283 3109 451 3158 quidem,
481 3109 571 3159 quia
599 3123 713 3159 supra
741 3110 761 3132 '¹‘
789 3118 986 3148 ostensum
1021 3119 1077 3148 est
1105 3111 1211 3160 quod
1241 3111 1352 3148 etiam

283 3163 366 3212 ipsa
394 3163 552 3200 materia
580 3175 603 3200 a
631 3165 716 3200 Deo
747 3171 872 3201 creata
901 3172 967 3202 est.
995 3165 1107 3202 Unde
1137 3164 1288 3214 oportet
1317 3172 1353 3200 et

284 3215 577 3264 distinctionem,
607 3217 639 3254 si
657 3229 734 3267 qua
754 3225 810 3254 est
839 3229 884 3254 ex
901 3225 1009 3267 parte
1029 3218 1222 3265 materiae,
1242 3218 1281 3254 in
1302 3218 1352 3254 al-

283 3269 420 3306 tiorem
440 3282 596 3307 causam
617 3270 812 3308 reducere.
829 3292 853 3298 -
875 3271 1067 3319 Secundo,
1089 3271 1178 3320 quia
1196 3270 1353 3308 materia

285 3330 341 3359 est
359 3329 516 3372 propter
534 3323 712 3372 formam,
733 3331 770 3361 et
789 3337 869 3361 non
889 3336 909 3361 e
930 3337 1129 3363 converso.
1151 3323 1351 3362 Distinctio

1409 1461 1537 1491 autem
1566 1467 1693 1493 rerum
1723 1465 1778 1494 est
1803 1471 1873 1507 per
1899 1460 2042 1498 formas
2060 1463 2245 1511 proprias.
2266 1465 2357 1502 Non
2377 1478 2464 1514 ergo

1409 1507 1596 1545 distinctio
1639 1516 1695 1546 est
1722 1510 1760 1547 in
1801 1513 1914 1549 rebus
1955 1522 2110 1563 propter
2151 1517 2367 1555 materiam:
2398 1519 2464 1556 sed

1407 1561 1534 1610 potius
1563 1574 1584 1598 e
1614 1575 1801 1601 converso
1830 1565 1868 1601 in
1897 1567 2053 1604 materia
2095 1577 2217 1606 creata
2246 1578 2301 1607 est
2338 1571 2464 1608 diffor-

1408 1614 1530 1662 mitas,
1551 1623 1593 1651 ut
1620 1624 1718 1653 esset
1746 1617 1902 1655 diversis
1930 1620 2060 1657 formis
2088 1623 2377 1661 accommodata
2395 1632 2423 1661 η.

1462 1668 1630 1715 Quidam
1650 1682 1744 1707 vero
1764 1671 2010 1709 attribuerunt
2038 1673 2314 1713 distinctionem
2338 1689 2464 1715 rerum

1409 1722 1585 1759 secundis
1600 1723 1807 1771 agentibus.
1822 1724 1925 1762 Sicut
1933 1726 2142 1774 Avicenna,
2154 1729 2218 1777 qui
2233 1729 2323 1766 dixit
2331 1729 2351 1751 ²³⁶
2361 1730 2465 1778 quod

1409 1776 1526 1824 Deus,
1546 1776 1787 1825 intelligendo
1816 1790 1868 1825 se,
1889 1779 2067 1827 produxit
2083 1780 2363 1829 intelligentiam
2390 1783 2465 1832 pri-

1409 1841 1531 1866 mam:
1553 1842 1589 1866 1n
1610 1842 1696 1878 qua,
1713 1831 1801 1879 quia
1821 1844 1899 1868 non
1915 1840 1969 1869 est
1984 1845 2096 1869 suum
2122 1846 2214 1881 esse,
2237 1847 2280 1871 ex
2304 1836 2463 1873 necessi-

1407 1890 1482 1919 tate
1502 1882 1631 1920 incidit
1645 1884 1871 1932 compositio
1890 1886 2080 1934 potentiae
2096 1894 2131 1923 et
2150 1895 2264 1934 actus,
2280 1896 2320 1925 ut
2338 1889 2432 1926 infra
2445 1889 2465 1911 '³‘

1407 1936 1560 1985 patebit.
1592 1937 1654 1974 Sic
1682 1937 1791 1986 igitur
1817 1937 1940 1986 prima
1968 1938 2218 1987 intelligentia,
2239 1941 2463 1990 inquantum

1406 1989 1574 2038 intelligit
1601 2003 1756 2028 causam
1784 1991 1961 2040 primam,
1980 1993 2158 2041 produxit
2177 1994 2383 2032 secundam
2411 1995 2465 2032 in-

1407 2042 1666 2091 telligentiam3
1695 2041 1921 2092 inquantum
1941 2053 2068 2082 autem
2086 2045 2254 2094 intelligit
2272 2060 2313 2084 se
2332 2061 2467 2086 secun-

1408 2096 1501 2133 dum
1530 2097 1636 2145 quod
1664 2105 1720 2134 est
1737 2097 1776 2135 in
1803 2098 1983 2146 potentia,
2004 2099 2180 2147 produxit
2199 2112 2336 2150 corpus
2362 2101 2464 2149 caeli,

1407 2151 1512 2198 quod
1533 2157 1685 2196 movet;
1715 2150 1941 2199 inquantum
1969 2164 2063 2189 vero
2083 2151 2248 2201 intelligit
2276 2166 2315 2190 se
2335 2166 2466 2191 secun-

1408 2203 1500 2240 dum
1530 2203 1621 2241 illud
1645 2204 1749 2253 quod
1768 2204 1883 2242 habet
1911 2205 1958 2242 de
1978 2213 2075 2253 actu,
2093 2206 2271 2254 produxit
2299 2207 2466 2245 animam

1407 2256 1511 2294 caeli.

1462 2310 1538 2347 Sed
1565 2310 1642 2347 hoc
1669 2322 1748 2347 non
1775 2318 1901 2359 potest
1928 2318 2024 2348 stare
2052 2319 2206 2361 propter
2226 2312 2314 2353 duo.
2335 2313 2464 2350 Primo

1407 2363 1575 2413 quidem,
1609 2363 1699 2413 quia
1727 2376 1840 2413 supra
1867 2364 1888 2386 '¹‘
1906 2372 2100 2401 ostensum
2129 2372 2184 2402 est
2208 2365 2313 2413 quod
2341 2377 2465 2403 creare

1407 2417 1522 2454 solius
1550 2417 1622 2454 Dei
1643 2425 1708 2454 est.
1729 2417 1840 2454 Unde
1861 2430 1905 2454 ea
1931 2430 2027 2466 quae
2047 2430 2124 2454 non
2143 2426 2302 2467 possunt
2321 2419 2464 2456 causari

1407 2470 1476 2507 nisi
1504 2483 1574 2519 per
1602 2470 1843 2517 creationem,
1864 2483 1886 2507 a
1905 2471 1986 2507 solo
2015 2472 2099 2507 Deo
2119 2471 2399 2520 producuntur:
2430 2480 2466 2509 et

1406 2525 1501 2561 haec
1517 2531 1603 2560 sunt
1623 2523 1752 2560 omnia
1780 2536 1878 2572 quae
1906 2536 1985 2560 non
2013 2523 2209 2561 subiacent
2235 2525 2464 2572 generationi

1408 2585 1444 2614 et
1473 2576 1712 2626 corruptioni.
1733 2597 1757 2604 -
1779 2577 1976 2624 Secundo,
2011 2577 2101 2625 quia
2128 2577 2339 2615 secundum
2366 2578 2465 2615 hanc

1406 2630 1648 2680 positionem,
1678 2642 1757 2667 non
1797 2629 2015 2679 proveniret
2042 2642 2087 2666 ex
2115 2629 2319 2667 intentione
2351 2630 2464 2680 primi

1407 2684 1550 2732 agentis
1574 2683 1796 2720 universitas
1826 2695 1964 2730 rerum,
1985 2683 2052 2720 sed
2085 2695 2130 2719 ex
2159 2696 2345 2720 concursu
2369 2685 2463 2720 mul-

1406 2746 1530 2775 tarum
1561 2749 1759 2773 causarum
1789 2736 1992 2783 agentium.
2023 2737 2117 2773 Tale
2147 2744 2274 2773 autem
2304 2736 2463 2773 dicimus

1406 2790 1611 2840 provenire
1631 2802 1653 2826 a
1682 2802 1781 2826 casu.
1803 2789 1865 2825 Sic
1892 2789 2003 2836 igitur
2031 2790 2354 2837 complementum
2381 2789 2463 2826 uni-

1406 2844 1518 2891 versi,
1540 2843 1645 2891 quod
1664 2842 1702 2879 in
1723 2842 1936 2879 diversitate
1955 2854 2083 2878 rerum
2108 2842 2284 2890 consistit,
2315 2850 2413 2879 esset
2440 2855 2462 2879 a

1408 2910 1518 2934 casu:
1547 2896 1653 2944 quod
1681 2902 1737 2932 est
1764 2894 2008 2944 impossibile.

1460 2950 1570 2988 Unde
1600 2948 1805 2986 dicendum
1834 2956 1889 2984 est
1920 2948 2025 2996 quod
2054 2947 2237 2984 distinctio
2271 2959 2398 2984 rerum
2427 2955 2463 2984 et

1407 3002 1606 3040 multitudo
1637 3010 1692 3038 est
1719 3014 1764 3037 ex
1792 3001 1999 3037 intentione
2031 3000 2143 3049 primi
2170 3000 2327 3048 agentis,
2357 3000 2462 3048 quod

1408 3064 1462 3093 est
1481 3058 1597 3093 Deus.
1619 3054 1800 3091 Produxit
1819 3053 1920 3090 enim
1941 3066 1999 3090 res
2018 3053 2056 3090 in
2076 3065 2158 3090 esse
2177 3060 2333 3101 propter
2351 3066 2460 3090 suam

1407 3109 1615 3146 bonitatem
1644 3106 2004 3144 communicandam
2034 3106 2222 3153 creaturis,
2245 3114 2280 3142 et
2301 3118 2370 3155 per
2398 3118 2461 3143 eas

1406 3160 1777 3212 repraesentandam.
1807 3161 1856 3196 Et
1883 3159 1972 3208 quia
2008 3171 2077 3207 per
2108 3171 2223 3195 unam
2252 3166 2461 3196 creaturam

1407 3215 1635 3253 sufficienter
1650 3212 1921 3262 repraesentari
1936 3224 2013 3249 non
2027 3219 2162 3261 potest,
2174 3211 2350 3261 produxit
2363 3212 2462 3249 mul-

1406 3277 1461 3306 tas
1491 3274 1679 3304 creaturas
1713 3274 1749 3303 et
1777 3266 1956 3312 diversas,
1986 3271 2027 3301 ut
2054 3265 2157 3313 quod
2187 3264 2293 3301 deest
2318 3264 2385 3301 uni
2411 3264 2460 3302 ad

1406 3319 1765 3370 repraesentandam
1794 3318 1960 3356 divinam
1990 3318 2213 3366 bonitatem,
2243 3318 2463 3367 suppleatur

337 3446 364 3479 α)
383 3447 454 3471 Nam
468 3446 570 3479 primo.
586 3461 606 3466 -
623 3447 715 3473 Pm'mo
733 3448 803 3473 enim
821 3448 943 3473 ABCDE.

337 3481 362 3515 β)
385 3482 463 3507 Circa
473 3482 593 3514 primum
608 3486 776 3515 quaeruntur
794 3484 858 3509 tria.
875 3497 894 3503 -
912 3484 1001 3509 Codex
1016 3483 1165 3508 CXXXVIII
1182 3482 1351 3507 bibliothecae

283 3518 432 3543 Casinensis
445 3517 506 3542 huic
520 3523 620 3550 quaest.
635 3523 746 3550 quatuor
759 3519 882 3544 articulos
899 3520 1020 3551 assignat,
1039 3524 1064 3543 et
1078 3519 1112 3544 ita
1126 3519 1186 3551 legit
1199 3518 1239 3542 hic
1252 3518 1277 3542 in
1292 3525 1350 3550 pro-

282 3554 358 3586 logo:
378 3553 456 3579 Circa
464 3554 585 3585 primum
604 3557 771 3586 quaeruntur
789 3558 914 3587 quatuor.
929 3556 1020 3580 Primo
1070 3554 1193 3579 Secundo
1246 3553 1351 3578 Tertio.-

282 3589 316 3614 de
329 3596 422 3615 earum
437 3589 539 3615 ordine.
555 3589 674 3619 Quarto:
685 3590 718 3615 de
732 3590 835 3616 unitate
855 3591 957 3617 mundi.
971 3591 1037 3615 Vide
1055 3589 1119 3615 infra
1137 3594 1198 3623 post
1216 3594 1263 3614 ait.
1279 3595 1302 3613 2.

1457 3445 1483 3478 γ)
1500 3443 1634 3476 producit.
1651 3456 1670 3461 —
1683 3442 1819 3474 produxit
1838 3442 1938 3466 codices
1958 3445 1983 3465 et
2001 3441 2041 3465 ed.
2059 3447 2085 3464 α.

1457 3479 1481 3511 δ)
1502 3486 1600 3503 rerum.
1619 3492 1639 3496 —
1657 3478 1718 3502 Om.
1738 3477 1808 3501 FGa.

1458 3516 1479 3547 ε)
1500 3515 1547 3539 vel.
1564 3527 1583 3533 —
1601 3516 1627 3538 et
1645 3513 1693 3538 hoc
1711 3513 1753 3537 vel
1770 3513 1805 3543 B;
1824 3519 1878 3536 om.
1897 3511 1928 3541 G,
1948 3510 1992 3543 qui
2010 3515 2068 3542 post
2086 3510 2165 3534 simul
2183 3509 2252 3534 addit
2270 3510 2406 3536 materiae.

1457 3550 1482 3582 ζ)
1502 3549 1638 3574 materfae.
1656 3561 1674 3567 -
1692 3548 1752 3572 Om.
1771 3547 1934 3571 ACDEFGa.

1458 3585 1485 3617 η)
1505 3583 1714 3610 accommodata.
1731 3597 1750 3601 -
1768 3582 1938 3607 accommoda
1956 3580 2118 3606 ACDEFGa.

2588 1631 2604 1655 η

2491 1731 2500 1739 ’
2515 1730 2656 1758 ΜειαρΙιγε.,
2672 1734 2704 1753 tr.

2491 1756 2531 1783 IX,
2546 1762 2596 1784 cap.
2612 1763 2643 1779 xv,

2491 1888 2501 1898 ³
2517 1887 2564 1914 Qu.
2578 1894 2603 1915 ι,
2618 1891 2660 1910 art.
2675 1894 2698 1915 2,

2491 1913 2520 1935 ad
2533 1920 2554 1942 3.

2495 2372 2506 2383 ⁴⁸
2515 2371 2562 2399 Qu.
2571 2377 2622 2399 xnv,
2631 2374 2673 2393 art.
2681 2377 2702 2399 5.
