2768 4178
72 861 84 873 ’
100 861 157 889 Cap.
171 867 212 883 xv.

77 1554 86 1563 ·
102 1552 171 1574 Vers.
184 1557 220 1580 29.

81 2248 92 2260 '⁶
104 2248 187 2270 Ordin.
198 2248 292 2270 cassio-

160 2278 182 2297 ..
208 2275 292 2302 ‘¹⁰⁸2-

80 2404 91 2415 ⁴
106 2403 173 2426 Vers.
187 2409 207 2431 5.

85 3279 97 3291 ’
113 3279 148 3302 Cf.
164 3285 228 3301 num.
239 3285 263 3301 n.

313 268 390 305 288

987 269 1255 316 QUAESTIO
1284 268 1422 316 XXIV,
1452 267 1747 306 ARTICULUS
1778 269 1827 305 III

1119 426 1437 469 ARTICULUS
1466 427 1697 468 TERTIUS

912 529 1068 560 UTRUM
1092 528 1264 565 ALIQUIS
1287 528 1524 560 DELEATUR
1547 529 1605 560 DE
1629 529 1758 561 LlBRo
1781 530 1915 561 VITAE

736 615 746 639 l
766 615 848 645 Seni„
870 615 930 640 dist.
947 622 988 645 xi,
1007 622 1051 647 qu.
1070 621 1088 643 1¹
1108 619 1154 639 art.
1175 621 1199 644 2,
1219 614 1252 638 ad
1272 613 1301 644 5;
1321 622 1366 647 qu.
1384 621 1422 645 111,
1441 614 1473 639 ad
1494 614 1523 646 3;
1543 615 1583 644 ΙΙΙ,
1603 615 1662 640 dist.
1681 623 1747 645 xm
1767 623 1812 648 qu.
1831 623 1848 647 1,
1868 621 1916 641 art.
1936 623 1964 646 2,
1984 618 2031 650 qu*
2052 617 2081 648 33

1200 650 1238 674 ad
1255 649 1380 682 Philipp„
1401 657 1457 683 cap.
1471 658 1504 681 iv,
1525 651 1582 675 lect.
1602 659 1621 676 ι.
1943 654 1947 657 ”

350 760 405 802 >san
468 790 480 798 ν
529 761 552 785 n
579 760 740 785 TERTmM
759 760 812 784 sm
836 758 1075 784 PROCEDITUR.
1096 746 1256 783 Videtur
1280 746 1386 795 quod

344 787 511 859 &Atini
530 802 655 838 nullus
676 801 845 838 deleatur
861 801 907 837 de
927 800 1022 837 libro
1037 799 1150 836 vitae.
1167 798 1267 836 Dicit
1283 799 1385 836 enim

335 836 501 912 'ssy'jg'sff
515 849 774 903 Augustinus,
795 853 834 890 in
853 854 926 890 XX
945 853 990 889 de
1019 853 1097 889 Civ.
1118 852 1202 889 Dei.
1223 851 1255 898 ²¹⁶,
1280 852 1386 900 quod

376 880 474 938 (5³³3)
489 897 774 958 &praescientia
803 907 891 953 Dei,
920 918 1018 955 quae
1046 918 1120 942 non
1142 910 1264 953 potest
1278 905 1384 954 falli,

317 962 411 999 liber
437 962 536 999 vitae
563 967 625 998 est.
648 960 726 997 Sed
746 973 767 997 a
786 959 1034 1009 praescientia
1062 958 1135 996 Dei
1164 970 1242 995 non
1261 965 1386 1006 potest

318 1015 458 1064 aliquid
496 1013 685 1051 subtrahi:
724 1013 891 1050 similiter
923 1025 1048 1061 neque
1081 1024 1104 1049 a
1130 1011 1386 1061 praedestina-

318 1068 432 1105 tione.
454 1069 555 1115 Ergo
576 1079 647 1103 nec
668 1066 715 1103 de
735 1066 830 1103 libro
845 1066 946 1103 vitae
961 1073 1087 1114 potest
1106 1065 1240 1114 aliquis
1257 1064 1384 1102 deleri.

373 1133 408 1158 2.
429 1121 664 1167 PRAETEREA,
685 1119 871 1168 quidquid
891 1126 947 1155 est
974 1119 1012 1155 in
1033 1118 1174 1166 aliquo,
1195 1125 1252 1155 est
1278 1117 1318 1155 in
1337 1130 1384 1155 eo

316 1186 387 1223 per
413 1174 575 1211 modum
605 1173 685 1210 eius
714 1172 753 1210 in
782 1184 859 1220 quo
890 1179 956 1209 est.
979 1171 1056 1209 Sed
1084 1171 1180 1209 liber
1206 1171 1308 1209 vitae
1329 1178 1385 1208 est

317 1226 409 1275 quid
429 1234 628 1264 aeternum
654 1234 691 1263 et
718 1225 968 1263 immutabile.
990 1226 1093 1273 Ergo
1122 1224 1310 1273 quidquid
1331 1232 1387 1261 est

316 1280 355 1317 in
384 1292 442 1327 eo,
465 1287 521 1317 est
548 1279 600 1316 ibi
629 1292 708 1317 non
740 1278 1016 1328 temporaliter,
1046 1278 1115 1315 sed
1141 1277 1387 1315 immobiliter

318 1341 354 1370 et
380 1333 639 1371 indelebiliter.

373 1387 407 1424 3.
428 1387 663 1433 PRAETEREA,
680 1385 817 1423 deletio
838 1385 1045 1434 scripturae
1065 1385 1283 1434 opponitur.
1309 1384 1387 1422 Sed

317 1439 451 1488 aliquis
479 1452 558 1478 non
585 1447 712 1489 potest
735 1439 783 1476 de
811 1451 916 1476 novo
945 1438 1058 1475 scribi
1081 1438 1120 1475 in
1147 1438 1244 1475 libro
1271 1437 1385 1475 vitae.

317 1494 421 1541 Ergo
450 1505 576 1541 neque
604 1493 693 1530 inde
724 1492 841 1530 deleri
869 1499 1005 1541 potest.

372 1548 446 1584 SED
467 1554 614 1584 CONTRA
634 1558 700 1583 EST
714 1545 821 1595 quod
841 1545 976 1582 dicitur
994 1545 1034 1582 in
1052 1545 1208 1582 Psalmo
1223 1556 1331 1581 valu
1345 1544 1385 1581 *z

317 1600 514 1637 deleantur
540 1600 587 1636 de
612 1599 708 1637 libro
737 1599 953 1636 viventium.

371 1655 598 1691 RESPONDEO
618 1664 803 1690 mOENDUM
823 1652 928 1701 quod
948 1650 1104 1700 quidam
1124 1650 1254 1688 dicunt
1282 1650 1387 1699 quod

319 1707 366 1744 de
394 1707 491 1744 libro
518 1706 619 1744 vitae
648 1706 773 1743 nullus
801 1712 928 1754 potest
956 1704 1073 1742 deleri
1101 1704 1314 1741 secundum
1334 1704 1388 1741 rei

316 1760 535 1797 veritatem:
564 1766 696 1808 potest
716 1766 846 1796 tamen
865 1757 1000 1807 aliquis
1029 1757 1145 1795 deleri
1173 1757 1387 1795 secundum

319 1813 542 1862 opinionem
556 1812 772 1850 hominum.
789 1813 857 1849 Est
874 1811 977 1849 enim
993 1818 1220 1848 consuetum
1236 1811 1274 1848 in
1290 1811 1387 1848 Scri-

317 1866 437 1915 pturis
464 1874 506 1904 ut
534 1865 676 1914 aliquid
700 1865 847 1903 dicatur
873 1864 970 1912 fieri,
991 1865 1145 1914 quando
1174 1864 1385 1901 innotescit.

318 1921 368 1957 Et
395 1920 609 1957 secundum
637 1920 731 1966 hoc,
761 1918 875 1968 aliqui
903 1918 1080 1955 dicuntur
1112 1929 1195 1954 esse
1223 1917 1349 1966 scripti
1369 1923 1386 1939 ⁸

318 1973 357 2010 in
384 1973 481 2010 libro
500 1973 612 2019 vitae,
634 1972 860 2021 inquantum
887 1971 1066 2008 homines
1086 1970 1291 2019 opinantur
1319 1983 1387 2008 eos

406 763 411 776 ¹
433 762 491 799 aa<

318 2026 369 2064 ibi
398 2026 579 2076 scriptos,
608 2033 766 2074 propter
792 2031 1034 2074 praesentem
1062 2023 1241 2061 iustitiam
1271 2036 1387 2073 quam

318 2080 358 2118 in
387 2080 440 2117 eis
462 2080 605 2118 vident.
629 2079 705 2116 Sed
726 2078 882 2128 quando
903 2085 1072 2127 apparet,
1091 2077 1154 2115 vel
1173 2077 1212 2114 in
1235 2077 1311 2114 hoc
1330 2090 1386 2115 se-

320 2134 405 2171 culo
437 2134 500 2170 vel
527 2133 566 2170 in
593 2133 733 2180 futuro,
760 2132 864 2181 quod
894 2132 942 2169 ab
971 2132 1044 2169 hac
1072 2130 1210 2168 iustitia
1239 2130 1388 2168 excide-

319 2194 417 2233 runt,
439 2187 615 2224 dicuntur
633 2185 722 2223 inde
743 2185 871 2223 deleri.
894 2186 942 2222 Et
970 2185 1023 2222 sic
1048 2184 1161 2221 etiarn
1191 2184 1389 2232 exponitur

318 2240 358 2277 in
378 2240 516 2277 Glossa
529 2239 549 2262 ²¹⁸
568 2238 706 2276 deletio
727 2238 820 2285 talis,
842 2250 958 2287 super
985 2237 1078 2274 illud
1096 2237 1238 2274 Psalmi
1257 2249 1387 2274 vam:

320 2293 515 2330 deleantur
541 2292 587 2329 de
614 2292 710 2329 libro
738 2291 955 2328 viventium.

375 2347 451 2384 Sed
480 2345 569 2395 quia
588 2358 668 2382 non
696 2345 813 2382 deleri
842 2345 888 2382 de
909 2344 1005 2381 libro
1034 2343 1134 2380 vitae
1163 2342 1317 2391 ponitur
1335 2342 1389 2380 in-

319 2407 376 2437 ter
402 2399 575 2448 praemia
602 2398 801 2445 iustorum,
823 2398 1035 2435 secundum
1060 2396 1152 2434 illud
1170 2397 1288 2445 Apoc.
1306 2408 1341 2433 111
1356 2395 1388 2444 *,

320 2453 386 2502 qui
411 2453 552 2497 vicerit,
585 2452 639 2489 sic
667 2452 842 2489 vestietur
867 2450 1094 2488 vestimentis
1121 2449 1227 2496 albis,
1251 2455 1286 2486 et
1313 2461 1388 2487 non

321 2506 449 2544 delebo
484 2517 620 2542 nomen
650 2506 727 2542 eius
764 2505 810 2542 de
838 2504 933 2541 libro
968 2504 1090 2548 vitae;
1119 2503 1226 2551 quod
1260 2510 1389 2540 autem

321 2559 459 2597 sanctis
475 2559 758 2608 repromittitur,
779 2570 859 2595 non
879 2565 934 2594 est
953 2558 1078 2594 solum
1094 2554 1112 2585 β
1130 2557 1168 2594 in
1187 2556 1390 2594 hominurn

322 2613 521 2662 opinione3
552 2620 676 2661 potest
705 2611 778 2649 dici
797 2611 902 2663 qpod
931 2610 1047 2648 deleri
1075 2610 1137 2647 vel
1165 2622 1245 2647 non
1273 2610 1390 2648 deleri

322 2667 370 2704 de
399 2666 494 2703 libro
523 2666 636 2711 vitae,
667 2677 745 2702 non
774 2665 899 2702 solum
932 2664 981 2701 ad
1010 2663 1233 2713 opinionem
1265 2663 1390 2700 homi-

322 2732 415 2756 num
449 2719 690 2756 referendum
727 2726 801 2765 est,
842 2719 907 2755 sed
946 2717 1061 2754 etiam
1095 2721 1313 2766 quantum⁷
1342 2716 1390 2754 ad

323 2785 417 2810 rem.
454 2773 522 2809 Est
551 2772 651 2808 enirn
687 2772 781 2809 liber
808 2771 908 2808 vitae
943 2770 1170 2820 conscriptio
1199 2770 1390 2808 ordinato-

376 2886 403 2918 α)
423 2885 507 2918 aliqui
532 2886 658 2910 dicuntur·
684 2893 739 2910 esse
762 2886 863 2918 scripti.
882 2900 901 2904 —
920 2886 1005 2918 aliqui
1025 2886 1150 2911 dicuntur
1172 2885 1267 2917 scripti
1285 2885 1390 2916 ACDE,

321 2922 405 2955 aliqui
424 2921 551 2946 dicuntur
569 2921 649 2946 scribi
668 2922 696 2945 B.

376 2956 401 2990 β)
420 2958 514 2982 solum.
532 2971 551 2975 -
570 2956 632 2981 Om.
651 2957 680 2981 B.

375 2993 402 3026 γ)
421 2996 559 3025 quantum.
578 3006 596 3011 -
616 2992 677 3016 Om.
692 2991 813 3016 ABCDE.

1441 758 1527 790 rum
1556 747 1595 784 in
1612 747 1731 784 vitam
1761 756 1967 787 aeternam.
1997 751 2059 788 Ad
2084 764 2202 800 quam
2223 753 2419 791 ordinatur
2446 754 2510 792 ali-

1441 799 1525 848 quis
1554 812 1599 836 ex
1628 800 1798 838 duobus:
1825 802 1963 840 scilicet
1996 815 2041 840 ex
2078 805 2423 853 praedestinatione
2457 807 2511 845 di-

1439 852 1542 898 vina,
1578 860 1615 889 et
1641 853 1737 890 haec
1766 855 1953 892 ordinatio
1991 869 2190 906 nunquam
2221 859 2368 907 deficit;
2400 867 2436 897 et
2464 873 2510 898 ex

1440 904 1569 952 gratia.
1600 905 1848 955 Quicumque
1878 908 1980 946 enim
2009 910 2164 957 gratiam
2198 913 2334 961 habet,
2363 924 2408 950 ex
2434 914 2510 951 hoc

1439 958 1523 1006 ipso
1553 966 1609 995 est
1637 958 1772 1007 dignus
1792 957 1805 981 ⁸
1832 960 1911 998 vita
1930 969 2093 1000 aeterna.
2121 964 2170 1001 Et
2197 965 2293 1002 haec
2321 966 2509 1004 ordinatio

1440 1011 1569 1048 deficit
1586 1011 1796 1050 interdum:
1821 1013 1911 1062 quja
1929 1014 2044 1064 aliqui
2073 1017 2235 1054 ordinati
2253 1026 2340 1056 sunt
2364 1032 2408 1057 ex
2427 1032 2510 1068 gra-

1439 1064 1489 1101 tia
1516 1064 1646 1101 habita
1673 1065 1721 1102 ad
1750 1066 1973 1104 habendum
2000 1068 2122 1106 vitam
2150 1077 2357 1119 aeternam,
2382 1085 2406 1110 a
2433 1086 2511 1122 qua

1439 1125 1568 1155 tamen
1598 1118 1780 1156 deficiunt
1806 1131 1875 1169 per
1893 1128 2096 1169 peccatum
2123 1124 2295 1161 mortale.
2314 1125 2369 1162 Illi
2399 1125 2511 1175 igitur

1441 1171 1506 1220 qui
1534 1179 1622 1208 sunt
1649 1172 1812 1209 ordinati
1840 1174 1889 1211 ad
1917 1174 2140 1212 habendum
2168 1175 2287 1213 vitam
2315 1185 2511 1217 aeternam

1441 1236 1487 1261 ex
1514 1225 1859 1273 praedestinatione
1889 1226 2029 1275 divina,
2061 1236 2148 1265 sunt
2175 1223 2396 1279 simpliciter
2421 1231 2510 1270 scri-

1439 1277 1494 1326 pti
1513 1279 1552 1315 in
1570 1278 1666 1315 libro
1685 1278 1805 1316 vitae:
1835 1279 1926 1328 quia
1945 1288 2032 1318 sunt
2050 1281 2102 1318 ibi
2125 1282 2253 1332 scripti
2275 1290 2318 1320 ut
2343 1284 2509 1322 habituri

1440 1331 1560 1368 vitam
1588 1339 1784 1369 aeternam
1811 1332 1850 1370 in
1878 1333 2013 1383 seipsa.
2049 1335 2099 1371 Et
2130 1334 2189 1373 isti
2217 1348 2418 1386 nunquam
2446 1337 2513 1376 de-

1440 1385 1563 1422 lentur
1591 1385 1639 1422 de
1667 1386 1762 1423 libro
1800 1386 1914 1424 vitae.
1945 1387 2023 1425 Sed
2051 1388 2101 1425 illi
2128 1388 2193 1438 qui
2231 1397 2319 1427 sunt
2345 1389 2532 1429 ordinati*

1441 1439 1491 1475 ad
1517 1438 1742 1476 habendum
1769 1439 1889 1477 vitam
1918 1448 2135 1488 aeternam,
2165 1454 2245 1479 non
2278 1455 2325 1480 ex
2351 1445 2511 1493 praede-

1441 1491 1641 1529 stinatione
1671 1492 1812 1540 divina,
1833 1493 1902 1530 sed
1929 1494 2056 1531 solum
2095 1507 2140 1531 ex
2167 1495 2305 1543 gratia,
2335 1497 2513 1535 dicuntur

1442 1557 1525 1582 esse
1560 1545 1687 1594 scripti
1714 1545 1754 1583 in
1790 1546 1887 1583 libro
1914 1547 2038 1596 vitae,
2068 1559 2147 1585 non
2175 1548 2414 1598 simpliciter,
2444 1551 2514 1589 sed

1441 1598 1655 1636 secundum
1683 1599 1794 1648 quid:
1822 1599 1911 1649 quia
1931 1608 2018 1638 sunt
2043 1600 2095 1638 ibi
2123 1601 2251 1651 scripti
2277 1610 2320 1640 ut
2349 1604 2513 1642 habituri

1440 1651 1560 1689 vitam
1589 1659 1796 1699 aeternam,
1823 1665 1902 1690 non
1930 1653 1969 1691 in
1988 1654 2124 1703 seipsa,
2145 1655 2214 1693 sed
2232 1655 2272 1693 in
2290 1668 2360 1694 sua
2384 1669 2511 1695 causa.

1442 1706 1491 1742 Et
1518 1706 1611 1742 tales
1638 1713 1800 1754 possunt
1823 1706 1938 1743 deleri
1967 1707 2014 1744 de
2043 1707 2139 1744 libro
2168 1708 2286 1746 vitae:
2312 1717 2354 1747 ut
2373 1710 2512 1748 deletio

1441 1770 1521 1795 non
1550 1758 1733 1796 referatur
1765 1759 1815 1796 ad
1843 1759 2015 1797 notitiam
2043 1760 2136 1808 Dei,
2166 1761 2277 1811 quasi
2304 1763 2410 1801 Deus
2448 1763 2513 1801 ali-

1442 1811 1533 1860 quid
1551 1811 1749 1861 praesciat,
1771 1819 1808 1849 et
1826 1820 1960 1861 postea
1973 1818 1984 1833 ⁸
2003 1813 2162 1860 nesciat;
2187 1815 2255 1852 sed
2274 1816 2325 1853 ad
2343 1828 2426 1854 rem
2441 1817 2512 1855 sci-

1441 1873 1532 1912 tam,
1553 1865 1641 1914 quia
1669 1864 1809 1902 scilicet
1836 1866 1943 1902 Deus
1977 1866 2047 1903 scit
2084 1866 2252 1915 aliquem
2279 1868 2385 1917 prius
2412 1870 2514 1908 ordi·-

1441 1918 1523 1955 nari
1551 1918 1591 1955 in
1617 1917 1738 1955 vitam
1767 1925 1973 1966 aeternam,
2004 1926 2040 1956 et
2067 1927 2203 1969 postea
2230 1933 2310 1959 non
2334 1922 2512 1971 ordinari,

1443 1983 1532 2008 cum
1561 1971 1690 2008 deficit
1717 1983 1740 2008 a
1767 1971 1896 2019 gratia.

1495 2026 1554 2061 An
1583 2036 1720 2062 PRIMUM
1749 2036 1848 2062 ERGO
1876 2037 2061 2063 meramnum
2090 2026 2195 2076 quod
2225 2027 2375 2076 deletio,
2399 2037 2442 2067 ut
2459 2024 2515 2068 di-

1443 2085 1547 2115 ctum
1568 2085 1623 2115 est
1641 2077 1672 2125 *,
1702 2090 1781 2115 non
1801 2079 1960 2116 refertur
1982 2079 2032 2116 ad
2060 2079 2199 2118 librum
2217 2081 2319 2119 vitae
2343 2094 2390 2119 ex
2407 2090 2513 2132 parte

1441 2131 1725 2180 praescientiae,
1747 2132 1855 2180 quasi
1883 2132 1920 2169 in
1949 2133 2034 2170 Deo
2054 2132 2069 2159 ἵ
2092 2133 2139 2170 sit
2172 2134 2299 2183 aliqua
2326 2136 2515 2175 mutabili-

1442 2193 1542 2275 talsarl·
1554 2184 1623 2222 sed
1655 2197 1699 2221 ex
1729 2192 1836 2233 parte
1863 2185 2152 2235 praescitorum,
2186 2199 2286 2236 quae
2315 2196 2402 2226 sunt
2429 2201 2515 2228 mu-

1442 2245 1479 2274 ta
1508 2250 1581 2274 iia.

1496 2292 1556 2327 An
1584 2301 1775 2327 SECUNDUM
1803 2302 1987 2328 D1OENDUM
2017 2292 2135 2340 quod,
2157 2293 2244 2330 licet
2271 2306 2330 2332 res
2359 2295 2398 2333 in
2425 2297 2512 2334 Deo

1444 2343 1517 2380 sint
1542 2343 1830 2380 immutabiliter
1856 2349 1890 2390 ”,
1920 2351 2049 2382 tamen
2077 2345 2116 2382 in
2144 2346 2277 2395 seipsis
2312 2349 2515 2387 mutabiles

1444 2404 1542 2434 sunt.
1563 2397 1613 2433 Et
1641 2396 1690 2434 ad
1718 2397 1793 2434 hoc
1820 2396 1982 2446 pertinet
2003 2397 2140 2435 deletio
2169 2399 2251 2436 libri
2278 2400 2392 2438 vitae.

1497 2451 1555 2487 An
1583 2461 1743 2487 ’reanum
1772 2461 1955 2488 mcENDUM
1983 2451 2090 2500 quod
2115 2464 2161 2489 eo
2191 2453 2310 2491 modo
2340 2466 2419 2502 quo
2449 2455 2514 2492 ali-

1444 2502 1528 2552 quis
1548 2502 1683 2540 dicitur
1702 2503 1818 2540 deleri
1838 2503 1885 2541 de
1905 2503 2002 2541 libro
2021 2504 2134 2552 vitae,
2154 2513 2280 2555 potest
2300 2506 2373 2544 dici
2407 2508 2515 2556 quod

1443 2556 1495 2594 ibi
1523 2556 1709 2593 scribatur
1737 2557 1783 2594 de
1813 2569 1935 2610 novo;
1969 2558 2033 2594 vel
2054 2560 2268 2597 secundum
2288 2559 2512 2609 opinionem

1444 2609 1663 2656 hominum,
1690 2610 1753 2646 vel
1781 2610 1994 2648 secundum
2024 2612 2129 2660 quod
2167 2612 2215 2650 de
2244 2625 2349 2650 novo
2387 2613 2516 2664 incipit

1444 2663 1586 2700 habere
1606 2663 1781 2700 ordinem
1811 2664 1859 2701 ad
1886 2663 2006 2701 vitam
2025 2671 2220 2703 aeternam
2248 2678 2318 2715 per
2341 2667 2513 2715 gratiam.

1445 2716 1563 2764 Quod
1592 2716 1705 2754 etiam
1735 2716 1805 2753 sub
1836 2716 1964 2754 divina
1992 2718 2124 2755 notitia
2158 2720 2514 2769 comprehenditur,

1445 2770 1532 2807 licet
1558 2782 1637 2807 non
1666 2770 1714 2807 de
1743 2782 1860 2808 novo.

1497 2883 1522 2917 ὃ)
1537 2885 1615 2910 habet
1665 2884 1770 2918 dignus.
1782 2898 1802 2905 -
1813 2885 1918 2915 habent,
1934 2892 1971 2910 ex
1989 2885 2039 2911 hoc
2058 2886 2115 2918 ipso
2130 2885 2193 2919 (ipsi
2205 2886 2262 2920 FG)
2275 2886 2354 2920 digni
2367 2890 2431 2913 sunt
2443 2887 2516 2914 FGa.

1497 2921 1519 2952 ε)
1539 2923 1565 2945 et
1579 2923 1683 2953 postea.
1701 2933 1720 2939 —
1733 2924 1829 2952 postea
1848 2921 1876 2946 P.

1498 2955 1523 2988 ζ)
1543 2955 1570 2981 in
1591 2955 1658 2980 Deo.
1675 2969 1694 2975 -
1713 2955 1739 2980 in
1759 2963 1790 2981 eo
1809 2956 1920 2981 codices.

1499 2992 1525 3023 η)
1546 2991 1755 3016 immutabiliter.
1773 3003 1792 3010 —
1811 2992 1987 3018 immutabiles
2005 2993 2036 3018 B.

1005 3087 1337 3122 commentaria
1359 3088 1609 3121 cardinalis
1632 3087 1832 3121 Caietani

383 3198 490 3218 tronus
514 3187 625 3218 clarus.
650 3205 670 3210 -
695 3187 729 3217 ln
758 3196 891 3227 corpore
920 3187 985 3218 duo
1015 3187 1103 3218 facit:
1135 3186 1254 3227 primo,
1284 3193 1393 3218 tractat

326 3199 544 3273 Tquandam
569 3231 770 3272 opinionem;
795 3231 951 3267 secundo,
977 3232 1147 3272 respondet
1175 3230 1319 3272 quaesito
1345 3240 1392 3261 se-

325 3276 467 3307 cundum
486 3275 648 3317 propriam
668 3275 855 3307 sententiam
869 3275 895 3307 *.

383 3321 499 3358 Quoad
517 3321 678 3361 primum,
703 3320 808 3361 primo
832 3319 924 3350 refert
948 3320 1026 3350 duas
1050 3319 1286 3360 propositiones
1309 3328 1391 3360 quo-

325 3364 463 3395 rundam
490 3364 701 3404 opinantium.
736 3364 840 3395 Prima
864 3371 927 3395 est:
959 3364 1075 3395 Nullus
1100 3364 1222 3394 deletur
1248 3363 1287 3394 de
1309 3363 1391 3394 libro

325 3408 406 3439 vitae
426 3409 602 3439 secundum
618 3409 661 3439 rei
677 3408 849 3439 veritatem.
875 3409 1019 3439 Secunda
1037 3415 1098 3439 est:
1123 3407 1232 3449 Aliqui
1249 3407 1393 3438 delentur

327 3453 364 3482 de
388 3452 468 3482 libro
491 3452 572 3483 vitae
597 3453 773 3483 secundum
798 3453 985 3493 opinionem
1002 3452 1182 3484 hominum.
1199 3468 1218 3475 -
1234 3452 1276 3484 Et
1291 3451 1391 3483 decla-

326 3502 411 3526 ratur
434 3497 589 3527 secundae
614 3497 840 3537 propositionis
865 3497 1072 3528 consonantia
1101 3507 1175 3527 cum
1204 3506 1290 3527 sacra
1312 3495 1392 3527 Scri—

326 3547 431 3580 ptura:
449 3541 524 3581 quia
540 3542 625 3580 apud
642 3542 752 3581 ipsam,
770 3541 965 3582 quandoque
982 3541 1095 3572 dicitur
1110 3551 1158 3572 res
1174 3540 1250 3577 fieri,
1262 3540 1391 3582 quando

326 3584 511 3620 innotescit;
537 3592 566 3615 et
590 3592 818 3626 consequenter
842 3585 953 3622 deleri,
980 3585 1109 3626 quando
1133 3591 1263 3626 apparet
1286 3583 1391 3621 deleri,

328 3635 457 3669 propter
480 3628 689 3669 privationem
713 3629 839 3669 gratiae.

1505 3186 1628 3217 Deinde
1643 3186 1746 3227 arguit
1769 3186 1906 3227 primam
1930 3185 2194 3228 propositionem,
2213 3195 2287 3217 cum
2304 3196 2431 3218 summa
2445 3196 2515 3218 mo-

1447 3230 1554 3267 destia,
1580 3230 1737 3262 falsitatis:
1762 3231 1837 3272 quia
1860 3230 2039 3272 praemium
2061 3229 2291 3270 repromissum
2315 3231 2443 3268 sanctis,
2468 3241 2517 3262 se-

1447 3275 1589 3306 cundum
1613 3285 1694 3311 rem,
1716 3281 1746 3306 et
1769 3285 1834 3306 non
1859 3275 1966 3306 solum
1989 3274 2166 3306 secundum
2190 3274 2377 3315 opinionem
2400 3275 2517 3317 inteni-

1447 3319 1588 3359 gendum
1612 3326 1671 3356 est,
1697 3326 1754 3350 etc.
2343 3337 2345 3342 ·

1501 3363 1536 3394 Il.
1562 3363 1678 3401 Quoad
1702 3363 1889 3401 secundum,
1915 3363 1980 3394 duo
2001 3361 2083 3394 facit.
2108 3362 2218 3393 Primo
2234 3363 2405 3404 respondet
2419 3372 2515 3406 quae-

1447 3407 1518 3444 sito,
1543 3407 1603 3438 sic:
1629 3407 1732 3438 Deleri
1756 3408 1806 3438 vel
1830 3417 1896 3438 non
1920 3406 2015 3438 deleri
2040 3407 2078 3438 de
2101 3407 2182 3438 libro
2206 3407 2297 3444 vitae,
2322 3417 2389 3438 non
2408 3407 2515 3438 solum

1447 3452 1486 3482 ad
1510 3451 1696 3492 opinionem
1720 3452 1892 3482 hominum
1915 3451 2116 3482 referendum
2140 3458 2196 3488 est,
2217 3452 2271 3482 sed
2295 3451 2390 3483 etiam
2413 3461 2516 3493 quan-

1446 3502 1516 3526 tum
1540 3496 1579 3526 ad
1603 3506 1679 3527 rem.
1697 3514 1716 3519 —-
1731 3496 1771 3527 Et
1790 3496 1942 3536 probatur
1965 3495 2041 3526 haec
2065 3495 2240 3532 conclusio,
2260 3496 2369 3536 quoad
2391 3501 2515 3536 partem

1447 3539 1603 3576 ultimam,
1624 3550 1721 3581 quam
1740 3539 1883 3575 intendit,
1901 3539 1953 3570 sic.
1979 3539 2072 3571 Liber
2088 3540 2169 3571 vitae
2185 3547 2232 3571 est
2255 3539 2444 3580 conscriptio
2464 3549 2514 3570 or-

1447 3583 1629 3614 dinatorum
1652 3584 1684 3614 in
1707 3583 1805 3614 vitam
1829 3591 2004 3615 aeternam:
2030 3594 2105 3625 ergo
2131 3584 2351 3615 ordinatorum
2367 3593 2404 3614 ex
2427 3593 2515 3623 prae-

1446 3627 1672 3664 destinatione,
1697 3634 1727 3658 et
1755 3628 1910 3668 praesenti
1942 3628 2056 3669 gratia:
2082 3638 2157 3669 ergo
2182 3628 2403 3659 ordinatorum
2426 3627 2515 3658 inde-

2542 2091 2551 2102 ’
2567 2090 2719 2119 hcorpore-
