2768 4178
67 1511 77 1519 ‘¹
93 1509 128 1531 Cf.
144 1516 207 1531 num.
217 1516 256 1531 vn.

67 2707 76 2715 '¹
92 2705 128 2727 Cf.
143 2711 208 2727 num.
222 2710 255 2726 nr.

67 2797 76 2805 ·
92 2794 127 2816 cf.
142 2800 207 2816 num.
219 2801 250 2816 rv.

312 280 386 316 380

365 358 417 388 XI.
443 357 474 388 Si
498 356 592 396 igitur
614 356 646 385 in
681 355 794 386 divinis
818 355 886 386 sola
909 355 1019 386 relatio
1044 355 1235 395 multiplicat
1258 355 1376 386 trinita-

310 409 384 438 tem,
402 409 432 433 et
455 401 516 431 hoc
541 410 606 430 non
631 399 778 430 convenit
801 400 944 430 relationi
969 410 1024 439 per
1047 399 1200 435 accidens,
1221 399 1276 429 sed
1300 409 1376 440 qua-

309 453 401 476 tenus
424 455 472 475 res
496 444 623 475 relativa
647 451 710 480 est;
736 450 766 473 et
789 454 837 474 res
861 444 996 479 relativa,
1023 451 1058 473 ut
1082 443 1134 479 sic,
1160 443 1325 474 constituit
1347 450 1378 474 et

310 490 473 530 distinguit
495 488 621 519 relative
645 494 770 518 tanturn
794 487 1054 530 (quamcumque
1082 487 1168 517 enim
1196 487 1291 517 aliam
1315 487 1376 517 dis-

309 534 495 565 tinctionem
525 533 634 569 habet,
662 542 729 562 non
752 532 825 562 facit
855 533 1046 573 inquantum
1075 541 1123 561 res
1152 531 1297 569 relativa,
1322 532 1376 562 sed

308 579 435 609 haberet
458 587 529 607 earn
553 587 589 607 ex
609 576 834 607 communibus
858 576 916 606 sibi
941 583 970 606 et
987 575 1156 611 absolutis,
1182 582 1218 605 ut
1232 582 1318 616 patet
1338 576 1376 606 de

309 622 535 667 disparatione.
561 621 637 651 haec
665 621 750 651 enim
779 630 845 650 non
874 628 920 651 est
950 620 1078 660 propria
1102 619 1254 655 relativis,
1279 626 1310 650 et
1333 619 1376 650 sic

308 677 374 697 non
398 673 503 706 potest
526 665 646 696 causari
670 675 687 695 a
711 665 862 695 relatione
878 665 1054 694 secundum
1071 663 1227 694 rationem
1250 663 1375 694 relatio-

308 709 388 753 nis):
413 719 611 750 consequens
640 716 686 740 est
716 710 806 750 quod
836 709 868 739 in
892 708 1004 738 divinis
1036 708 1123 738 nulla
1146 707 1185 738 sit
1215 708 1375 738 distinctio

308 755 397 785 realis
414 755 473 784 nisi
489 754 632 790 relativa;
658 754 700 784 ita
719 754 809 794 quod
828 763 892 783 non
917 753 1024 783 solum
1043 762 1092 782 res
1116 751 1279 782 distinctae
1302 758 1377 782 sunt

307 799 464 835 relativae,
491 798 546 828 sed
570 798 728 828 distinctio
759 798 827 837 ipsa
851 804 897 827 est
924 796 1059 827 relativa.
1084 796 1125 826 Et
1155 806 1229 826 cum
1254 802 1377 826 constet

309 843 543 874 distinctionem
566 842 728 872 relativam
748 851 814 871 non
838 851 904 871 esse
928 841 993 871 sine
1013 840 1140 871 relativa
1160 839 1374 880 oppositione,

308 894 338 918 et
354 897 420 918 esse
437 893 579 927 respectu
597 886 771 917 correlativi
787 893 925 922 tantum;
946 885 1111 916 manifeste
1128 885 1271 925 sequitur
1285 884 1374 924 quod

308 932 376 962 sola
399 931 561 972 oppositio
586 930 712 960 relativa
736 930 901 970 distinguit
923 929 1044 960 realiter
1068 929 1189 958 divinas
1212 938 1374 968 personas.

361 976 401 1006 Et
424 976 500 1005 haec
519 985 585 1005 non
609 975 768 1004 advertere
787 981 842 1004 aut
865 981 1036 1014 penetrare,
1057 973 1117 1003 fuit
1139 982 1233 1003 causa
1257 972 1374 1002 dissen-

308 1020 404 1050 sionis
428 1020 460 1049 in
485 1019 543 1049 hac
566 1019 705 1049 materia.
731 1018 762 1049 Si
787 1018 872 1048 enirn
896 1018 1100 1048 advertissent
1116 1018 1205 1058 quod
1224 1017 1373 1053 Ecclesia,

307 1064 459 1094 tradendo
483 1063 637 1093 unitatem
661 1062 852 1093 substantiae
881 1069 911 1092 et
942 1062 1113 1092 trinitatem
1135 1071 1242 1092 rerum
1266 1061 1374 1091 relata-

307 1118 395 1144 rum,
421 1118 457 1138 ex
485 1107 611 1137 formali
641 1106 803 1137 locutione
834 1106 973 1136 insinuat
996 1106 1085 1146 quod
1108 1106 1170 1136 hoc
1203 1105 1376 1136 formaliter

307 1152 548 1192 intelligendum
566 1158 629 1187 est;
649 1150 801 1181 vidissent
817 1150 969 1190 profecto,
988 1161 1024 1180 ex
1043 1150 1105 1181 hoc
1120 1150 1192 1190 ipso
1208 1150 1297 1190 quod
1313 1149 1376 1179 dis-

306 1196 415 1227 tinctio
439 1206 505 1226 non
529 1195 660 1226 traditur
679 1195 738 1225 nisi
762 1195 975 1231 relativorum,
995 1195 1085 1235 quod
1104 1195 1199 1225 etiam
1215 1193 1374 1224 distinctio

306 1241 375 1281 ipsa
398 1240 524 1281 propria
558 1239 691 1270 relativis
722 1247 880 1280 quatenus
903 1239 1031 1270 relativa
1062 1246 1150 1275 sunt,
1176 1249 1243 1269 esse
1272 1238 1372 1268 debet.

307 1285 405 1322 Quod
429 1285 546 1315 salvare
570 1294 636 1314 non
655 1291 800 1324 possunt,
819 1284 898 1314 dum
914 1284 1024 1314 dicunt
1037 1293 1086 1313 res
1109 1283 1241 1324 quidem
1265 1282 1374 1313 distin-

307 1336 370 1360 ctas
394 1339 460 1359 esse
483 1328 636 1365 relativas,
655 1328 805 1368 distingui
821 1335 927 1358 tamen
946 1329 1066 1369 absque
1081 1327 1285 1368 oppositione
1302 1326 1376 1357 rela-

305 1373 378 1410 tiva,
394 1373 469 1414 quia
485 1380 559 1403 sunt
575 1372 748 1414 disparatae
763 1379 794 1403 et
809 1372 1094 1412 incompossibileS,
1108 1379 1180 1403 etc.:
1196 1372 1273 1402 haec
1289 1370 1374 1401 enim

307 1418 491 1448 communia
514 1423 596 1453 sunt,
622 1427 688 1447 non
712 1417 839 1457 propria
863 1416 1008 1453 relativis,
1034 1423 1069 1447 ut
1092 1416 1156 1446 iam
1181 1416 1327 1446 diximus.

361 1462 430 1492 XII.
453 1462 501 1492 Ex
524 1462 572 1491 his
596 1467 703 1492 autem
727 1461 860 1492 habetur
878 1461 1044 1501 responsio
1068 1461 1107 1491 ad
1127 1460 1321 1491 obiectiones
1338 1469 1375 1490 ex

306 1513 392 1546 parte
424 1505 618 1537 constitutivi
645 1505 746 1546 ipsius
773 1505 854 1536 Filii.
885 1505 971 1536 Cum
1000 1505 1086 1535 enim
1114 1505 1227 1536 dicitur
1245 1505 1263 1524 *
1285 1505 1374 1545 quod

306 1551 392 1581 idem
416 1557 462 1581 est
485 1550 726 1581 constitutivum
750 1557 780 1580 et
804 1549 1019 1581 distinctivum
1051 1549 1184 1580 alicuius
1213 1549 1251 1579 ab
1284 1548 1375 1579 omni

305 1595 378 1631 alio,
396 1595 656 1635 distinguendum
680 1601 726 1625 est
749 1594 787 1624 de
811 1594 930 1634 duplici
954 1593 1169 1630 constitutivo,
1186 1593 1303 1624 scilicet
1321 1593 1374 1623 ab·

305 1640 408 1670 soluto
431 1639 482 1669 vel
505 1640 696 1679 respectivo:
719 1645 750 1669 et
772 1639 862 1679 quod
884 1638 918 1668 in
942 1638 1095 1669 absolutis
1117 1647 1230 1668 verum
1254 1644 1309 1668 est.
1339 1638 1374 1667 In

306 1683 440 1714 relativis
463 1693 549 1719 vero,
570 1682 892 1723 subdistinguendum
911 1689 957 1713 est
974 1683 1012 1712 de
1029 1682 1148 1723 duplici
1163 1682 1372 1718 distinctione,

306 1728 423 1758 scilicet
438 1728 573 1758 relativa
587 1727 637 1757 vel
653 1737 853 1768 quacumque
866 1727 944 1765 alia,
956 1734 1034 1767 puta
1050 1727 1215 1767 disparata,
1230 1736 1284 1756 seu
1299 1736 1374 1757 con-

306 1772 407 1808 traria,
428 1782 483 1802 seu
501 1772 750 1808 contradictoria,
768 1781 823 1802 seu
841 1771 937 1802 etiam
956 1771 1119 1812 privativa.
1142 1771 1184 1801 Et
1202 1771 1373 1801 dicendum

306 1817 404 1857 quod,
422 1817 461 1846 de
478 1816 678 1847 distinctione
701 1816 829 1846 relativa
844 1816 1020 1857 loquendo,
1039 1815 1244 1845 falsissimum
1261 1822 1307 1845 est
1325 1825 1373 1845 as-

306 1867 488 1901 sumptum:
514 1860 668 1901 quoniam
688 1860 930 1890 constitutivum
946 1859 1079 1890 alicuius
1095 1860 1128 1890 in
1148 1869 1215 1890 esse
1230 1859 1370 1895 relativo,

306 1915 372 1935 non
396 1911 442 1935 est
465 1905 681 1935 distinctivum
697 1904 792 1940 illius,
810 1904 1011 1935 distinctione
1032 1904 1168 1940 relativa,
1185 1903 1244 1933 nisi
1268 1913 1286 1933 a
1305 1913 1373 1933 cor-

305 1950 444 1985 relativo,
463 1956 592 1989 propter
614 1949 717 1988 ipsam
733 1948 893 1979 relationis
916 1955 1075 1979 naturam:
1097 1958 1114 1978 a
1138 1947 1246 1978 ceteris
1266 1954 1373 1978 autem

306 1993 469 2034 distinguit
500 1982 614 2034 quovis
638 1993 700 2023 alio
732 1993 842 2024 modo.
872 1993 1018 2033 Duplum
1042 1992 1137 2029 enim,
1161 1999 1196 2022 ut
1219 1992 1273 2028 sic,
1298 1991 1373 2032 quia

306 2048 371 2068 non
395 2044 442 2068 est
465 2038 523 2068 nisi
547 2038 587 2067 ad
610 2037 789 2073 dimidium,
806 2047 871 2067 non
897 2037 1100 2077 distinguitur
1127 2037 1223 2067 etiarn
1243 2036 1372 2067 relative

305 2082 365 2112 nisi
389 2092 407 2112 a
429 2082 581 2112 dimidio:
607 2091 625 2111 a
647 2081 742 2122 triplo
772 2088 879 2112 autem
909 2090 939 2112 et
967 2081 1164 2122 quadruplo,
1190 2087 1220 2111 et
1242 2080 1372 2121 reliquis

306 2126 439 2163 entibus,
460 2126 663 2166 distinguitur
685 2125 816 2166 quidem
836 2126 1008 2166 dupleitate
1026 2126 1219 2166 inquantum
1242 2132 1288 2156 est
1311 2125 1372 2156 hoc

306 2181 370 2207 ens,
395 2180 461 2200 non
484 2170 620 2206 relative,
638 2177 673 2200 ut
696 2170 735 2200 de
759 2180 791 2200 se
814 2177 908 2210 patet.

362 2215 403 2245 Et
426 2215 501 2254 quia
524 2214 556 2244 in
587 2214 700 2244 divinis
724 2224 859 2254 persona
883 2221 929 2245 est
959 2214 1134 2245 formaliter
1156 2213 1282 2250 relatio,
1306 2223 1372 2244 non

307 2265 352 2289 est
376 2258 534 2289 distinctio
558 2258 746 2298 personalis,
772 2268 875 2299 neque
900 2258 998 2294 realis,
1024 2258 1083 2288 nisi
1108 2258 1147 2288 sit
1171 2257 1308 2288 relativa.
1333 2258 1374 2288 Et

306 2310 473 2343 propterea
497 2303 534 2333 de
558 2302 641 2333 facto
665 2303 723 2333 ista
747 2309 794 2333 est
816 2303 902 2339 falsa,
927 2303 1032 2332 Filius
1049 2302 1262 2343 distinguitur
1277 2303 1373 2332 reali-

307 2353 367 2385 ter,
383 2348 450 2378 sive
463 2347 691 2387 personaliter,
707 2356 727 2376 a
746 2347 869 2387 Spiritu
884 2347 1002 2377 Sancto
1015 2346 1196 2387 filiatione:
1218 2345 1294 2387 quia
1314 2345 1373 2376 ista

307 2398 353 2422 est
383 2391 474 2427 falsa,
498 2391 602 2422 Filius
620 2391 786 2432 filiatione
808 2391 1022 2432 distinguitur
1045 2391 1179 2422 relative
1206 2400 1227 2420 a
1250 2390 1372 2431 Spiritu

306 2436 433 2466 Sancto.
460 2435 614 2473 Quamvis
638 2435 696 2465 ista
712 2435 752 2465 sit
766 2445 847 2471 vera,
868 2435 971 2466 Filius
984 2435 1197 2476 distinguitur
1209 2435 1373 2476 filiatione

306 2489 326 2510 a
350 2480 471 2520 Spiritu
495 2480 622 2510 Sancto.
648 2480 709 2510 Sed
726 2479 795 2510 talis
812 2479 971 2510 distinctio
988 2479 1186 2513 nonsufficit
1201 2479 1240 2509 ad
1257 2479 1372 2509 realem

306 2523 556 2554 distinctionem:
588 2524 655 2554 imo
679 2530 726 2554 est
748 2523 912 2564 sophisma
936 2523 1171 2564 Consequentis
1202 2533 1331 2563 arguere
1354 2533 1372 2553 a

305 2569 505 2599 distinctione
527 2569 568 2598 ad
590 2568 821 2599 distinctionem
846 2569 1026 2599 relativam.
1061 2568 1101 2598 Et
1123 2568 1203 2598 bene
1234 2568 1295 2598 hoc
1319 2568 1372 2598 ad-

305 2619 399 2648 verte,
417 2612 492 2653 quia
516 2623 553 2643 ex
576 2612 638 2643 hoc
657 2612 806 2643 omnium
830 2613 946 2652 pendet
969 2612 1098 2643 solutio.

359 2657 442 2688 XIII.
459 2657 548 2687 Patet
563 2666 694 2698 quoque
711 2667 748 2687 ex
771 2656 819 2686 his
843 2656 932 2697 quod
949 2656 1077 2697 signum
1096 2655 1216 2686 litterae
1237 2656 1276 2686 de
1295 2655 1371 2686 dua-

306 2701 365 2731 bus
382 2701 598 2732 relationibus.
609 2701 641 2731 in
657 2701 747 2732 Patre
759 2701 785 2737 *‚
803 2707 863 2731 stat
876 2701 909 2731 in
932 2710 991 2731 suo
1016 2701 1139 2731 robore.
1157 2700 1215 2731 Est
1230 2699 1317 2731 enim
1333 2700 1372 2730 si-

305 2755 404 2785 gnum
417 2746 507 2786 quod
519 2746 586 2776 sola
598 2745 725 2776 relativa
738 2745 896 2776 distinctio
912 2752 942 2776 et
957 2745 1121 2786 oppositio
1136 2750 1183 2775 est
1194 2744 1237 2775 ibi
1249 2744 1372 2775 realis.-

306 2789 431 2821 Solutio
455 2796 563 2820 autem
586 2790 669 2820 Scoti
686 2789 704 2809 *
719 2799 786 2820 non
806 2796 851 2821 est
875 2789 914 2820 ad
938 2789 1150 2830 propositum,
1172 2788 1247 2829 quia
1271 2788 1372 2819 diver-

305 2834 343 2865 tit
365 2844 383 2864 a
410 2834 615 2865 relationibus
647 2834 687 2864 ad
719 2834 953 2875 processiones:
983 2834 1022 2864 de
1051 2833 1255 2864 relationibus
1286 2833 1372 2864 enim

304 2878 405 2909 littera
428 2878 580 2919 loquitur,
598 2888 665 2909 non
689 2878 728 2909 de
752 2878 1015 2909 emanationibus.
1037 2878 1154 2916 Quare.

359 2923 444 2954 XIV.
461 2922 523 2953 Sed
539 2929 648 2954 contra
663 2922 741 2953 haec
760 2933 783 2953 s.
801 2922 948 2953 Thomae
962 2923 1056 2953 verba
1069 2921 1289 2952 vehementius
1303 2921 1372 2963 qui-

305 2967 379 2997 dam
402 2973 548 3007 arguunt,
565 2967 604 2997 de
619 2966 695 3007 ipsis
715 2967 918 2998 relationibus
935 2967 1110 3008 loquendo,
1128 2966 1265 2997 dicentes
1281 2967 1371 3007 quod

304 3018 435 3052 peccant
464 3012 640 3042 secundum
673 3021 736 3042 non
765 3021 896 3042 causam
927 3017 961 3042 ut
985 3021 1127 3042 causam.
1157 3010 1262 3042 Causa
1285 3010 1371 3041 enirn

305 3065 401 3096 quare
425 3056 506 3086 duae
525 3055 691 3086 relationes
715 3065 781 3086 non
805 3056 972 3095 oppositae
988 3065 1054 3086 non
1071 3055 1269 3086 constituunt
1291 3055 1371 3086 duas

304 3109 463 3140 personas,
489 3109 555 3130 non
579 3107 625 3131 est
652 3100 778 3140 negatio
803 3100 1025 3140 oppositionis.
1050 3100 1139 3130 Tum
1155 3099 1230 3140 quia
1249 3105 1372 3130 constat

304 3144 393 3184 quod
417 3144 455 3175 de
478 3144 561 3175 facto
586 3143 747 3185 processio
772 3151 802 3174 et
825 3144 1003 3184 paternitas,
1029 3150 1059 3174 et
1082 3144 1226 3174 similiter
1249 3143 1369 3180 filiatio,

305 3188 502 3219 constituunt
515 3189 621 3229 plures
636 3196 800 3229 personas:
821 3195 852 3219 et
866 3195 972 3219 tamen
988 3188 1148 3228 processio
1166 3187 1245 3219 nulli
1260 3197 1371 3219 earum

305 3233 479 3272 opponitur
501 3232 635 3264 relative.
653 3250 674 3255 —
692 3233 780 3263 Tum
799 3232 884 3273 quia,
909 3232 934 3263 si
958 3232 1083 3272 negatio
1104 3239 1184 3263 esset
1200 3241 1294 3263 causa
1317 3241 1371 3263 ne-

304 3277 454 3316 gationis,
479 3276 644 3308 affirmatio
669 3283 749 3307 esset
772 3286 866 3307 causa
885 3276 1117 3313 affirmationis,
1142 3276 1259 3308 scilicet
1281 3275 1370 3317 quod

305 3321 470 3360 oppositae
494 3321 660 3352 relationes
685 3320 913 3352 constituerent
935 3321 1014 3351 duas
1038 3329 1202 3361 personas:
1227 3321 1290 3352 hoc
1313 3329 1370 3351 au-

305 3371 369 3395 tem
393 3371 515 3396 constat
538 3375 605 3396 esse
627 3365 759 3402 falsum,
785 3365 861 3406 quia
884 3365 1065 3396 communis
1089 3365 1218 3406 spiratio
1243 3371 1273 3396 et
1296 3374 1370 3405 pro-

306 3409 404 3439 cessio
429 3416 503 3440 sunt
525 3409 692 3440 relationes
716 3409 892 3450 oppositae,
911 3415 941 3440 et
964 3416 1070 3440 tamen
1094 3409 1224 3450 spiratio
1248 3408 1370 3440 nullam

306 3462 474 3493 personam
498 3453 672 3484 constituit.

358 3497 426 3528 XV.
446 3497 497 3527 Ad
521 3497 597 3528 haec
619 3497 752 3528 breviter
776 3497 897 3534 dicitur,
915 3498 1003 3539 quod
1027 3497 1204 3538 procedunt
1227 3507 1264 3528 ex
1286 3495 1371 3528 mala

305 3540 558 3580 interpretatione
581 3541 709 3573 litterae.
727 3541 814 3573 Cum
838 3541 923 3572 enim
947 3542 1060 3573 dicitur
1081 3542 1180 3583 quod,
1205 3541 1281 3582 quia
1303 3550 1370 3572 non

306 3591 380 3615 sunt
402 3585 577 3625 oppositae,
593 3595 659 3616 non
683 3586 880 3617 constituunt
908 3586 987 3617 duas
1010 3596 1178 3626 personas,
1198 3586 1232 3627 ly
1255 3586 1370 3617 consti·

305 3634 398 3659 tuunt
423 3629 608 3660 determinat
631 3629 663 3670 ly
686 3630 779 3668 duas,
804 3637 835 3661 et
857 3639 923 3660 non
947 3630 1134 3661 determinat
1151 3630 1184 3671 ly
1197 3638 1369 3670 personas,

969 277 1238 323 QUAESTIO
1269 278 1449 325 XXXVI,
1480 278 1777 314 ARTICULUS
1809 279 1839 314 11

1432 357 1491 387 nisi
1516 357 1707 397 inquantum
1732 357 1810 386 duas
1834 357 2012 387 secundum
2036 365 2118 386 rem:
2143 356 2185 387 ita
2209 357 2298 397 quod
2322 367 2431 388 sensus
2455 365 2502 388 est

1432 402 1529 442 quod,
1547 401 1621 442 quia
1641 411 1707 431 non
1731 407 1806 431 sunt
1825 401 2000 441 oppositae,
2026 411 2091 430 non
2116 401 2314 431 constituunt
2330 402 2408 432 duas
2432 412 2501 442 per-

1432 455 1535 482 sonas,
1547 445 1628 476 idest
1644 455 1706 475 non
1722 444 1857 485 faciunt
1872 446 2107 476 distinctionem
2125 446 2245 475 realem
2263 454 2501 485 personarum:

1432 490 1622 520 constituere
1646 489 1731 519 enim
1756 490 1832 526 duo,
1857 496 1893 520 ut
1916 489 1968 526 sic,
1989 489 2068 519 nihil
2091 489 2178 519 aliud
2201 496 2247 519 est
2270 499 2368 529 quam
2392 490 2500 520 distin-

1431 543 1536 573 guere,
1554 541 1610 564 etc.
1632 534 1674 564 Et
1689 534 1734 564 sic
1750 533 1925 574 assignatur
1940 544 2012 564 vera
2029 540 2059 564 et
2082 533 2221 573 praecisa
2245 543 2347 565 causa.
2365 533 2500 573 Spiritus

1432 578 1517 608 enim
1541 578 1673 608 Sanctus
1697 588 1763 608 non
1788 578 1990 608 constituitur
2013 578 2045 607 in
2070 587 2137 608 esse
2161 577 2309 608 distincto
2331 588 2348 607 a
2371 577 2453 608 Filio
2470 584 2501 608 et

1431 622 1531 658 Patre,
1551 622 1611 652 nisi
1636 629 1671 652 ut
1694 622 1899 662 spirantibus:
1924 622 1966 652 ita
1990 622 2079 663 quod
2103 622 2232 662 spiratio
2257 622 2420 652 constituit
2442 622 2500 652 Pa—

1431 673 1511 696 trem
1535 673 1566 697 et
1596 666 1714 696 Filium
1741 666 1774 696 in
1797 666 1859 697 hoc
1891 667 1980 707 quod
2011 666 2073 697 sint
2107 666 2270 696 distinctae
2304 675 2458 706 personae
2481 676 2500 696 a

1431 710 1549 750 Spiritu
1571 711 1704 747 Sancto;
1731 711 1877 751 quamvis
1900 711 1981 741 inter
2005 721 2037 741 se
2061 710 2295 750 distinguantur
2314 710 2499 750 paternitate

1431 760 1461 784 et
1476 753 1637 785 filiatione.
1647 772 1667 777 —
1680 754 1781 784 Radix
1797 762 1906 785 autem
1928 755 2046 785 horum
2062 761 2117 791 est,
2136 755 2210 795 quia
2234 761 2308 785 sunt
2323 764 2372 784 res
2397 754 2497 785 relati-

1430 807 1497 834 vae,
1511 805 1569 829 etc.
1586 799 1661 829 Non
1686 798 1782 837 enim,
1801 799 1886 829 salva
1909 799 2028 830 unitate
2051 799 2253 835 substantiae,
2282 805 2388 839 potest
2410 798 2499 829 aliter

1431 842 1590 872 distinctio
1619 851 1827 882 personarum
1852 843 1963 873 salvari
1993 843 2053 873 nisi
2077 853 2133 883 per
2160 843 2327 873 relationes
2357 842 2496 882 originis,

1430 886 1469 916 de
1493 896 1630 926 quarum
1649 886 1770 916 ratione
1794 886 1834 917 sit
1853 886 2012 917 distinctio
2036 887 2126 917 realis
2148 887 2277 927 propria
2293 886 2498 918 relationibus

1430 930 1575 970 originis:
1601 930 1682 961 hanc
1698 937 1806 960 autem
1830 937 1952 961 constat
1975 941 2012 961 ex
2033 931 2236 971 oppositione
2260 930 2336 968 fieri,
2354 938 2390 962 ut
2413 937 2499 971 patet

1430 984 1467 1004 ex
1490 974 1579 1005 dictis
1594 975 1621 1005 *.

1488 1019 1580 1049 Unde
1604 1025 1690 1059 patet
1713 1018 1878 1058 responsio
1903 1019 1942 1048 ad
1964 1018 2084 1049 obiecta
2100 1018 2127 1050 *.
2152 1019 2372 1059 Aequivocant
2395 1019 2496 1056 enim,

1430 1063 1508 1093 dum
1525 1064 1718 1094 constituere
1734 1064 1766 1093 in
1784 1072 1852 1093 esse
1867 1062 2014 1093 distincto
2030 1072 2097 1093 non
2118 1063 2284 1094 advertunt
2298 1063 2331 1093 in
2351 1073 2498 1094 sermone

1429 1107 1558 1144 versari;
1581 1114 1611 1138 et
1634 1107 1696 1137 hoc
1717 1107 1749 1137 in
1766 1106 1896 1137 materia
1919 1107 2047 1137 relativa
2069 1107 2184 1137 habere
2207 1106 2399 1147 singularem
2423 1117 2497 1138 con-

1429 1152 1579 1182 stituendi
1603 1151 1881 1192 distinguendique
1902 1151 2048 1187 modum,
2073 1158 2130 1181 etc.

1487 1196 1570 1227 XVI.
1596 1195 1728 1227 Obiecta
1751 1202 1858 1226 autem
1882 1205 1919 1225 ex
1942 1202 2030 1235 parte
2050 1194 2218 1225 distinctivi
2234 1194 2260 1231 *,
2281 1195 2498 1226 difficultatem

1430 1251 1466 1271 ex
1481 1240 1512 1270 vi
1526 1241 1698 1270 verborum
1721 1240 1822 1279 magis
1841 1249 1939 1280 quarn
1958 1240 2001 1270 rei
2018 1239 2118 1270 facere
2133 1239 2289 1270 videntur.
2314 1239 2499 1271 Secundum

1429 1295 1496 1315 rem
1519 1285 1659 1325 quidem,
1685 1284 1856 1315 dicendum
1873 1291 1919 1314 est
1939 1285 2028 1324 quod
2044 1283 2173 1324 spiratio
2190 1284 2354 1323 distinguit
2376 1284 2500 1315 realiter

1429 1329 1555 1360 relative
1579 1338 1748 1369 personam
1764 1327 1835 1358 Filii
1851 1338 1869 1358 a
1885 1328 2003 1368 Spiritu
2027 1328 2158 1358 Sancto:
2183 1334 2214 1358 et
2229 1335 2359 1369 propter
2374 1327 2437 1359 hoc
2453 1328 2499 1359 di-

1430 1373 1509 1404 citur
1525 1373 1717 1413 distinguere
1729 1373 1944 1413 personaliter.
1963 1373 2052 1403 Patet
2063 1379 2171 1403 autem
2187 1373 2276 1413 quod
2291 1382 2358 1403 non
2371 1379 2499 1413 oportet

1429 1418 1517 1458 quod
1540 1417 1667 1448 relative
1687 1417 1850 1457 distinguit
1869 1427 2049 1457 personam,
2067 1426 2134 1447 esse
2144 1416 2423 1457 personalitatem,
2443 1423 2499 1448 aut

1429 1463 1468 1492 de
1491 1462 1657 1492 intrinseca
1680 1462 1801 1492 ratione
1825 1461 2065 1501 personalitatis.

1484 1506 1684 1537 Facientibus
1708 1513 1815 1536 autem
1833 1505 1899 1535 vim
1922 1506 1955 1535 in
1978 1505 2090 1541 verbis,
2111 1512 2142 1536 et
2164 1505 2399 1546 quaerentibuS‚
2427 1505 2499 1542 Quo

1428 1551 1532 1582 Filius
1554 1551 1768 1591 distinguitur
1785 1550 2005 1590 personaliter
2027 1560 2047 1580 a
2071 1550 2194 1590 Spiritu
2218 1550 2367 1580 Sancto?
2390 1549 2497 1580 dicen-

1428 1596 1508 1626 dum
1531 1601 1578 1625 est
1596 1595 1685 1636 quod
1707 1594 1898 1634 distinguere
1921 1594 2136 1634 personaliter,
2162 1604 2237 1624 cum
2253 1594 2292 1624 sit
2311 1593 2411 1624 facere
2435 1593 2498 1624 for-

1429 1639 1551 1670 maliter
1570 1649 1740 1679 personam
1764 1638 1944 1669 distinctam
1966 1639 2005 1668 ab
2021 1638 2082 1668 alia
2105 1648 2250 1678 persona,
2268 1637 2424 1678 contingit
2440 1638 2498 1668 du-

1428 1684 1563 1724 pliciter:
1581 1693 1647 1714 uno
1663 1683 1773 1720 modo,
1791 1683 1879 1724 quod
1892 1682 1983 1713 faciat
1994 1689 2177 1723 utrumque,
2194 1682 2312 1713 scilicet
2327 1691 2499 1722 personam

1428 1735 1459 1759 et
1481 1727 1733 1763 distinctionem
1759 1727 1822 1757 alio
1845 1727 1956 1763 modo,
1981 1727 2071 1767 quod
2094 1726 2187 1757 faciat
2205 1727 2356 1763 alterum,
2381 1726 2499 1757 scilicet

1428 1772 1664 1803 distinctionem
1694 1772 1727 1802 in
1753 1781 1899 1812 persona.
1933 1771 2020 1802 Sicut
2052 1770 2188 1801 dicimus
2218 1771 2308 1811 quod
2331 1770 2499 1810 dupliciter

1428 1815 1583 1856 contingit
1598 1815 1698 1846 facere
1717 1816 1853 1846 domurn
1870 1816 1991 1845 albam:
2016 1815 2133 1846 scilicet
2147 1815 2198 1845 vel
2214 1814 2359 1845 faciendo
2373 1821 2497 1845 utrum-

1428 1871 1500 1902 que,
1524 1861 1575 1891 vel
1597 1860 1761 1900 iungendo
1781 1869 1885 1890 unum
1903 1859 2002 1890 alteri.
2026 1859 2092 1890 Nec
2115 1859 2209 1890 refert
2231 1859 2271 1889 ad
2293 1858 2498 1899 propositum

1428 1905 1528 1935 facere
1552 1904 1699 1941 effective,
1723 1904 1773 1934 vel
1794 1903 1976 1934 formaliter.
2001 1903 2100 1941 Quod
2122 1903 2218 1943 igitur
2241 1902 2406 1943 distinguit
2428 1912 2497 1943 per-

1428 1949 1596 1985 sonaliter,
1610 1948 1769 1990 faciendo
1793 1954 1893 1979 totum
1918 1953 1947 1978 et
1962 1947 2112 1989 singulas
2128 1953 2254 1988 partes,
2279 1954 2406 1988 oportet
2428 1956 2496 1978 esse

1428 1994 1466 2024 de
1491 1993 1612 2024 ratione
1635 1992 1805 2034 personali.
1835 1993 1915 2023 Tale
1937 1999 2046 2023 autern
2069 2001 2135 2022 non
2160 1999 2206 2023 est
2229 1991 2368 2032 spiratio.
2398 1991 2498 2030 Quod

1428 2045 1536 2069 autern
1559 2037 1723 2078 distinguit
1742 2037 1957 2077 personaliter,
1975 2036 2120 2067 faciendo
2136 2043 2240 2067 totum
2258 2037 2384 2067 ratione
2400 2036 2498 2067 unius

1422 2084 1530 2123 partis
1549 2083 1581 2112 in
1601 2083 1680 2119 alia,
1705 2091 1771 2112 non
1795 2087 1923 2122 oportet
1946 2091 2013 2112 esse
2037 2081 2076 2111 de
2099 2081 2220 2112 ratione
2242 2080 2416 2120 personali:
2441 2079 2497 2111 sed

1428 2127 1502 2157 satis
1526 2134 1572 2157 est
1600 2127 1690 2167 quod
1714 2125 1753 2157 sit
1777 2127 1864 2156 notio
1881 2135 2045 2166 personae
2067 2125 2215 2162 relativa,
2240 2131 2299 2156 etc.

1483 2171 1524 2201 Et
1546 2170 1600 2206 sic,
1618 2181 1684 2201 esse
1704 2180 1808 2201 unum
1829 2169 2025 2210 spiratorem‚
2043 2179 2109 2200 non
2125 2176 2173 2200 est
2188 2179 2255 2200 esse
2274 2178 2374 2199 unam
2388 2178 2496 2209 perso·

1428 2225 1503 2245 nam
1514 2214 1545 2245 *z
1562 2214 1637 2255 quia
1652 2214 1780 2254 spiratio
1794 2224 1860 2244 non
1877 2221 1922 2244 est
1939 2213 2141 2244 constitutiva
2154 2223 2319 2254 personae.
2337 2213 2378 2244 Et
2389 2219 2496 2244 tamen

1428 2259 1557 2299 spiratio
1582 2258 1746 2298 distinguit
1769 2267 1939 2298 personam
1962 2265 1993 2288 et
2016 2257 2087 2288 Filii
2111 2265 2141 2288 et
2159 2257 2263 2292 Patris
2279 2257 2495 2298 personaliter,

1428 2303 1573 2333 faciendo
1586 2302 1832 2339 distinctionem,
1845 2312 1913 2332 non
1929 2302 2196 2342 personalitatem,
2207 2312 2225 2331 a
2237 2301 2355 2342 Spiritu
2368 2301 2495 2333 Sancto.

1481 2347 1580 2378 XVII.
1604 2347 1655 2377 Ad
1679 2346 1802 2377 obiecta
1829 2353 1937 2377 autem
1965 2356 2002 2376 ex
2030 2353 2118 2386 parte
2142 2346 2383 2376 emanationum
2398 2345 2425 2382 ¹⁸²,
2449 2355 2495 2376 re-

1428 2391 1560 2432 sponsio
1577 2391 1710 2421 habetur
1728 2390 1761 2420 in
1775 2391 1886 2427 littera,
1903 2390 1944 2421 ad
1958 2390 2142 2430 septimum.
2159 2390 2201 2421 Et
2217 2389 2360 2420 consistit
2374 2389 2407 2420 in
2422 2389 2494 2426 hoc,

1428 2436 1517 2476 quod
1534 2434 1748 2466 emanationes
1770 2434 1842 2465 Filii
1862 2441 1893 2465 et
1916 2434 2050 2475 Spiritus
2065 2434 2170 2465 Sancti
2185 2441 2322 2474 possunt
2337 2433 2421 2464 sumi
2437 2434 2495 2464 du-

1427 2479 1558 2520 pliciter.
1584 2479 1658 2510 Uno
1682 2479 1792 2515 modo,
1816 2479 1991 2510 secundum
2015 2488 2093 2510 suas
2116 2479 2263 2519 integras
2278 2479 2429 2510 rationes.
2453 2477 2495 2509 Et

1428 2524 1471 2555 sic
1486 2524 1656 2555 includunt
1671 2523 1817 2554 ordinem
1836 2523 1965 2563 originis
1982 2523 2078 2554 unius
2097 2524 2135 2553 ab
2152 2522 2227 2553 alia:
2252 2529 2283 2553 et
2299 2531 2495 2563 consequen-

1427 2575 1473 2599 ter
1489 2567 1605 2598 Filium
1622 2574 1652 2598 et
1667 2567 1821 2608 Spiritum
1837 2567 1990 2598 Sanctum
2010 2567 2160 2608 distingui
2182 2577 2218 2598 ex
2232 2567 2298 2597 suis
2314 2565 2496 2606 productio-

1427 2612 1531 2648 nibus,
1561 2619 1591 2643 et
1614 2612 1764 2652 distingui
1788 2611 1993 2663 oppositione
2015 2611 2143 2642 relativa
2165 2611 2304 2663 originis,
2329 2611 2415 2641 idem
2438 2617 2494 2644 est.

1428 2656 1501 2687 Alio
1525 2657 1624 2687 modo
1645 2663 1780 2697 possunt
1795 2656 1888 2693 sumi,
1904 2657 2028 2687 secluso
2044 2655 2158 2687 ordine
2173 2657 2312 2696 originis
2327 2656 2412 2686 inter
2426 2664 2493 2693 eas,

1427 2707 1464 2732 ut
1486 2707 1651 2741 arguentes
1676 2700 1844 2741 accipiunt.
1871 2701 1912 2731 Et
1935 2700 1979 2731 sic
2003 2699 2137 2731 dicimus
2152 2701 2276 2741 primo,
2302 2700 2392 2741 quod
2415 2699 2495 2730 acci-

1427 2745 1560 2786 piuntur
1582 2745 1759 2776 secundum
1783 2755 1856 2776 suas
1879 2745 2016 2776 rationes
2035 2744 2258 2785 incompletas:
2279 2750 2310 2775 et
2328 2750 2495 2784 propterea

1428 2799 1494 2820 non
1518 2796 1564 2820 est
1587 2789 1715 2826 mirum,
1739 2789 1764 2819 si
1789 2789 1903 2820 fallunt
1925 2796 2048 2820 utentes
2072 2789 2116 2820 eis
2139 2796 2293 2829 tanquam
2316 2787 2494 2828 completis.

1427 2834 1586 2872 Secundo,
1606 2834 1695 2875 quod
1711 2843 1776 2864 non
1797 2841 1872 2864 sunt
1895 2834 1975 2864 duae
1999 2833 2111 2864 totales
2127 2832 2327 2874 acceptiones
2350 2832 2494 2863 eiusdem

1427 2885 1570 2909 naturae:
1586 2878 1641 2909 sed
1655 2878 1758 2919 prima
1777 2885 1823 2909 est
1839 2877 1980 2918 acceptio
1995 2884 2124 2909 naturae
2140 2876 2338 2917 simpliciter;
2356 2876 2495 2907 secunda

1427 2929 1544 2959 autern,
1565 2923 1743 2953 secundum
1765 2922 1907 2963 quid.-Si
1923 2922 2009 2952 enim
2032 2921 2244 2953 secluderetur
2259 2921 2339 2951 ordo
2363 2919 2494 2960 originis

1426 2967 1507 2998 inter
1530 2977 1592 3004 eas,
1610 2966 1709 2998 Filius
1729 2977 1785 3007 per
1806 2966 2043 3008 generationem
2075 2965 2228 3006 acciperet
2250 2972 2397 2996 naturam
2419 2964 2493 2995 sim-

1426 3011 1560 3051 pliciter;
1581 3018 1612 3042 et
1635 3011 1770 3051 ipsemet
1785 3021 1840 3051 per
1864 3010 2100 3051 processionem
2118 3009 2271 3050 acciperet
2294 3019 2365 3039 eam
2384 3018 2495 3040 secun·

1427 3056 1506 3086 dum
1529 3055 1616 3096 quid.
1633 3056 1674 3086 Et
1690 3055 1733 3086 sic
1750 3062 1944 3096 argumenta,
1958 3065 2039 3096 quae
2055 3060 2244 3095 supponunt
2261 3053 2311 3084 vel
2327 3059 2496 3084 assumunt

1426 3100 1482 3130 has
1506 3100 1724 3130 emanationes
1757 3109 1823 3130 esse
1855 3099 1968 3130 totales
1997 3106 2027 3130 et
2049 3097 2344 3139 incompossibiles,
2369 3097 2493 3128 secluso

1426 3143 1537 3174 ordine
1561 3143 1692 3184 originis
1723 3143 1804 3175 inter
1827 3153 1894 3180 eas,
1918 3150 2033 3174 ruunt:
2057 3141 2360 3183 incompossibilitas
2388 3141 2492 3178 enim,

1426 3188 1574 3224 totalitas,
1592 3195 1623 3219 et
1645 3187 1705 3219 alia
1728 3187 1925 3224 huiusmodi,
1946 3187 2140 3219 conveniunt
2163 3186 2207 3217 eis
2230 3185 2439 3227 integraliter,
2463 3191 2495 3216 et

1426 3242 1493 3263 non
1516 3231 1708 3272 imperfecte,
1733 3232 1879 3273 sumptis.

1481 3277 1593 3307 XVIII.
1618 3276 1670 3307 Ad
1693 3276 1887 3308 obiectiones
1910 3283 2018 3308 autern
2041 3274 2205 3306 Aureoli*
2227 3274 2314 3306 iuxta
2336 3274 2399 3305 hoc
2422 3283 2494 3304 mo-

1426 3320 1529 3352 tivum
1552 3330 1588 3351 ex
1611 3328 1700 3361 parte
1723 3321 1983 3362 productionum,
2003 3319 2186 3360 singillatim
2209 3318 2428 3360 respondetur.
2453 3317 2494 3349 Et

1426 3365 1466 3395 ad
1490 3364 1632 3405 primum
1655 3365 1795 3406 quidem,
1822 3375 1858 3395 ex
1882 3364 1971 3395 dictis
1986 3363 2004 3383 *
2026 3370 2112 3404 patet
2135 3363 2234 3405 quod,
2259 3362 2417 3394 sumendo
2439 3371 2493 3402 ge·

1426 3408 1527 3439 nerari
1551 3416 1581 3440 et
1604 3409 1713 3449 spirari
1737 3409 1861 3440 secluso
1884 3407 1995 3439 ordine
2019 3407 2149 3448 originis
2172 3407 2253 3438 inter
2271 3417 2313 3444 se,
2333 3416 2400 3437 non
2419 3411 2494 3437 sunt

1425 3453 1706 3493 incompossibilia.
1731 3471 1751 3490 7
1774 3453 1840 3484 Nec
1869 3459 1915 3483 est
1936 3462 2049 3483 verum
2077 3452 2166 3493 quod
2193 3449 2493 3492 incompossibilitas

1426 3506 1540 3527 eorum
1555 3497 1675 3528 oriatur
1689 3507 1726 3528 ex
1739 3497 1795 3528 illo
1812 3496 1922 3527 ordine
1938 3506 2005 3537 quo
2029 3506 2093 3527 una
2116 3495 2286 3537 praeexigit
2303 3494 2413 3526 aliam:
2437 3493 2493 3525 sed

1427 3550 1464 3571 ex
1487 3541 1598 3572 ordine
1622 3540 1762 3581 originis,
1780 3550 1847 3582 quo
1872 3550 1936 3571 una
1960 3547 2007 3571 est
2029 3541 2068 3571 ab
2092 3540 2161 3577 alia,
2182 3538 2392 3571 constituitur.

1480 3585 1531 3616 Ad
1555 3585 1732 3616 secundum
1755 3591 1881 3621 autem,
1903 3594 1977 3616 cum
2000 3584 2163 3635 quaeritur
2185 3584 2225 3615 de
2247 3592 2360 3624 genere
2384 3591 2491 3613 causa-

1424 3628 1528 3665 litatis,
1546 3629 1660 3660 dicitur
1682 3628 1770 3670 quod
1794 3628 1911 3669 spirare
1935 3629 1988 3660 dat
2010 3629 2118 3669 genito
2141 3625 2492 3668 incompossibilitatem

2529 978 2538 988 ·
2550 977 2622 999 Num.
2635 983 2669 1000 ιι.

2525 1027 2533 1035 ·
2543 1024 2581 1047 Cf.
2590 1031 2739 1054 num.praec.

2524 1203 2536 1214 ·
2550 1202 2587 1225 Cf.
2596 1207 2662 1226 nun.
2672 1207 2725 1226 vm.

2525 2219 2534 2230 ·
2550 2216 2587 2240 Cf.
2601 2223 2666 2240 num.
2681 2223 2716 2240 rx.

2522 2353 2532 2362 t
2547 2350 2579 2373 Cf
2590 2355 2655 2373 num.
2669 2357 2702 2374 rv.

2519 3277 2529 3288 ·
2546 3277 2583 3300 cf.
2598 3283 2663 3300 num.
2675 3283 2698 3300 v.

2520 3368 2529 3377 ·
2540 3366 2612 3389 Num.
2625 3365 2731 3394 praeced.
