2768 4178
87 1017 95 1026 ·
112 1016 160 1069 (ff-
173 1021 211 1036 xr..

85 1043 105 1052 '⁶
147 1048 170 1063 u.
184 1047 230 1063 xu-

86 1075 96 1083 '
112 1073 159 1101 Qu.
174 1079 226 1095 xm.
238 1085 248 1089 -
260 1073 296 1095 Cf.

85 1106 124 1128 qu.
135 1106 198 1127 xx1x,
209 1099 296 1122 Introd.

86 2382 96 2391 ‘¹
107 2381 155 2408 Qu.
165 2386 244 2407 xxvm,
253 2384 297 2402 art-

84 2414 107 2437 33
116 2414 215 2435 qu.xxx‚
227 2411 296 2430 arta.

184 2536 194 2551 Ε

89 3012 97 3021 ·
114 3011 169 3039 Cap.
184 3017 216 3033 vr.

87 3221 97 3232 ⁴
113 3222 160 3249 Qu.
173 3227 210 3249 ιιι,
225 3226 297 3252 art.3.

328 289 402 336 396

1001 284 1267 331 QUAESTIO
1296 285 1476 332 XXXIX,
1506 283 1802 321 ARTICULUS
1833 285 1847 320 1

854 509 1264 589 QUAESTIO
1301 509 1982 575 TRIGESIMANONA

679 633 773 673 DE
816 629 1180 672 PERSONIS
1225 630 1320 671 AD
1353 629 1788 672 ,ESSENTIAM
1834 630 2156 671 RELATIS

1125 746 1160 771 IN

398 865 466 890 oss·
504 864 547 890 ea
579 864 678 900 quae
713 851 759 888 de
797 850 974 887 Personis
1001 848 1144 887 'divinis
1176 849 1349 886 absolute
1371 855 1389 870 ·‘
1415 847 1419 900 Ι

396 913 552 944 tractata
571 912 668 952 sunt,
699 903 1022 942 considerandum
1041 910 1155 940 restat
1182 902 1230 940 de
1252 903 1390 939 Perso-

325 960 382 996 nis
409 959 448 996 in
477 957 762 1007 comparatione
782 957 832 994 ad
861 957 1075 1004 essentiam,
1097 963 1133 993 et
1151 955 1200 993 ad
1219 955 1390 1005 proprie-

324 1020 416 1050 tates
435 1012 472 1060 *,
504 1019 539 1048 et
566 1011 614 1048 ad
643 1018 748 1048 actus
776 1010 988 1047 notionales
1007 1009 1062 1057 ²¹‘³¹‘3
1093 1017 1130 1047 et
1159 1009 1206 1047 de
1235 1021 1390 1058 compa-

325 1066 468 1102 ratione
497 1065 665 1114 ipsarum
694 1064 743 1101 ad
771 1063 934 1100 invicem
955 1062 985 1099 ²¹⁸.
1226 1104 1228 1107 ,

325 1120 520 1166 Quantum
552 1117 662 1165 igitur
694 1117 743 1154 ad
770 1116 937 1165 primum
965 1116 1126 1163 horum,
1157 1123 1244 1153 octo
1274 1127 1390 1164 quae-

431 1178 573 1208 runtur.

377 1224 525 1261 Primo:
554 1231 684 1266 utrum
705 1222 866 1260 essentia
885 1222 923 1259 in
944 1222 1081 1260 divinis
1101 1222 1145 1260 sit
1164 1222 1268 1260 idem
1284 1221 1389 1271 quod

430 1289 605 1326 persona.

378 1330 578 1368 Secundo:
607 1337 736 1367 utrum
767 1329 972 1367 dicendum
1001 1329 1047 1366 sit
1075 1329 1181 1378 quod
1200 1337 1276 1366 tres
1300 1329 1389 1365 Per-

429 1395 547 1420 sonae
576 1390 663 1420 sunt
689 1382 802 1420 unius
832 1382 1026 1420 essentiae.

377 1437 527 1474 Tertio:
556 1444 683 1474 utrum
712 1436 870 1473 nomina
899 1435 1111 1473 essentialia
1133 1434 1390 1485 praedicanda

431 1490 503 1527 sint
531 1490 577 1527 de
607 1489 784 1527 Personis
813 1489 852 1526 in
879 1489 1014 1538 plurali
1042 1490 1105 1527 vel
1134 1489 1172 1526 in
1201 1489 1387 1538 singulari.

1197 745 1296 772 OCTO
1334 745 1537 771 ARTICULOS
1574 745 1691 771 DIVISA

1498 854 1665 901 Quarto:
1693 861 1822 891 utrum
1850 853 2037 892 adiectiva
2064 854 2284 903 notionalia,
2311 862 2375 892 aut
2393 855 2513 892 verba

1550 913 1613 949 vel
1640 909 1848 962 participia,
1867 912 2079 962 praedicari
2106 911 2253 962 possint
2282 913 2329 950 de
2349 912 2513 950 nomini-

1551 969 1622 1006 bus
1652 969 1910 1007 essentialibus
1938 970 2155 1007 concretive
2183 970 2360 1020 acceptis.

1498 1026 1660 1074 Quinto:
1685 1034 1813 1064 utrum
1831 1026 2042 1075 praedicari
2059 1027 2206 1076 possint
2225 1028 2272 1065 de
2292 1024 2513 1065 nominibus

1552 1084 1813 1122 essentialibus
1842 1084 1880 1120 in
1908 1084 2097 1122 abstracto
2126 1085 2302 1133 acceptis.

1498 1142 1636 1179 Sexto:
1665 1150 1794 1179 utrum
1823 1141 1982 1178 nomina
2014 1142 2272 1179 Personarum
2304 1141 2515 1191 praedicari

1550 1200 1697 1249 possint
1730 1200 1777 1238 de
1810 1199 2030 1237 nominibus
2063 1200 2325 1237 essentialibus
2359 1212 2514 1237 concre-

1550 1258 1594 1295 tis
1622 1256 1650 1294 Ρ.

1499 1316 1694 1365 Septimo:
1723 1323 1852 1353 utrum
1888 1316 2099 1354 essentialia
2131 1316 2307 1353 attributa
2341 1315 2415 1353 sint
2448 1327 2514 1365 ap-

1550 1373 1784 1423 proprianda
1803 1378 1817 1400 ⁷
1845 1373 2035 1411 Personis.

1499 1431 1668 1468 Octavo:
1689 1431 1796 1480 quod
1815 1431 2034 1469 attributum
2055 1431 2192 1480 cuique
2207 1428 2221 1453 ὃ
2240 1433 2433 1469 Personae
2449 1430 2514 1468 de-

1551 1489 1639 1526 beat
1666 1489 1912 1538 appropriari.

1139 1607 1458 1650 ARTICULUS
1488 1565 1694 1650 PRlileS

806 1706 962 1738 UTRUM
987 1706 1030 1736 IN
1053 1706 1209 1737 mvmis
1233 1705 1441 1737 ΕεεΕΝΤιΑ
1464 1706 1530 1737 sn*
1555 1706 1661 1737 IDEM
1685 1706 1808 1744 QUOD
1832 1706 2030 1738 PERSONA

727 1791 810 1822 Supra
827 1798 872 1823 qu.
891 1797 933 1820 111,
953 1794 1000 1814 art.
1022 1788 1049 1820 3;
1069 1789 1079 1814 1
1099 1789 1182 1819 Sent„
1203 1789 1262 1814 dist.
1281 1797 1368 1818 xxxxv,
1388 1797 1432 1822 qu.
1450 1797 1474 1820 ι,
1494 1793 1541 1814 art.
1565 1796 1590 1819 ι;
1610 1789 1652 1821 111,
1672 1790 1730 1814 dist.
1748 1797 1786 1819 νι,
1806 1797 1852 1822 qu.
1870 1797 1904 1820 11,
1924 1795 1970 1815 art.
1987 1797 2010 1820 2,
2030 1790 2062 1814 ad
2083 1797 2106 1814 2.

411 1907 418 1919 ι
442 1928 451 1937 „¹
472 1917 481 1925 f
513 1900 558 1924 ··A
585 1900 722 1925 PRIMUM
751 1899 804 1924 εις
832 1899 1072 1924 PRocam’rUR.
1107 1887 1267 1924 Videtur
1286 1888 1390 1936 quod
1415 1885 1419 1938 1

450 1931 513 2003 {3⁴
536 1941 572 1978 in
602 1941 738 1978 divinis
771 1940 931 1977 essentia
966 1953 1045 1977 non
1074 1940 1120 1977 sit
1147 1940 1250 1977 idem
1284 1942 1389 1989 quod

340 1996 344 2002 ’
359 2029 363 2041 2
386 2034 388 2038 f
425 2011 460 2039 'a
476 1985 504 2043 sq
517 1993 524 1998 ’
535 2007 710 2044 persona.
732 1995 774 2031 In
790 1993 1095 2043 quibuscumque
1111 1994 1212 2031 enim
1229 1994 1390 2032 essentia

380 2062 390 2074 “
413 2043 469 2076 7⁴⁹
492 2040 591 2085 Kest
614 2047 718 2085 idem
739 2047 844 2097 quod
863 2059 1028 2096 persona
1048 2060 1117 2084 seu
1137 2047 1388 2097 suppositum,

324 2109 473 2150 oportet
500 2101 605 2151 quod
633 2101 679 2138 sit
697 2109 845 2138 tanturn
864 2113 985 2137 unum
1010 2101 1252 2150 suppositum
1279 2101 1390 2140 unius

323 2162 491 2202 naturae,
512 2163 553 2192 ut
570 2162 674 2204 patet
692 2155 730 2192 in
750 2153 931 2191 omnibus
950 2153 1166 2192 substantiis
1186 2155 1389 2204 separatis:

325 2221 459 2245 eorum
487 2208 588 2245 enim
617 2221 716 2257 quae
745 2216 831 2245 sunt
858 2207 962 2245 idem
989 2220 1041 2255 re,
1070 2220 1193 2246 unum
1213 2209 1390 2258 multipli-

325 2261 401 2298 cari
429 2273 507 2298 non
536 2269 678 2310 potest,
708 2261 799 2310 quin
832 2261 1098 2310 multiplicetur
1126 2270 1162 2298 et
1189 2262 1388 2311 reliquum.

326 2315 403 2352 Sed
432 2314 469 2351 in
499 2314 635 2351 divinis
665 2322 720 2351 est
746 2327 823 2351 una
852 2314 1014 2351 essentia
1034 2322 1070 2351 et
1089 2322 1163 2351 tres
1183 2316 1388 2363 Personae,

324 2375 366 2405 ut
394 2380 440 2404 ex
467 2380 582 2416 supra
599 2367 620 2390 ’¹‘
649 2367 754 2404 dictis
782 2374 896 2416 patet.
927 2368 1029 2416 Ergo
1051 2368 1212 2406 essentia
1236 2381 1315 2406 non
1336 2376 1391 2406 est

324 2421 428 2459 idem
456 2421 561 2470 quod
589 2433 766 2470 persona.

379 2486 413 2511 2.
440 2475 674 2521 PRAETEREA,
695 2473 899 2511 affirmatio
921 2481 956 2511 et
975 2474 1125 2522 negatio
1146 2475 1257 2512 simul
1278 2483 1313 2512 et
1333 2487 1389 2512 se-

324 2529 400 2564 mel
419 2533 430 2548 ¹
450 2540 529 2565 non
556 2527 800 2564 verificantur
827 2526 875 2564 de
905 2527 1055 2564 eodem.
1088 2528 1165 2566 Sed
1185 2529 1388 2566 affirmatio

325 2589 360 2618 et
375 2581 524 2629 negatio
543 2581 788 2617 verificantur
803 2580 849 2617 de
871 2581 1031 2618 essentia
1051 2588 1086 2617 et
1099 2593 1281 2630 persona:
1298 2594 1388 2619 nam

323 2647 488 2683 persona
516 2642 571 2671 est
599 2633 786 2681 distincta,
817 2634 979 2671 essentia
1005 2646 1099 2671 vero
1129 2647 1208 2672 non
1237 2642 1293 2672 est
1317 2635 1389 2672 dis-

323 2688 447 2725 tincta.
479 2688 580 2735 Ergo
608 2699 773 2736 persona
799 2695 835 2724 et
859 2687 1021 2725 essentia
1049 2700 1127 2724 non
1158 2696 1244 2725 sunt
1272 2688 1387 2726 idem.

380 2742 414 2778 3.
435 2742 667 2788 PRAETEREA,
688 2740 779 2778 nihil
799 2741 991 2778 subiicitur
1010 2740 1080 2778 sibi
1100 2741 1181 2790 ipsi.
1209 2741 1286 2779 Sed
1304 2754 1389 2791 per-

324 2806 419 2831 sona
457 2793 649 2831 subiicitur
683 2794 887 2831 essentiae:
924 2793 1028 2831 unde
1063 2795 1293 2843 suppositum
1327 2796 1389 2832 vel

323 2847 532 2896 hypostasis
552 2846 779 2884 nominatur.
805 2848 906 2896 Ergo
926 2859 1091 2896 persona
1111 2860 1191 2885 non
1211 2856 1267 2885 est
1286 2848 1388 2886 idern

324 2900 431 2948 quod
460 2900 632 2937 essentia.

378 2954 452 2990 SED
481 2965 626 2990 CONTRA
655 2964 720 2990 EsT
748 2953 854 3000 quod
873 2953 1106 3002 Augustinus
1136 2954 1234 3002 dicit,
1254 2955 1323 2991 VII
1344 2954 1390 2991 de

328 3007 364 3043 T
360 3007 431 3044 rin.
451 3006 487 3043 *ε
522 3007 617 3043 Cum
632 3006 790 3043 dicimus
812 3018 1017 3055 personam
1036 3007 1171 3053 Patris,
1192 3020 1266 3045 non
1286 3008 1392 3045 aliud

324 3060 480 3097 dicimus
508 3071 623 3108 quam
650 3060 894 3096 substantiam
923 3060 1057 3097 Patris.

378 3113 602 3150 Responmzo
631 3124 814 3150 mel-:NDUM
843 3113 949 3161 quod
978 3113 1306 3151 considerantibus
1335 3113 1389 3151 di·

323 3165 455 3202 vinam
484 3165 781 3215 simplicitatem,
816 3166 988 3214 quaestio
1022 3166 1092 3203 ista
1120 3166 1158 3203 in
1187 3166 1388 3204 manifesto

324 3218 439 3255 habet
457 3219 669 3256 veritatem.
691 3219 900 3255 Ostensum
922 3226 977 3256 est
997 3219 1099 3256 enim
1115 3231 1230 3268 supra
1245 3219 1265 3242 *
1284 3219 1390 3269 quod

326 3271 453 3308 divina
481 3271 696 3321 simplicitas
724 3272 798 3309 hoc
828 3271 994 3321 requirit,
1026 3273 1130 3322 quod
1163 3273 1202 3310 in
1231 3274 1316 3311 Deo
1345 3272 1392 3310 sit

324 3323 426 3361 idern
448 3325 608 3362 essentia
636 3332 673 3361 et
701 3325 962 3374 suppositum;
992 3325 1097 3374 quod
1118 3325 1154 3362 in
1175 3325 1390 3363 substantiis

326 3376 636 3415 intellectualibus
664 3378 755 3415 nihil
785 3385 839 3415 est
867 3378 968 3415 aliud
997 3391 1113 3428 quam
1140 3391 1316 3428 persona.

1500 1887 1577 1924 Sed
1603 1886 1863 1924 difficultatem
1882 1886 2034 1924 videtur
2053 1886 2222 1935 ingerere
2252 1886 2358 1935 quod
2373 1886 2399 1934 ζ,
2419 1887 2514 1924 mul—

1445 1939 1615 1989 tiplicatis
1647 1939 1820 1989 personis
1850 1939 2004 1988 divinis,
2035 1940 2198 1977 essentia
2231 1940 2366 1978 retinet
2392 1939 2514 1978 unita-

2640 1897 2655 1927 t

1444 2001 1535 2031 tem.
1566 1995 1615 2031 Et
1633 1993 1733 2042 quia,
1753 2000 1795 2030 ut
1814 1993 1969 2031 Boetius
1989 1993 2078 2031 dicit
2091 1993 2123 2041 ⁹¹⁴,
2144 1993 2275 2031 relatio
2294 1993 2516 2042 multiplicat
2540 2005 2602 2055 :ape
2613 2005 2688 2034 rm„
2701 2012 2753 2034 ap.

1443 2048 1700 2084 Personarum
1715 2047 1930 2093 trinitatem,
1945 2055 2158 2096 posuerunt
2177 2046 2289 2095 aliqui
2303 2047 2379 2084 hoc
2393 2047 2512 2084 modo

1444 2100 1484 2138 in
1504 2100 1641 2138 divinis
1661 2100 1812 2138 differre
1842 2100 2045 2137 essentiam
2075 2108 2111 2137 et
2138 2112 2359 2150 personam,
2378 2112 2458 2150 quo
2477 2107 2515 2138 et

1444 2153 1647 2192 relationes
1660 2160 1675 2178 ’¹
1695 2153 1871 2191 dicebant
1890 2165 1972 2191 esse
1988 2153 2214 2202 assistentes,
2231 2153 2514 2191 considerantes

1445 2207 1484 2245 in
1512 2207 1754 2245 relationibus
1783 2208 1910 2244 solum
1938 2206 2044 2255 quod
2073 2207 2122 2244 ad
2150 2208 2312 2245 alterum
2341 2214 2448 2256 sunt,
2477 2214 2514 2244 et

1445 2273 1525 2298 non
1552 2260 1659 2310 quod
1687 2272 1747 2297 res
1776 2268 1875 2297 sunt.

1499 2313 1589 2360 Sed,
1610 2313 1705 2350 sicut
1724 2325 1839 2362 supra
1852 2313 1873 2335 ²¹⁸
1892 2321 2088 2350 ostensum
2110 2321 2176 2360 est,
2197 2313 2293 2350 sicut
2313 2313 2513 2351 relationes

1444 2367 1483 2405 in
1512 2367 1627 2404 rebus
1656 2367 1789 2404 creatis
1817 2366 2095 2404 accidentaliter
2122 2366 2262 2414 insunt,
2292 2366 2342 2403 ita
2369 2365 2407 2403 in
2426 2367 2512 2403 Deo

1445 2428 1532 2458 sunt
1560 2420 1642 2469 ipsa
1671 2419 1832 2457 essentia
1861 2419 2000 2457 divina.
2031 2420 2089 2456 Ex
2113 2432 2190 2469 quo
2211 2419 2379 2468 sequitur
2406 2419 2513 2469 quod

1445 2474 1484 2511 in
1513 2475 1597 2512 Deo
1627 2486 1706 2510 non
1726 2473 1771 2510 sit
1795 2473 1897 2510 aliud
1927 2472 2088 2510 essentia
2117 2485 2232 2522 quam
2261 2485 2429 2521 persona
2455 2485 2513 2510 se-

1446 2527 1615 2564 cundum
1645 2539 1747 2572 rem3
1778 2534 1814 2563 et
1841 2534 1970 2563 tamen
2008 2526 2114 2575 quod
2147 2538 2336 2576 personae
2365 2525 2514 2564 realiter

1445 2581 1493 2618 ab
1522 2580 1687 2617 invicem
1717 2579 2003 2628 distinguantur.
2037 2581 2207 2616 Persona
2237 2579 2360 2626 enim,
2389 2586 2431 2616 ut
2459 2578 2513 2617 di—

1445 2641 1548 2671 ctum
1575 2641 1631 2671 est
1658 2646 1773 2682 supra
1790 2633 1821 2681 ²¹³,
1852 2632 2035 2681 significat
2059 2632 2295 2681 relationem,
2315 2639 2430 2682 prout
2458 2639 2514 2670 est

1444 2687 1653 2725 subsistens
1671 2687 1709 2724 in
1729 2694 1863 2723 natura
1888 2685 2027 2724 divina.
2058 2685 2205 2724 Relatio
2225 2693 2366 2733 autem,
2387 2685 2437 2724 ad
2456 2697 2513 2724 es-

1445 2740 1604 2778 sentiam
1645 2747 1885 2789 comparata,
1914 2752 1994 2777 non
2028 2739 2152 2777 differt
2179 2752 2241 2787 re,
2271 2739 2339 2777 sed
2368 2738 2513 2777 ratione

1443 2802 1612 2832 tantum:
1643 2801 1864 2842 comparata
1892 2800 2021 2830 autern
2045 2793 2094 2830 ad
2119 2792 2337 2842 oppositam
2366 2792 2513 2830 relatio-

1444 2860 1546 2895 nem,
1574 2847 1699 2893 habet,
1728 2847 1866 2883 virtute
1894 2846 2145 2896 oppositionis
2163 2843 2187 2894 ⁰,
2217 2846 2358 2883 realem
2383 2845 2512 2883 distin-

1446 2901 1624 2938 ctionem.
1663 2901 1712 2937 Et
1747 2900 1800 2937 sic
1833 2907 2005 2938 remanet
2042 2912 2120 2937 una
2154 2899 2334 2946 essentia,
2369 2906 2406 2936 et
2437 2906 2512 2936 tres

1444 2955 1648 2992 Personae.

1498 3009 1556 3045 Αι)
1586 3018 1722 3044 ΡιιιινιυΜ
1756 3018 1845 3054 ergo
1884 3005 2090 3043 dicendum
2127 3005 2233 3053 quod
2265 3004 2303 3042 in
2333 3004 2512 3042 creaturis

1445 3073 1524 3098 non
1551 3068 1677 3109 potest
1705 3071 1788 3096 esse
1815 3059 2001 3096 distinctio
2026 3058 2311 3108 suppositorum
2330 3070 2400 3107 per
2419 3058 2512 3096 rela-

1445 3114 1579 3161 tiones,
1610 3113 1677 3150 sed
1707 3120 1858 3162 oportet
1885 3113 1990 3162 quod
2009 3111 2055 3149 sit
2071 3124 2142 3161 per
2170 3111 2382 3149 essentialia
2409 3111 2511 3160 prin-

1446 3167 1563 3216 cipia:
1603 3166 1692 3216 quia
1728 3166 1927 3203 relationes
1964 3177 2042 3203 non
2079 3172 2167 3202 sunt
2200 3164 2445 3202 subsistentes
2473 3164 2512 3202 in

1447 3219 1636 3257 creaturis.
1668 3220 1710 3256 In
1736 3218 1873 3256 divinis
1902 3226 2029 3256 autern
2058 3217 2258 3255 relationes
2286 3226 2373 3256 sunt
2392 3217 2512 3256 subsi-

1446 3280 1604 3310 stentes:
1636 3279 1671 3309 et
1690 3272 1777 3310 ideo
1797 3279 1816 3319 ¹,
1845 3271 2056 3310 secundum
2073 3271 2178 3320 quod
2197 3271 2339 3309 habent
2358 3270 2511 3321 opposi-

1446 3326 1590 3363 tionem
1611 3325 1660 3363 ad
1679 3325 1858 3372 invicem,
1875 3331 2036 3375 possunt
2056 3324 2281 3373 distinguere
2301 3324 2509 3374 supposita.

1447 3380 1586 3427 Neque
1606 3386 1735 3416 tamen
1756 3378 1992 3426 distinguitur
2007 3378 2185 3415 essentia:
2207 3377 2295 3428 quia
2310 3377 2510 3415 relationes

379 3491 406 3523 α)
426 3491 551 3516 absolute.
569 3506 587 3510 -
606 3492 667 3517 Om.
680 3493 780 3518 ACDE.

379 3524 404 3558 β)
423 3527 560 3552 concretis.
578 3541 596 3546 -
614 3528 640 3552 in
659 3531 781 3553 concreto
799 3529 914 3560 acceptis
932 3529 980 3558 Aa,
1001 3536 1054 3553 om.
1074 3530 1151 3554 ceteri
1170 3535 1195 3554 et
1214 3530 1237 3555 b.

378 3562 405 3594 γ)
424 3561 633 3593 approprianda.
651 3576 671 3582 —
689 3563 860 3588 attribuenda
879 3563 976 3593 ABCE,
995 3565 1173 3596 appropriata
1192 3565 1223 3589 1).

379 3595 403 3627 ὃ)
423 3597 522 3628 cuique.
541 3611 560 3617 —
577 3598 620 3622 cui
639 3598 739 3623 codices
759 3603 783 3623 et
801 3599 853 3623 ab.

379 3631 400 3663 ε)
420 3631 499 3656 simul
517 3635 543 3656 et
560 3634 646 3658 semel.
664 3647 682 3652 -
701 3633 762 3658 Om.
778 3634 925 3665 ABCDEF;
945 3634 1058 3659 simul...
1072 3638 1098 3659 et
1117 3635 1224 3668 negatio
1244 3643 1296 3660 om.
1312 3635 1344 3660 G.

1497 3493 1522 3526 ζ)
1542 3494 1620 3526 quod.
1639 3507 1658 3512 —
1675 3493 1738 3526 quia
1757 3490 1887 3522 pum-'au
1907 3500 1960 3517 om.
1979 3493 2009 3518 C.

1497 3528 1525 3560 η)
1544 3532 1571 3554 et
1589 3529 1740 3554 relatIones.
1758 3542 1777 3546 —
1795 3527 1938 3553 relationes
1956 3528 1985 3553 P.

1498 3562 1522 3596 θ)
1543 3564 1641 3589 virtute
1659 3563 1842 3596 oppositionis.
1859 3577 1878 3582 -
1897 3563 2022 3589 virtutem
2041 3563 2214 3597 oppositionis
2233 3562 2360 3596 CEpABF
2379 3569 2409 3588 nc
2424 3562 2511 3588 addito

1443 3602 1470 3625 ‘t
1488 3599 1520 3666 ¹35
1536 3638 1562 3659 et
1581 3634 1648 3659 ideo.
1667 3648 1685 3653 -
1704 3633 1762 3659 ideo
1782 3634 1889 3659 PBFab.

2539 2642 2551 2653 u

2638 2165 2654 2189 ’l

2560 2323 2609 2352 Qu.
2618 2328 2700 2352 xxvm,
2709 2326 2754 2346 art.

2565 2641 2615 2670 Qu.
2628 2647 2693 2670 xxix,
2708 2645 2751 2664 ιη.
