2768 4178
53 1936 61 1944 '
80 1935 127 1962 Qu.
144 1935 262 1962 praeced..

51 1965 94 1983 art.
111 1968 133 1987 4.
147 1989 159 1996 κ

146 1997 159 2013 ο

51 2207 59 2214 “
77 2204 142 2225 vers.
154 2204 190 2229 48.

54 2372 63 2382 ⁶
74 2371 266 2393 S.Th.1ect.v1n.

57 2410 67 2414 -
90 2398 142 2419 Did.
165 2398 204 2419 lib.
220 2397 267 2424 xl,

54 2431 106 2452 cap.
123 2430 162 2449 vn,
179 2431 202 2446 n.
217 2431 240 2452 9.

156 2453 170 2481 t

298 270 343 304 50

1026 267 1294 313 QUAESTIO
1327 267 1392 314 1V,
1424 267 1721 304 ARTICULUS
1753 268 1766 303 I

999 493 1411 570 QUAESTIO
1451 495 1790 570 QUARTA

895 632 999 671 DE
1053 632 1198 672 DEI
1252 632 1887 674 PERFECTIONE

1123 755 1157 780 IN

360 857 801 906 osrsconsiderationem
834 856 985 894 divinae
1018 855 1282 905 simplicitatis,
1312 855 1359 892 de

292 870 591 962 Pperfectione
612 911 730 959 ipsius
745 911 817 947 Dei
840 910 1047 947 dicendum
1064 916 1080 930 ·‘
1103 917 1168 946 est.
1198 910 1247 945 Et
1272 909 1362 958 quia

290 966 609 1014 unumquodque,
627 964 836 1001 secundum
862 963 967 1012 quod
987 964 1198 1012 perfectum
1221 970 1287 1008 est,
1309 962 1361 999 sic

292 1020 425 1057 dicitur
445 1021 603 1064 bonum,
624 1017 750 1066 primo
771 1018 963 1065 agendum
984 1024 1040 1053 est
1060 1017 1108 1053 de
1128 1016 1361 1064 perfectione

292 1074 440 1118 divina;
470 1072 639 1109 secundo
670 1071 716 1108 de
748 1071 828 1107 eius
857 1070 1024 1107 bonitate
1044 1070 1073 1106 ²¹².

1186 755 1277 780 TRES
1306 755 1509 780 ARTlCULOS
1538 756 1655 781 DIVISA

1416 856 1526 893 Circa
1554 857 1723 905 primurn
1752 865 1989 905 quaeruntur
2017 858 2098 895 tria.

1469 909 1622 946 Primo:
1652 918 1781 948 utrum
1811 911 1918 947 Deus
1946 910 1992 947 sit
2020 911 2221 959 perfectus.

1471 963 1674 1000 Secundo:
1703 971 1833 1000 utrum
1863 965 1969 1001 Deus
1984 962 2001 992 β
2021 964 2067 1001 sit
2085 964 2352 1002 universaliter
2370 965 2494 1014 perfe-

1525 1023 1617 1062 ctus,
1648 1016 1825 1053 omniurn
1853 1016 1891 1053 in
1921 1030 1961 1053 se
1989 1017 2243 1066 perfectiones
2270 1018 2429 1055 habens.

1472 1069 1616 1106 Tertio:
1629 1077 1757 1106 utrum
1768 1078 1963 1106 creaturae
1979 1070 2121 1107 similes
2132 1071 2217 1107 Deo
2230 1071 2302 1108 dici
2313 1071 2492 1120 possins&

1113 1179 1434 1222 ARTICULUS
1466 1180 1673 1221 PRIMUS

984 1271 1170 1302 UTRUM
1202 1270 1333 1301 DEUS
1366 1270 1447 1301 SIT
1481 1270 1804 1302 PERFECTUS

453 1363 461 1386 l
485 1363 560 1387 Cont.
582 1363 668 1390 Geni„
689 1369 744 1393 cap.
764 1368 854 1391 xxvm;
876 1360 918 1384 De
943 1359 1031 1388 Verit„
1051 1367 1097 1391 qu.
1116 1366 1143 1388 n,
1164 1364 1211 1383 art.
1233 1358 1256 1389 3,
1277 1359 1308 1384 ad
1332 1359 1375 1390 13;
1399 1359 1545 1391 Compend.
1565 1359 1666 1388 Theol„
1687 1367 1742 1391 cap.
1762 1366 1806 1389 xx;
1829 1360 1871 1384 De
1891 1360 1954 1385 Div.
1973 1361 2061 1388 Nom„
2083 1368 2140 1393 cap.
2159 1368 2216 1391 xm,
2238 1362 2295 1386 lect.
2315 1369 2334 1386 ι.

444 1480 453 1487 s
505 1463 527 1487 n
557 1462 694 1487 PmMUM
728 1462 781 1487 SIC
810 1461 1050 1486 PRocssmwa.
1080 1448 1239 1485 Videtur
1259 1448 1364 1497 quod

480 1522 485 1537 ,·
507 1516 589 1541 esse
604 1504 816 1552 perfectum
832 1515 911 1539 non
931 1501 1135 1539 conveniat
1154 1502 1251 1538 Deo.
1274 1503 1363 1538 Per-

356 1598 359 1604 ,
480 1557 647 1597 fectum
677 1556 779 1593 enirn
809 1556 942 1593 dicitur
974 1555 1083 1604 quasi
1119 1555 1283 1591 totaliter
1312 1555 1364 1591 fa-

351 1627 361 1639 =
464 1604 621 1649 ketum.
661 1610 738 1647 Sed
767 1611 851 1646 Deo
881 1621 959 1646 non
998 1607 1176 1645 convenit
1206 1620 1287 1644 esse
1312 1608 1364 1644 fa·

294 1672 408 1700 ctum.
440 1665 541 1712 Ergo
571 1677 642 1701 nec
671 1675 753 1700 esse
783 1663 1006 1712 perfectum.

349 1729 382 1753 2.
414 1718 655 1764 ΡΒΑΕΤΕΚΕΑ,
686 1718 792 1754 Deus
822 1723 877 1753 est
910 1716 1077 1764 primum
1107 1727 1235 1751 rerum
1264 1714 1365 1763 prin-

294 1770 445 1818 cipium.
477 1771 554 1808 Sed
573 1770 758 1820 principia
778 1782 906 1806 rerum
925 1769 1104 1806 videntur
1124 1780 1205 1805 esse
1226 1768 1364 1816 imper-

292 1824 405 1860 fecta:
436 1836 569 1861 semen
598 1824 701 1861 enim
731 1831 786 1860 est
813 1822 1045 1872 principium
1075 1821 1299 1859 animalium
1331 1829 1366 1857 et

291 1878 520 1926 plantarum.
551 1878 653 1925 Ergo
684 1878 789 1914 Deus
819 1884 875 1913 est
903 1876 1160 1925 imperfectus.

348 1932 381 1967 3.
413 1931 647 1977 ΡΗΑΕΤΕΗΕΑ,
679 1938 875 1967 ostensum
907 1938 963 1966 est
991 1941 1106 1977 supra
1125 1928 1144 1950 '¹‘
1173 1928 1279 1976 quod
1309 1940 1365 1965 es·

292 1984 410 2021 sentia
427 1982 439 2004 ⁵
463 1984 535 2020 Dei
556 1992 611 2020 est
630 1984 755 2032 ipsum
777 1995 870 2019 esse.
904 1982 981 2019 Sed
1006 1983 1134 2031 ipsum
1156 1994 1238 2018 esse
1258 1981 1364 2018 vide-

291 2045 351 2074 tur
380 2050 461 2074 esse
491 2037 882 2086 imperfectissimum:
914 2048 1003 2073 curn
1023 2035 1069 2072 sit
1098 2034 1362 2072 communissi-

292 2103 414 2137 mum,
431 2098 468 2126 et
488 2090 673 2139 recipiens
694 2090 869 2126 omnium
890 2089 1116 2126 additiones,
1139 2090 1242 2137 Ergo
1259 2090 1365 2125 Deus

293 2152 348 2181 est
376 2144 619 2193 imperfectus
639 2150 660 2180 ¹.

348 2198 422 2234 SED
451 2209 598 2234 CONTRA
626 2209 691 2234 EST
720 2197 824 2245 quod
859 2196 994 2233 dicitur
1023 2196 1130 2232 Matt.
1151 2195 1223 2233 v*:
1254 2200 1367 2232 estote

290 2251 458 2299 perfecti,
474 2251 569 2287 sicut
587 2256 622 2287 et
639 2251 753 2287 Pater
771 2255 892 2286 vester·
911 2249 1076 2286 caelestis
1090 2250 1282 2298 perfectus
1300 2254 1364 2285 est.

349 2306 574 2341 RESPONDEO
604 2315 788 2340 D1CENDUM
823 2303 949 2350 quod,
985 2302 1080 2339 sicut
1108 2302 1365 2351 Philosophus

296 2365 421 2395 narrat
445 2357 484 2394 in
504 2358 572 2393 XII
594 2357 810 2405 Metaphys.
831 2356 862 2402 ³¹⁸,
893 2355 1051 2405 quidam
1072 2355 1085 2380 ζ
1113 2355 1257 2404 antiqui
1283 2355 1367 2404 phi-

296 2411 467 2460 losophi,
498 2410 636 2447 scilicet
664 2409 907 2458 Pythagorici·
934 2416 969 2445 et
998 2409 1256 2458 Speusippus,
1288 2421 1366 2445 non

297 2465 544 2502 attribuerunt
582 2463 770 2512 optimum
810 2471 846 2500 et
882 2462 1202 2511 perfectissimum
1240 2461 1364 2511 primo

296 2517 493 2567 principio.
525 2517 642 2554 Cuius
672 2516 765 2553 ratio
788 2524 855 2563 est,
877 2515 964 2564 quia
983 2515 1201 2565 philosophi
1222 2515 1365 2565 antiqui

298 2571 636 2608 consideraverunt
650 2569 880 2619 principium
895 2569 1090 2606 materiale
1106 2577 1271 2606 tanturn:
1293 2569 1366 2617 pri-

297 2637 404 2662 mum
435 2631 562 2661 autem
601 2623 829 2672 principium
864 2623 1059 2660 materiale
1088 2622 1366 2672 imperfectissi-

298 2690 405 2715 mum
437 2685 501 2714 est.
534 2678 634 2713 Cum
665 2676 765 2713 enim
796 2676 965 2722 materia,
983 2676 1208 2726 inquantum
1237 2676 1365 2712 huius—

297 2731 415 2777 modi⁷
437 2731 483 2767 sit
510 2730 548 2766 in
577 2730 755 2779 potentia,
785 2737 934 2778 oportet
954 2730 1059 2777 quod
1078 2729 1246 2778 primum
1267 2729 1366 2778 prin—

298 2785 437 2833 cipium
467 2783 659 2820 materiale
689 2783 734 2820 sit
771 2783 936 2820 maxime
964 2783 1002 2820 in
1034 2782 1223 2832 potentia;
1255 2790 1291 2819 et
1319 2783 1368 2819 ita

298 2838 464 2875 maxime
495 2837 772 2885 imperfectum.

351 2892 456 2927 Deus
485 2898 613 2927 autem
637 2890 791 2938 ponitur
818 2889 986 2938 primum
1017 2889 1258 2938 principium,
1290 2901 1367 2926 non

298 2944 500 2990 materiale,
517 2943 585 2980 sed
604 2943 642 2980 in
662 2955 800 2991 genere
821 2955 957 2979 causae
979 2942 1192 2980 efficientis:
1214 2950 1251 2980 et
1269 2943 1368 2979 hoc'¹

299 3005 449 3046 oportet
470 3009 551 3034 esse
580 2996 909 3046 perfectissimum.
943 2996 1047 3032 Sicut
1075 2996 1175 3033 enirn
1196 2995 1367 3042 materia,

299 3051 525 3099 inquantum
545 3049 777 3097 huiusmodi,
800 3058 855 3086 est
883 3049 920 3085 in
949 3049 1135 3097 potentia;
1166 3049 1215 3086 ita
1239 3061 1367 3096 agens,

299 3105 526 3153 inquantum
547 3103 779 3149 huiusmodi,
801 3110 856 3139 est
884 3102 922 3139 in
943 3110 1038 3139 actu.
1069 3103 1179 3140 Unde
1199 3102 1368 3151 primum

299 3157 526 3207 principium
547 3156 714 3194 activum
745 3163 895 3204 oportet
915 3155 1081 3192 maxime
1103 3167 1185 3192 esse
1205 3155 1243 3192 in
1263 3162 1367 3192 actu:

354 3288 380 3318 α)
401 3287 549 3312 dicendum.
567 3300 587 3305 -
604 3284 739 3318 agendum
759 3284 870 3308 codices.

355 3322 380 3355 β)
395 3323 475 3347 Deus.
485 3335 502 3340 -
514 3322 575 3346 Om.
586 3321 697 3346 codices.
709 3333 728 3338 -
740 3320 791 3344 Pro
805 3320 931 3347 omnium,
943 3319 1020 3352 quasi
1032 3320 1149 3344 omnium
1160 3318 1282 3349 ABCFG,
1292 3318 1370 3351 quasi

301 3365 403 3383 omnem
423 3358 456 3387 E,
476 3357 539 3390 quia
558 3363 661 3381 omnem
681 3356 712 3386 D,
732 3355 800 3380 idest
824 3355 941 3380 omnium
961 3355 1020 3380 edd.
1039 3362 1055 3380 a
1067 3356 1096 3384 b,·
1115 3363 1163 3388 pro
1177 3353 1368 3388 perfectiones,

297 3393 487 3428 perfectionem
508 3392 609 3417 codices
629 3396 653 3416 et
673 3391 714 3416 ed.
727 3391 751 3420 b,
767 3388 898 3424 perfectio
918 3391 958 3415 ed.
971 3398 996 3414 a.

354 3430 380 3462 γ)
401 3428 498 3453 similes
518 3428 575 3452 Deo
595 3427 648 3452 dic-i
666 3426 781 3459 possint.
799 3440 818 3445 -
831 3426 937 3458 possint
957 3425 1010 3451 αἰεί
1030 3426 1087 3450 Deo
1106 3425 1204 3451 similes
1222 3424 1325 3450 codices
1345 3428 1370 3448 et

303 3465 360 3489 edd.
378 3464 429 3488 ab.

355 3499 380 3531 ὃ)
399 3499 520 3524 essentia.
539 3513 558 3518 —
577 3501 675 3523 natura
694 3497 796 3522 codices
815 3502 840 3521 et
859 3497 919 3521 edd.
937 3497 987 3522 ab.

357 3535 379 3566 ε)
399 3538 438 3559 est
456 3534 632 3567 imperfectus.
651 3547 669 3552 —
688 3540 738 3557 non
758 3536 798 3558 est
812 3533 949 3565 perfectus
968 3531 1089 3556 ACDEF.

356 3569 380 3602 ζ)
392 3570 508 3601 quidam.
518 3583 531 3588 -
543 3569 614 3601 quod
623 3568 732 3601 quidam
743 3568 880 3593 codices.-
893 3567 943 3592 Pro
955 3567 1141 3600 Pythagorici,
1152 3566 1325 3600 Pythagoras
1335 3566 1369 3595 B;

303 3613 350 3638 pro
370 3605 539 3637 Speusippus,
554 3604 702 3636 Leucippus
721 3603 786 3628 PBD
806 3608 831 3628 et
848 3603 906 3627 edd.
921 3610 938 3628 a
949 3602 971 3631 b,
991 3603 1029 3627 eie
1043 3610 1103 3627 cum
1116 3602 1200 3635 spatio
1214 3609 1259 3627 sex
1271 3601 1318 3626 litt.
1331 3600 1369 3631 G,

304 3640 335 3665 cf.
354 3640 457 3664 Aristot.
477 3640 526 3664 loc.
541 3640 581 3664 cit.
600 3654 618 3658 —
638 3639 687 3664 Pro
705 3639 894 3667 attribuerunt,
915 3638 1067 3663 attribuunt
1086 3637 1178 3662 BDEG
1198 3643 1222 3662 et
1241 3637 1299 3662 edd.
1318 3636 1368 3661 ab.

1421 1456 1456 1485 et
1475 1461 1544 1497 per
1565 1461 1806 1497 consequens
1835 1449 2002 1486 maxime
2027 1462 2110 1486 esse
2129 1448 2142 1470 ⁰
2169 1450 2394 1499 perfectum.
2426 1451 2494 1488 Se-

1421 1502 1592 1539 cundum
1621 1503 1696 1539 hoc
1717 1502 1817 1539 enirn
1839 1503 1973 1540 dicitur
2000 1503 2141 1552 aliquid
2164 1516 2246 1540 esse
2265 1504 2492 1552 perfectum,

1421 1556 1658 1593 secundum‘
1679 1556 1784 1604 quod
1800 1564 1855 1593 est
1875 1564 1977 1593 actu:
2003 1569 2092 1594 nam
2113 1557 2326 1605 perfectum
2346 1557 2492 1605 dicitur,

1422 1610 1482 1646 cui
1497 1609 1588 1646 nihil
1605 1609 1710 1646 deest
1725 1610 1939 1647 secundum
1955 1610 2118 1647 modum
2133 1623 2226 1647 suae
2238 1610 2491 1659 perfectionis.

1475 1666 1534 1700 AD
1554 1675 1692 1700 ptumum
1713 1675 1812 1700 ERGO
1831 1675 2017 1700 met-:NDUM
2037 1663 2154 1712 quod,
2176 1663 2271 1700 sicut
2291 1663 2379 1701 dicit
2399 1664 2493 1701 Gre-

1421 1716 1549 1764 gorius
1574 1716 1613 1763 *,
1644 1716 1882 1754 balbutiendo
1913 1722 1953 1753 ut
1981 1729 2205 1765 possumus,
2243 1717 2392 1754 excelsa
2420 1718 2496 1754 Dei

1421 1782 1665 1807 resonamus:
1703 1771 1805 1818 quod
1835 1770 1935 1807 enim
1962 1771 2117 1818 sactum
2155 1782 2230 1807 non
2269 1776 2342 1817 est,
2365 1772 2493 1820 perse-

1421 1829 1520 1860 ctum
1552 1823 1712 1872 proprie
1748 1823 1823 1860 dici
1856 1835 1930 1860 non
1954 1829 2086 1872 potest.
2132 1824 2209 1861 Sed
2238 1823 2328 1873 quia
2364 1824 2403 1861 in
2435 1823 2494 1862 his

1422 1889 1521 1924 quae
1551 1877 1659 1923 fiunt,
1681 1884 1771 1913 tunc
1791 1876 1926 1914 dicitur
1955 1889 2038 1913 esse
2064 1876 2206 1924 aliquid
2225 1883 2238 1897 ¹
2266 1877 2492 1926 perfectum,

1422 1942 1510 1966 curn
1541 1931 1588 1967 de
1617 1929 1787 1978 potentia
1807 1929 1978 1966 educitur
2005 1930 2043 1966 in
2073 1937 2219 1976 actum;
2248 1930 2495 1968 transumitur

1420 1984 1495 2020 hoc
1524 1995 1670 2020 nomen
1692 1983 1924 2031 perfectum,
1961 1983 2011 2020 ad
2049 1982 2343 2030 significandum
2376 1996 2492 2021 omne

1420 2037 1512 2074 illud
1533 2036 1593 2073 cui
1612 2048 1692 2073 non
1712 2036 1818 2073 deest
1838 2048 1920 2073 esse
1945 2036 1983 2073 in
2004 2043 2102 2083 actu,
2123 2036 2204 2073 sive
2228 2037 2304 2073 hoc
2326 2037 2468 2075 habeat
2482 2035 2495 2059 ²

1419 2102 1488 2139 per
1517 2089 1679 2127 modum
1710 2089 1894 2136 factionis,
1924 2089 2005 2126 sive
2034 2101 2126 2126 non.

1474 2145 1534 2180 An
1563 2154 1755 2180 SECUNDUM
1783 2154 1967 2180 memnon
2006 2142 2112 2192 quod
2145 2142 2375 2192 principium
2414 2155 2494 2180 ma-

1420 2196 1570 2243 teriale,
1601 2196 1706 2244 quod
1736 2196 1840 2244 apud
1868 2207 1940 2232 nos
1977 2195 2244 2244 imperfectum
2281 2196 2493 2244 invenitur,

1422 2261 1500 2287 non
1527 2256 1653 2299 potest
1681 2261 1764 2286 esse
1793 2248 2013 2298 simpliciter
2040 2249 2222 2297 primurn,
2244 2249 2311 2286 sed
2340 2261 2495 2298 praece-

1422 2302 1522 2340 ditur
1535 2309 1555 2330 u
1574 2303 1622 2339 ab
1643 2301 1715 2339 alio
1735 2302 1916 2350 perfecto.
1939 2302 2042 2339 Nam
2061 2314 2206 2349 semen,
2223 2303 2310 2339 licet
2328 2303 2374 2340 sit
2392 2303 2494 2352 prin-

1422 2356 1564 2405 cipium
1594 2355 1768 2392 animalis
1801 2355 1968 2403 generati
1998 2367 2043 2392 ex
2071 2355 2238 2402 semine,
2268 2363 2398 2393 tamen
2426 2357 2494 2394 ha-

1421 2410 1485 2446 bet
1513 2417 1599 2446 ante
1629 2421 1669 2445 se
1699 2408 1838 2445 animal
1867 2409 1929 2445 vel
1957 2409 2128 2458 plantam
2157 2409 2260 2446 unde
2295 2409 2491 2447 deciditur.

1422 2463 1585 2512 Oportet
1614 2461 1715 2498 enirn
1744 2469 1830 2499 ante
1859 2461 1897 2499 id
1927 2461 2033 2510 quod
2062 2470 2117 2499 est
2145 2461 2184 2499 in
2207 2462 2388 2511 potentia,
2411 2475 2494 2500 esse

1421 2515 1564 2564 aliquid
1589 2523 1694 2552 actu:
1727 2527 1815 2552 cum
1845 2527 1911 2552 ens
1941 2515 1979 2552 in
2006 2515 2177 2563 potentia
2196 2528 2274 2552 non
2294 2516 2495 2554 reducatur

1422 2570 1459 2606 in
1488 2576 1629 2615 actum,
1658 2568 1728 2605 nisi
1756 2580 1826 2617 per
1853 2568 2008 2617 aliquod
2037 2580 2104 2605 ens
2133 2568 2170 2605 in
2199 2577 2296 2606 actu.

1475 2624 1534 2659 Αι)
1572 2633 1732 2659 T-ERTmM
1775 2633 1959 2659 υιεεΝυυΜ
2001 2623 2105 2671 quod
2144 2621 2271 2671 ipsum
2314 2634 2397 2659 esse
2440 2630 2496 2660 est

1421 2675 1740 2725 perfectissimum
1770 2675 1944 2711 omnium
1972 2675 2008 2711 *ε
2040 2683 2285 2724 comparatur
2314 2675 2416 2713 enirn
2445 2675 2495 2714 ad

1423 2729 1553 2766 omnia
1567 2736 1610 2765 ut
1624 2735 1741 2765 actus.
1764 2727 1867 2764 Nihil
1884 2728 1986 2765 enim
2002 2729 2117 2766 habet
2136 2728 2403 2777 actualitatem,
2424 2728 2494 2766 nisi

1423 2782 1649 2831 inquantum
1687 2789 1762 2818 est:
1801 2781 1904 2818 unde
1939 2782 2060 2830 ipsum
2103 2794 2186 2819 esse
2216 2790 2272 2819 est
2300 2782 2494 2819 actualitas

1423 2835 1599 2872 omnium
1616 2846 1758 2881 rerum,
1771 2842 1807 2871 et
1823 2834 1935 2871 etiam
1953 2835 2122 2883 ipsarum
2139 2835 2362 2872 formarum.
2381 2835 2493 2872 Unde

1424 2901 1502 2926 non
1531 2895 1775 2937 comparatur
1803 2887 1851 2924 ad
1880 2887 1950 2924 alia
1980 2888 2075 2925 sicut
2099 2888 2285 2937 recipiens
2314 2887 2363 2925 ad
2392 2900 2494 2925 rece-

1422 2950 1552 2991 ptum:
1583 2941 1651 2979 sed
1671 2941 1792 2989 magis
1826 2941 1922 2977 sicut
1950 2949 2146 2991 receptum
2180 2941 2228 2978 ad
2257 2940 2442 2990 recipiens
2460 2941 2491 2979 *.

1424 2996 1524 3032 Cum
1544 2994 1645 3032 enirn
1666 2994 1752 3031 dico
1773 3006 1851 3030 esse
1870 2994 2048 3041 hominis,
2065 2995 2127 3032 vel
2147 2994 2269 3043 equi'‚
2286 2995 2349 3031 vel
2370 2994 2493 3033 cuius—

1424 3060 1590 3097 cumque
1620 3047 1784 3094 alterius‚
1805 3047 1931 3096 ipsum
1961 3060 2045 3085 esse
2075 3047 2337 3085 consideratur
2359 3056 2402 3085 ut
2421 3048 2494 3086 for-

1423 3102 1522 3138 male
1552 3109 1588 3138 et
1607 3108 1821 3150 receptum:
1852 3113 1930 3138 non
1951 3109 2079 3138 autem
2100 3108 2141 3137 ut
2156 3098 2169 3124 ε
2192 3100 2282 3138 illud
2303 3101 2363 3137 cui
2389 3113 2493 3139 com-

1424 3162 1516 3204 petit
1545 3166 1639 3191 esse.

1476 3283 1503 3314 η)
1523 3286 1549 3307 et
1567 3283 1623 3308 hoc.
1642 3296 1661 3302 -
1679 3282 1751 3315 quod
1769 3283 1799 3307 B.

1477 3316 1501 3350 ⁰)
1521 3325 1584 3343 esse.
1603 3331 1621 3338 -·
1639 3318 1702 3343 Om.
1715 3318 1828 3343 codices.

1478 3354 1496 3386 ι)
1515 3353 1669 3379 secundum.
1687 3367 1706 3372 -
1725 3353 1787 3379 Om.
1802 3353 1926 3378 ACDFG.

1478 3389 1503 3422 κ)
1523 3396 1579 3414 esse
1596 3388 1708 3421 aliquid.
1726 3403 1746 3409 -
1763 3389 1868 3421 aliquid
1886 3389 1918 3418 G.
1937 3388 2041 3421 aliquid
2059 3395 2114 3414 esse
2133 3389 2220 3414 ceteri.

1477 3423 1505 3457 λ)
1525 3425 1573 3449 hoc
1592 3424 1696 3449 habeat.
1714 3438 1733 3444 -
1751 3424 1813 3449 Om.
1829 3425 1859 3449 Β.
1876 3437 1896 3443 -
1915 3423 1966 3449 Pro
1980 3431 2032 3456 per
2051 3424 2158 3449 modum
2172 3424 2310 3458 factionis,
2318 3431 2372 3457 per
2385 3424 2493 3450 modum

1419 3459 1593 3493 perfectionis
1613 3459 1657 3484 PG
1676 3464 1701 3484 et
1720 3459 1778 3484 edd.
1797 3459 1849 3484 ab.

1477 3496 1505 3528 μ)
1521 3495 1704 3527 praeceditur.
1722 3508 1741 3514 -
1754 3494 1880 3527 procedit
1892 3494 1960 3519 BEG
1979 3500 2005 3520 et
2024 3495 2065 3520 ed.
2080 3495 2104 3520 b.
2122 3509 2140 3514 -
2158 3495 2210 3520 Pro
2228 3495 2296 3525 alio,
2315 3494 2406 3529 aliquo
2424 3494 2492 3520 ΑΕΒ

1423 3530 1528 3555 EFGsss
1547 3535 1573 3554 et
1592 3530 1650 3554 edd.
1669 3529 1721 3559 ab,
1739 3529 1827 3555 activo
1847 3530 1894 3562 pB.

1444 3566 1499 3625 ¹‚exo
1522 3565 1563 3625 13³1
1580 3565 1648 3597 equi.
1667 3579 1686 3584 -
1705 3565 1745 3590 vel
1763 3571 1819 3590 esse
1840 3564 1900 3597 equi
1919 3565 1952 3595 C,
1972 3573 2026 3591 om.
2040 3566 2068 3590 B.
2087 3579 2105 3584 -
2124 3566 2174 3591 Pro
2192 3565 2386 3598 cuiuscumque,
2406 3566 2493 3591 cuius—

1424 3600 1443 3625 11·
1475 3603 1486 3625 t
1504 3601 1525 3624 B
1551 3618 1558 3625 .

1478 3633 1501 3668 Ε)
1521 3639 1558 3660 ut.
1579 3650 1595 3654 -
1614 3635 1676 3660 Om.
1692 3635 1792 3660 codices
1813 3640 1837 3660 et
1856 3635 1914 3660 edd.
1933 3636 1984 3660 ab.

2522 1731 2530 1739 ·
2542 1728 2716 1755 Mora1.lib.v,

2522 1761 2575 1783 cup.
2586 1761 2665 1795 xxxin,
2683 1756 2714 1786 pl.

2521 1808 2543 1831 X
2598 1798 2610 1836 ',
2627 1782 2715 1837 ἕρπ’..

2523 2682 2532 2692 ·
2548 2681 2577 2704 D.
2591 2687 2639 2710 559.

2521 2947 2530 2956 ·
2546 2946 2574 2968 D.
2589 2946 2639 2975 562.
