<?xml version="1.0" encoding="UTF-8"?>
<!DOCTYPE html PUBLIC "-//W3C//DTD XHTML 1.0 Transitional//EN"
    "http://www.w3.org/TR/xhtml1/DTD/xhtml1-transitional.dtd">
<html xmlns="http://www.w3.org/1999/xhtml" xml:lang="en" lang="en">
 <head>
  <title>
</title>
<meta http-equiv="Content-Type" content="text/html;charset=utf-8" />
  <meta name='ocr-system' content='tesseract 3.04.00' />
  <meta name='ocr-capabilities' content='ocr_page ocr_carea ocr_par ocr_line ocrx_word'/>
</head>
<body>
  <div class='ocr_page' id='page_1' title='image "./operaomniaiussui04thom/operaomniaiussui04thom_0228.png"; bbox 0 0 2768 4178; ppageno 0'>
   <div class='ocr_carea' id='block_1_1' title="bbox 88 806 196 828">
    <p class='ocr_par' dir='ltr' id='par_1_1' title="bbox 88 806 196 828">
     <span class='ocr_line' id='line_1_1' title="bbox 88 806 196 828; baseline 0.009 -1"><span class='ocrx_word' id='word_1_1' title='bbox 88 808 96 815; x_wconf 88' lang='grc'>·</span> <span class='ocrx_word' id='word_1_2' title='bbox 113 806 164 828; x_wconf 81' lang='lat' dir='ltr'>Art.</span> <span class='ocrx_word' id='word_1_3' title='bbox 180 813 196 828; x_wconf 85' lang='lat'>1.</span> 
     </span>
    </p>
   </div>
   <div class='ocr_carea' id='block_1_2' title="bbox 80 1501 295 1583">
    <p class='ocr_par' dir='ltr' id='par_1_2' title="bbox 80 1501 295 1583">
     <span class='ocr_line' id='line_1_2' title="bbox 86 1501 294 1523; baseline 0.005 -1"><span class='ocrx_word' id='word_1_4' title='bbox 86 1501 97 1511; x_wconf 80' lang='lat'>⁸</span> <span class='ocrx_word' id='word_1_5' title='bbox 112 1501 137 1522; x_wconf 88' lang='lat' dir='ltr'>S.</span> <span class='ocrx_word' id='word_1_6' title='bbox 147 1501 192 1522; x_wconf 82' lang='lat' dir='ltr'>Th.</span> <span class='ocrx_word' id='word_1_7' title='bbox 207 1502 259 1523; x_wconf 87' lang='lat' dir='ltr'>lect.</span> <span class='ocrx_word' id='word_1_8' title='bbox 270 1508 294 1523; x_wconf 89' lang='lat'>11.</span> 
     </span>
     <span class='ocr_line' id='line_1_3' title="bbox 85 1527 295 1555; baseline 0.014 -6"><span class='ocrx_word' id='word_1_9' title='bbox 85 1539 95 1543; x_wconf 99' lang='lat'>-</span> <span class='ocrx_word' id='word_1_10' title='bbox 110 1527 163 1549; x_wconf 86' lang='lat' dir='ltr'>Did.</span> <span class='ocrx_word' id='word_1_11' title='bbox 178 1528 238 1549; x_wconf 86' lang='lat' dir='ltr'>lib.1</span> <span class='ocrx_word' id='word_1_12' title='bbox 254 1530 295 1555; x_wconf 73' lang='lat' dir='ltr'>la),</span> 
     </span>
     <span class='ocr_line' id='line_1_4' title="bbox 80 1560 236 1583; baseline 0.006 -8"><span class='ocrx_word' id='word_1_13' title='bbox 80 1560 131 1581; x_wconf 87' lang='lat' dir='ltr'>cap.</span> <span class='ocrx_word' id='word_1_14' title='bbox 148 1560 163 1580; x_wconf 82' lang='grc' dir='ltr'>ι,</span> <span class='ocrx_word' id='word_1_15' title='bbox 179 1561 201 1576; x_wconf 88' lang='lat' dir='ltr'>n.</span> <span class='ocrx_word' id='word_1_16' title='bbox 216 1561 236 1583; x_wconf 85' lang='lat'>5.</span> 
     </span>
    </p>
   </div>
   <div class='ocr_carea' id='block_1_3' title="bbox 335 277 409 302">
    <p class='ocr_par' dir='ltr' id='par_1_3' title="bbox 335 277 409 302">
     <span class='ocr_line' id='line_1_5' title="bbox 335 277 409 302; baseline 0 0"><span class='ocrx_word' id='word_1_17' title='bbox 335 277 409 302; x_wconf 89' lang='grc'>210</span> 
     </span>
    </p>
   </div>
   <div class='ocr_carea' id='block_1_4' title="bbox 1011 267 1818 315">
    <p class='ocr_par' dir='ltr' id='par_1_4' title="bbox 1011 267 1818 315">
     <span class='ocr_line' id='line_1_6' title="bbox 1011 267 1818 315; baseline 0.002 -11"><span class='ocrx_word' id='word_1_18' title='bbox 1011 267 1278 314; x_wconf 77' lang='lat' dir='ltr'><strong>QUAESTIO</strong></span> <span class='ocrx_word' id='word_1_19' title='bbox 1308 269 1413 315; x_wconf 82' lang='lat' dir='ltr'>xvi,</span> <span class='ocrx_word' id='word_1_20' title='bbox 1444 269 1741 306; x_wconf 75' lang='lat' dir='ltr'>ARTicuLus</span> <span class='ocrx_word' id='word_1_21' title='bbox 1772 271 1818 306; x_wconf 88' lang='lat'>111</span> 
     </span>
    </p>
   </div>
   <div class='ocr_carea' id='block_1_5' title="bbox 975 391 1879 523">
    <p class='ocr_par' dir='ltr' id='par_1_5' title="bbox 975 391 1879 523">
     <span class='ocr_line' id='line_1_7' title="bbox 1135 391 1714 434; baseline 0.003 -2"><span class='ocrx_word' id='word_1_22' title='bbox 1135 391 1454 434; x_wconf 89' lang='lat' dir='ltr'>ARTICULUS</span> <span class='ocrx_word' id='word_1_23' title='bbox 1483 392 1714 434; x_wconf 87' lang='lat' dir='ltr'>TERTIUS</span> 
     </span>
     <span class='ocr_line' id='line_1_8' title="bbox 975 475 1879 523; baseline 0.002 -17"><span class='ocrx_word' id='word_1_24' title='bbox 975 476 1130 523; x_wconf 62' lang='lat' dir='ltr'>UTRUM</span> <span class='ocrx_word' id='word_1_25' title='bbox 1154 475 1307 506; x_wconf 80' lang='lat' dir='ltr'>VERUM</span> <span class='ocrx_word' id='word_1_26' title='bbox 1330 475 1389 506; x_wconf 87' lang='lat' dir='ltr'>ET</span> <span class='ocrx_word' id='word_1_27' title='bbox 1413 476 1492 506; x_wconf 83' lang='lat' dir='ltr'>ENs</span> <span class='ocrx_word' id='word_1_28' title='bbox 1517 475 1879 508; x_wconf 85' lang='lat' dir='ltr'>CONVERTANTUR</span> 
     </span>
    </p>
   </div>
   <div class='ocr_carea' id='block_1_6' title="bbox 678 554 2174 595">
    <p class='ocr_par' dir='ltr' id='par_1_6' title="bbox 678 554 2174 595">
     <span class='ocr_line' id='line_1_9' title="bbox 678 554 2174 595; baseline 0.002 -17"><span class='ocrx_word' id='word_1_29' title='bbox 678 554 687 578; x_wconf 96' lang='lat'><em>1</em></span> <span class='ocrx_word' id='word_1_30' title='bbox 708 554 790 584; x_wconf 73' lang='lat' dir='ltr'>Sent„</span> <span class='ocrx_word' id='word_1_31' title='bbox 807 554 866 595; x_wconf 78' lang='lat' dir='ltr'>dist.</span> <span class='ocrx_word' id='word_1_32' title='bbox 881 562 934 583; x_wconf 75' lang='lat' dir='ltr'>vm.</span> <span class='ocrx_word' id='word_1_33' title='bbox 950 562 993 586; x_wconf 87' lang='lat' dir='ltr'>qu.</span> <span class='ocrx_word' id='word_1_34' title='bbox 1008 562 1024 583; x_wconf 77' lang='grc' dir='ltr'>ι,</span> <span class='ocrx_word' id='word_1_35' title='bbox 1038 559 1085 579; x_wconf 89' lang='lat' dir='ltr'>art.</span> <span class='ocrx_word' id='word_1_36' title='bbox 1100 554 1129 585; x_wconf 86' lang='lat'>3;</span> <span class='ocrx_word' id='word_1_37' title='bbox 1149 554 1206 578; x_wconf 86' lang='lat' dir='ltr'>dist.</span> <span class='ocrx_word' id='word_1_38' title='bbox 1221 562 1270 584; x_wconf 83' lang='lat' dir='ltr'>xxx,</span> <span class='ocrx_word' id='word_1_39' title='bbox 1286 562 1330 587; x_wconf 89' lang='lat' dir='ltr'>qu.</span> <span class='ocrx_word' id='word_1_40' title='bbox 1345 562 1368 586; x_wconf 89' lang='lat' dir='ltr'>v,</span> <span class='ocrx_word' id='word_1_41' title='bbox 1384 560 1430 580; x_wconf 89' lang='lat' dir='ltr'>art.</span> <span class='ocrx_word' id='word_1_42' title='bbox 1450 563 1471 586; x_wconf 82' lang='lat'>1,</span> <span class='ocrx_word' id='word_1_43' title='bbox 1487 555 1518 580; x_wconf 89' lang='lat' dir='ltr'>ad</span> <span class='ocrx_word' id='word_1_44' title='bbox 1539 555 1562 586; x_wconf 86' lang='lat'>3,</span> <span class='ocrx_word' id='word_1_45' title='bbox 1578 563 1608 588; x_wconf 86' lang='lat'>7;</span> <span class='ocrx_word' id='word_1_46' title='bbox 1629 556 1671 581; x_wconf 87' lang='lat' dir='ltr'>De</span> <span class='ocrx_word' id='word_1_47' title='bbox 1694 556 1783 585; x_wconf 74' lang='lat' dir='ltr'>Verit„</span> <span class='ocrx_word' id='word_1_48' title='bbox 1797 564 1841 589; x_wconf 91' lang='lat' dir='ltr'>qu.</span> <span class='ocrx_word' id='word_1_49' title='bbox 1856 564 1873 586; x_wconf 84' lang='lat'>1,</span> <span class='ocrx_word' id='word_1_50' title='bbox 1889 562 1935 581; x_wconf 87' lang='lat' dir='ltr'>art.</span> <span class='ocrx_word' id='word_1_51' title='bbox 1955 564 1961 580; x_wconf 86' lang='lat'>1</span> <span class='ocrx_word' id='word_1_52' title='bbox 1975 564 1981 586; x_wconf 85' lang='lat'>;</span> <span class='ocrx_word' id='word_1_53' title='bbox 2002 562 2047 581; x_wconf 84' lang='lat' dir='ltr'>art.</span> <span class='ocrx_word' id='word_1_54' title='bbox 2063 564 2084 585; x_wconf 86' lang='lat'>2.</span> <span class='ocrx_word' id='word_1_55' title='bbox 2099 557 2130 581; x_wconf 83' lang='lat' dir='ltr'>ad</span> <span class='ocrx_word' id='word_1_56' title='bbox 2154 564 2174 581; x_wconf 92' lang='lat'>1.</span> 
     </span>
    </p>
   </div>
   <div class='ocr_carea' id='block_1_7' title="bbox 322 643 1398 1703">
    <p class='ocr_par' dir='ltr' id='par_1_7' title="bbox 328 643 1398 903">
     <span class='ocr_line' id='line_1_10' title="bbox 540 643 1398 692; baseline 0.002 -14"><span class='ocrx_word' id='word_1_57' title='bbox 540 654 562 678; x_wconf 88' lang='lat' dir='ltr'>D</span> <span class='ocrx_word' id='word_1_58' title='bbox 582 654 743 679; x_wconf 74' lang='lat' dir='ltr'>TERTHJM</span> <span class='ocrx_word' id='word_1_59' title='bbox 766 655 819 680; x_wconf 79' lang='lat' dir='ltr'>S1c</span> <span class='ocrx_word' id='word_1_60' title='bbox 844 655 1083 680; x_wconf 77' lang='lat' dir='ltr'>PROCEDlTUR.</span> <span class='ocrx_word' id='word_1_61' title='bbox 1114 643 1272 679; x_wconf 92' lang='lat' dir='ltr'>Videtur</span> <span class='ocrx_word' id='word_1_62' title='bbox 1291 643 1398 692; x_wconf 92' lang='lat' dir='ltr'>quod</span> 
     </span>
     <span class='ocr_line' id='line_1_11' title="bbox 361 696 1396 737; baseline 0.001 -6"><span class='ocrx_word' id='word_1_63' title='bbox 361 725 367 737; x_wconf 36' lang='lat' dir='ltr'>x</span> <span class='ocrx_word' id='word_1_64' title='bbox 513 719 516 730; x_wconf 53' lang='lat' dir='ltr'><em>s</em></span> <span class='ocrx_word' id='word_1_65' title='bbox 539 707 675 732; x_wconf 88' lang='lat' dir='ltr'>verum</span> <span class='ocrx_word' id='word_1_66' title='bbox 697 703 733 733; x_wconf 91' lang='lat' dir='ltr'>et</span> <span class='ocrx_word' id='word_1_67' title='bbox 753 708 819 733; x_wconf 94' lang='lat' dir='ltr'>ens</span> <span class='ocrx_word' id='word_1_68' title='bbox 839 709 918 732; x_wconf 93' lang='lat' dir='ltr'>non</span> <span class='ocrx_word' id='word_1_69' title='bbox 939 703 1220 733; x_wconf 85' lang='lat' dir='ltr'>convertantur.</span> <span class='ocrx_word' id='word_1_70' title='bbox 1250 696 1396 733; x_wconf 88' lang='lat' dir='ltr'>Verum</span> 
     </span>
     <span class='ocr_line' id='line_1_12' title="bbox 345 746 1396 801; baseline 0 -16"><span class='ocrx_word' id='word_1_71' title='bbox 345 746 467 801; x_wconf 45' lang='grc' dir='ltr'>’[ᾒῇ</span> <span class='ocrx_word' id='word_1_72' title='bbox 488 749 644 787; x_wconf 58' lang='lat' dir='ltr'>fenim</span> <span class='ocrx_word' id='word_1_73' title='bbox 680 757 735 786; x_wconf 90' lang='lat' dir='ltr'>est</span> <span class='ocrx_word' id='word_1_74' title='bbox 766 749 920 798; x_wconf 87' lang='lat' dir='ltr'>proprie</span> <span class='ocrx_word' id='word_1_75' title='bbox 958 749 996 785; x_wconf 93' lang='lat' dir='ltr'>in</span> <span class='ocrx_word' id='word_1_76' title='bbox 1033 749 1243 795; x_wconf 92' lang='lat' dir='ltr'>intellectu,</span> <span class='ocrx_word' id='word_1_77' title='bbox 1273 756 1314 786; x_wconf 93' lang='lat' dir='ltr'>ut</span> <span class='ocrx_word' id='word_1_78' title='bbox 1342 749 1396 786; x_wconf 95' lang='lat' dir='ltr'>di-</span> 
     </span>
     <span class='ocr_line' id='line_1_13' title="bbox 384 771 1397 851; baseline 0.003 -15"><span class='ocrx_word' id='word_1_79' title='bbox 384 771 643 839; x_wconf 46' lang='lat' dir='ltr'>ssfflXctum</span> <span class='ocrx_word' id='word_1_80' title='bbox 670 810 734 839; x_wconf 65' lang='lat' dir='ltr'>‚est</span> <span class='ocrx_word' id='word_1_81' title='bbox 752 802 783 839; x_wconf 65' lang='lat'>²⁸.</span> <span class='ocrx_word' id='word_1_82' title='bbox 814 803 894 839; x_wconf 89' lang='lat' dir='ltr'>Ens</span> <span class='ocrx_word' id='word_1_83' title='bbox 928 809 1055 839; x_wconf 88' lang='lat' dir='ltr'>autem</span> <span class='ocrx_word' id='word_1_84' title='bbox 1087 801 1240 851; x_wconf 86' lang='lat' dir='ltr'>proprie</span> <span class='ocrx_word' id='word_1_85' title='bbox 1275 810 1330 839; x_wconf 89' lang='lat' dir='ltr'>est</span> <span class='ocrx_word' id='word_1_86' title='bbox 1358 802 1397 840; x_wconf 93' lang='lat' dir='ltr'>in</span> 
     </span>
     <span class='ocr_line' id='line_1_14' title="bbox 328 854 1013 903; baseline 0.003 -13"><span class='ocrx_word' id='word_1_87' title='bbox 328 854 453 891; x_wconf 88' lang='lat' dir='ltr'>rebus.</span> <span class='ocrx_word' id='word_1_88' title='bbox 487 855 590 903; x_wconf 89' lang='lat' dir='ltr'>Ergo</span> <span class='ocrx_word' id='word_1_89' title='bbox 621 868 699 892; x_wconf 92' lang='lat' dir='ltr'>non</span> <span class='ocrx_word' id='word_1_90' title='bbox 729 863 1013 892; x_wconf 90' lang='lat' dir='ltr'>convertuntur.</span> 
     </span>
    </p>

    <p class='ocr_par' dir='ltr' id='par_1_8' title="bbox 323 907 1397 1158">
     <span class='ocr_line' id='line_1_15' title="bbox 382 907 1397 957; baseline 0.002 -13"><span class='ocrx_word' id='word_1_91' title='bbox 382 919 416 944; x_wconf 89' lang='lat'>2.</span> <span class='ocrx_word' id='word_1_92' title='bbox 447 909 686 955; x_wconf 76' lang='lat' dir='ltr'>PRAETEREA,</span> <span class='ocrx_word' id='word_1_93' title='bbox 717 909 756 946; x_wconf 95' lang='lat' dir='ltr'>id</span> <span class='ocrx_word' id='word_1_94' title='bbox 784 909 890 957; x_wconf 92' lang='lat' dir='ltr'>quod</span> <span class='ocrx_word' id='word_1_95' title='bbox 918 921 958 946; x_wconf 89' lang='lat' dir='ltr'>se</span> <span class='ocrx_word' id='word_1_96' title='bbox 989 907 1154 946; x_wconf 87' lang='lat' dir='ltr'>extendit</span> <span class='ocrx_word' id='word_1_97' title='bbox 1183 908 1231 945; x_wconf 91' lang='lat' dir='ltr'>ad</span> <span class='ocrx_word' id='word_1_98' title='bbox 1262 920 1331 945; x_wconf 92' lang='lat' dir='ltr'>ens</span> <span class='ocrx_word' id='word_1_99' title='bbox 1360 915 1397 946; x_wconf 94' lang='lat' dir='ltr'>et</span> 
     </span>
     <span class='ocr_line' id='line_1_16' title="bbox 326 961 1395 1008; baseline 0.001 -11"><span class='ocrx_word' id='word_1_100' title='bbox 326 972 404 997; x_wconf 91' lang='lat' dir='ltr'>non</span> <span class='ocrx_word' id='word_1_101' title='bbox 434 973 511 1008; x_wconf 87' lang='lat' dir='ltr'>ens,</span> <span class='ocrx_word' id='word_1_102' title='bbox 542 974 621 998; x_wconf 92' lang='lat' dir='ltr'>non</span> <span class='ocrx_word' id='word_1_103' title='bbox 650 962 883 999; x_wconf 87' lang='lat' dir='ltr'>convertitur</span> <span class='ocrx_word' id='word_1_104' title='bbox 912 974 1000 999; x_wconf 90' lang='lat' dir='ltr'>curn</span> <span class='ocrx_word' id='word_1_105' title='bbox 1031 969 1127 998; x_wconf 91' lang='lat' dir='ltr'>ente.</span> <span class='ocrx_word' id='word_1_106' title='bbox 1157 961 1234 998; x_wconf 91' lang='lat' dir='ltr'>Sed</span> <span class='ocrx_word' id='word_1_107' title='bbox 1257 973 1395 998; x_wconf 85' lang='lat' dir='ltr'>verum</span> 
     </span>
     <span class='ocr_line' id='line_1_17' title="bbox 325 1014 1396 1052; baseline 0.001 -2"><span class='ocrx_word' id='word_1_108' title='bbox 325 1026 366 1050; x_wconf 90' lang='lat' dir='ltr'>se</span> <span class='ocrx_word' id='word_1_109' title='bbox 397 1014 561 1051; x_wconf 85' lang='lat' dir='ltr'>extendit</span> <span class='ocrx_word' id='word_1_110' title='bbox 589 1015 638 1051; x_wconf 92' lang='lat' dir='ltr'>ad</span> <span class='ocrx_word' id='word_1_111' title='bbox 667 1028 734 1052; x_wconf 91' lang='lat' dir='ltr'>ens</span> <span class='ocrx_word' id='word_1_112' title='bbox 764 1023 799 1051; x_wconf 94' lang='lat' dir='ltr'>et</span> <span class='ocrx_word' id='word_1_113' title='bbox 828 1027 906 1052; x_wconf 93' lang='lat' dir='ltr'>non</span> <span class='ocrx_word' id='word_1_114' title='bbox 936 1028 1024 1052; x_wconf 91' lang='lat' dir='ltr'>ens:</span> <span class='ocrx_word' id='word_1_115' title='bbox 1053 1027 1144 1052; x_wconf 89' lang='lat' dir='ltr'>nam</span> <span class='ocrx_word' id='word_1_116' title='bbox 1172 1027 1310 1051; x_wconf 89' lang='lat' dir='ltr'>verum</span> <span class='ocrx_word' id='word_1_117' title='bbox 1341 1023 1396 1052; x_wconf 91' lang='lat' dir='ltr'>est</span> 
     </span>
     <span class='ocr_line' id='line_1_18' title="bbox 326 1068 1393 1117; baseline 0.002 -14"><span class='ocrx_word' id='word_1_118' title='bbox 326 1068 430 1115; x_wconf 91' lang='lat' dir='ltr'>quod</span> <span class='ocrx_word' id='word_1_119' title='bbox 461 1075 516 1104; x_wconf 90' lang='lat' dir='ltr'>est</span> <span class='ocrx_word' id='word_1_120' title='bbox 545 1080 639 1115; x_wconf 87' lang='lat' dir='ltr'>esse,</span> <span class='ocrx_word' id='word_1_121' title='bbox 671 1076 707 1104; x_wconf 88' lang='lat' dir='ltr'>et</span> <span class='ocrx_word' id='word_1_122' title='bbox 735 1068 840 1117; x_wconf 90' lang='lat' dir='ltr'>quod</span> <span class='ocrx_word' id='word_1_123' title='bbox 869 1080 947 1105; x_wconf 92' lang='lat' dir='ltr'>non</span> <span class='ocrx_word' id='word_1_124' title='bbox 978 1076 1034 1105; x_wconf 89' lang='lat' dir='ltr'>est</span> <span class='ocrx_word' id='word_1_125' title='bbox 1065 1081 1145 1105; x_wconf 92' lang='lat' dir='ltr'>non</span> <span class='ocrx_word' id='word_1_126' title='bbox 1165 1080 1260 1105; x_wconf 88' lang='lat' dir='ltr'>esse.</span> <span class='ocrx_word' id='word_1_127' title='bbox 1292 1069 1393 1117; x_wconf 91' lang='lat' dir='ltr'>Ergo</span> 
     </span>
     <span class='ocr_line' id='line_1_19' title="bbox 323 1128 1047 1158; baseline 0.003 -2"><span class='ocrx_word' id='word_1_128' title='bbox 323 1132 461 1156; x_wconf 89' lang='lat' dir='ltr'>verum</span> <span class='ocrx_word' id='word_1_129' title='bbox 491 1128 527 1157; x_wconf 88' lang='lat' dir='ltr'>et</span> <span class='ocrx_word' id='word_1_130' title='bbox 557 1133 623 1157; x_wconf 91' lang='lat' dir='ltr'>ens</span> <span class='ocrx_word' id='word_1_131' title='bbox 651 1133 731 1158; x_wconf 92' lang='lat' dir='ltr'>non</span> <span class='ocrx_word' id='word_1_132' title='bbox 764 1129 1047 1158; x_wconf 88' lang='lat' dir='ltr'>convertuntur.</span> 
     </span>
    </p>

    <p class='ocr_par' dir='ltr' id='par_1_9' title="bbox 322 1174 1394 1425">
     <span class='ocr_line' id='line_1_20' title="bbox 379 1174 1394 1223; baseline 0.002 -13"><span class='ocrx_word' id='word_1_133' title='bbox 379 1174 413 1210; x_wconf 90' lang='lat'>3.</span> <span class='ocrx_word' id='word_1_134' title='bbox 436 1174 668 1221; x_wconf 75' lang='lat' dir='ltr'>PRAETEREA,</span> <span class='ocrx_word' id='word_1_135' title='bbox 699 1187 797 1223; x_wconf 90' lang='lat' dir='ltr'>quae</span> <span class='ocrx_word' id='word_1_136' title='bbox 826 1186 866 1211; x_wconf 91' lang='lat' dir='ltr'>se</span> <span class='ocrx_word' id='word_1_137' title='bbox 895 1175 1038 1211; x_wconf 84' lang='lat' dir='ltr'>habent</span> <span class='ocrx_word' id='word_1_138' title='bbox 1057 1174 1268 1211; x_wconf 90' lang='lat' dir='ltr'>secundum</span> <span class='ocrx_word' id='word_1_139' title='bbox 1289 1174 1394 1223; x_wconf 88' lang='lat' dir='ltr'>prius</span> 
     </span>
     <span class='ocr_line' id='line_1_21' title="bbox 324 1227 1393 1275; baseline 0.003 -13"><span class='ocrx_word' id='word_1_140' title='bbox 324 1233 360 1262; x_wconf 91' lang='lat' dir='ltr'>et</span> <span class='ocrx_word' id='word_1_141' title='bbox 386 1227 592 1275; x_wconf 83' lang='lat' dir='ltr'>posterius,</span> <span class='ocrx_word' id='word_1_142' title='bbox 623 1240 701 1264; x_wconf 92' lang='lat' dir='ltr'>non</span> <span class='ocrx_word' id='word_1_143' title='bbox 729 1227 907 1265; x_wconf 86' lang='lat' dir='ltr'>videntur</span> <span class='ocrx_word' id='word_1_144' title='bbox 936 1228 1117 1265; x_wconf 88' lang='lat' dir='ltr'>converti.</span> <span class='ocrx_word' id='word_1_145' title='bbox 1150 1228 1227 1265; x_wconf 91' lang='lat' dir='ltr'>Sed</span> <span class='ocrx_word' id='word_1_146' title='bbox 1255 1240 1393 1265; x_wconf 91' lang='lat' dir='ltr'>verum</span> 
     </span>
     <span class='ocr_line' id='line_1_22' title="bbox 322 1279 1394 1330; baseline 0.002 -14"><span class='ocrx_word' id='word_1_147' title='bbox 322 1279 474 1316; x_wconf 82' lang='lat' dir='ltr'>videtur</span> <span class='ocrx_word' id='word_1_148' title='bbox 499 1280 605 1329; x_wconf 91' lang='lat' dir='ltr'>prius</span> <span class='ocrx_word' id='word_1_149' title='bbox 626 1293 708 1318; x_wconf 89' lang='lat' dir='ltr'>esse</span> <span class='ocrx_word' id='word_1_150' title='bbox 728 1293 845 1330; x_wconf 85' lang='lat' dir='ltr'>quam</span> <span class='ocrx_word' id='word_1_151' title='bbox 867 1294 955 1318; x_wconf 90' lang='lat' dir='ltr'>ens:</span> <span class='ocrx_word' id='word_1_152' title='bbox 985 1293 1076 1318; x_wconf 90' lang='lat' dir='ltr'>nam</span> <span class='ocrx_word' id='word_1_153' title='bbox 1107 1293 1175 1318; x_wconf 90' lang='lat' dir='ltr'>ens</span> <span class='ocrx_word' id='word_1_154' title='bbox 1194 1287 1211 1302; x_wconf 77' lang='lat'>⁰²</span> <span class='ocrx_word' id='word_1_155' title='bbox 1231 1293 1311 1318; x_wconf 91' lang='lat' dir='ltr'>non</span> <span class='ocrx_word' id='word_1_156' title='bbox 1339 1281 1394 1318; x_wconf 92' lang='lat' dir='ltr'>in-</span> 
     </span>
     <span class='ocr_line' id='line_1_23' title="bbox 322 1333 1392 1384; baseline 0.003 -15"><span class='ocrx_word' id='word_1_157' title='bbox 322 1333 495 1381; x_wconf 90' lang='lat' dir='ltr'>telligitur</span> <span class='ocrx_word' id='word_1_158' title='bbox 514 1334 584 1371; x_wconf 93' lang='lat' dir='ltr'>nisi</span> <span class='ocrx_word' id='word_1_159' title='bbox 613 1335 684 1371; x_wconf 88' lang='lat' dir='ltr'>sub</span> <span class='ocrx_word' id='word_1_160' title='bbox 705 1334 850 1371; x_wconf 92' lang='lat' dir='ltr'>ratione</span> <span class='ocrx_word' id='word_1_161' title='bbox 877 1334 970 1372; x_wconf 91' lang='lat' dir='ltr'>veri.</span> <span class='ocrx_word' id='word_1_162' title='bbox 993 1335 1096 1382; x_wconf 91' lang='lat' dir='ltr'>Ergo</span> <span class='ocrx_word' id='word_1_163' title='bbox 1115 1334 1268 1372; x_wconf 90' lang='lat' dir='ltr'>videtur</span> <span class='ocrx_word' id='word_1_164' title='bbox 1286 1336 1392 1384; x_wconf 91' lang='lat' dir='ltr'>quod</span> 
     </span>
     <span class='ocr_line' id='line_1_24' title="bbox 323 1387 805 1425; baseline 0.002 -2"><span class='ocrx_word' id='word_1_165' title='bbox 323 1399 401 1423; x_wconf 91' lang='lat' dir='ltr'>non</span> <span class='ocrx_word' id='word_1_166' title='bbox 431 1387 504 1424; x_wconf 93' lang='lat' dir='ltr'>sint</span> <span class='ocrx_word' id='word_1_167' title='bbox 532 1387 805 1425; x_wconf 90' lang='lat' dir='ltr'>convertibilia.</span> 
     </span>
    </p>

    <p class='ocr_par' dir='ltr' id='par_1_10' title="bbox 323 1440 1393 1584">
     <span class='ocr_line' id='line_1_25' title="bbox 378 1440 1393 1491; baseline 0.002 -15"><span class='ocrx_word' id='word_1_168' title='bbox 378 1440 452 1477; x_wconf 79' lang='lat' dir='ltr'>SED</span> <span class='ocrx_word' id='word_1_169' title='bbox 473 1452 618 1477; x_wconf 82' lang='lat' dir='ltr'>CONTRA</span> <span class='ocrx_word' id='word_1_170' title='bbox 638 1453 704 1478; x_wconf 80' lang='lat' dir='ltr'>EST</span> <span class='ocrx_word' id='word_1_171' title='bbox 725 1441 830 1491; x_wconf 93' lang='lat' dir='ltr'>quod</span> <span class='ocrx_word' id='word_1_172' title='bbox 850 1440 938 1477; x_wconf 91' lang='lat' dir='ltr'>dicit</span> <span class='ocrx_word' id='word_1_173' title='bbox 960 1440 1231 1490; x_wconf 81' lang='lat' dir='ltr'>Philosophus,</span> <span class='ocrx_word' id='word_1_174' title='bbox 1254 1443 1285 1478; x_wconf 90' lang='grc' dir='ltr'>ΙΙ</span> <span class='ocrx_word' id='word_1_175' title='bbox 1306 1442 1393 1478; x_wconf 89' lang='lat' dir='ltr'>Me-</span> 
     </span>
     <span class='ocr_line' id='line_1_26' title="bbox 323 1493 1392 1543; baseline 0.003 -14"><span class='ocrx_word' id='word_1_176' title='bbox 323 1494 468 1542; x_wconf 81' lang='lat' dir='ltr'>taphys.</span> <span class='ocrx_word' id='word_1_177' title='bbox 485 1493 516 1540; x_wconf 82' lang='lat'>*,</span> <span class='ocrx_word' id='word_1_178' title='bbox 534 1494 640 1543; x_wconf 89' lang='lat' dir='ltr'>quod</span> <span class='ocrx_word' id='word_1_179' title='bbox 661 1495 798 1532; x_wconf 90' lang='lat' dir='ltr'>eadem</span> <span class='ocrx_word' id='word_1_180' title='bbox 814 1502 870 1531; x_wconf 90' lang='lat' dir='ltr'>est</span> <span class='ocrx_word' id='word_1_181' title='bbox 885 1494 1083 1543; x_wconf 86' lang='lat' dir='ltr'>dispositio</span> <span class='ocrx_word' id='word_1_182' title='bbox 1104 1506 1232 1531; x_wconf 88' lang='lat' dir='ltr'>rerum</span> <span class='ocrx_word' id='word_1_183' title='bbox 1251 1494 1290 1532; x_wconf 92' lang='lat' dir='ltr'>in</span> <span class='ocrx_word' id='word_1_184' title='bbox 1309 1507 1392 1532; x_wconf 89' lang='lat' dir='ltr'>esse</span> 
     </span>
     <span class='ocr_line' id='line_1_27' title="bbox 324 1554 555 1584; baseline 0.004 -1"><span class='ocrx_word' id='word_1_185' title='bbox 324 1554 359 1583; x_wconf 90' lang='lat' dir='ltr'>et</span> <span class='ocrx_word' id='word_1_186' title='bbox 386 1554 555 1584; x_wconf 84' lang='lat' dir='ltr'>veritate.</span> 
     </span>
    </p>

    <p class='ocr_par' dir='ltr' id='par_1_11' title="bbox 322 1600 1392 1703">
     <span class='ocr_line' id='line_1_28' title="bbox 376 1600 1392 1649; baseline 0.002 -13"><span class='ocrx_word' id='word_1_187' title='bbox 376 1601 601 1637; x_wconf 75' lang='lat' dir='ltr'>RESPONDEO</span> <span class='ocrx_word' id='word_1_188' title='bbox 630 1612 815 1638; x_wconf 86' lang='lat' dir='ltr'>DICENDUM</span> <span class='ocrx_word' id='word_1_189' title='bbox 838 1600 955 1649; x_wconf 93' lang='lat' dir='ltr'>quod,</span> <span class='ocrx_word' id='word_1_190' title='bbox 977 1600 1072 1637; x_wconf 91' lang='lat' dir='ltr'>sicut</span> <span class='ocrx_word' id='word_1_191' title='bbox 1100 1601 1248 1638; x_wconf 91' lang='lat' dir='ltr'>bonum</span> <span class='ocrx_word' id='word_1_192' title='bbox 1277 1601 1392 1638; x_wconf 90' lang='lat' dir='ltr'>habet</span> 
     </span>
     <span class='ocr_line' id='line_1_29' title="bbox 322 1653 1391 1703; baseline 0.001 -13"><span class='ocrx_word' id='word_1_193' title='bbox 322 1653 509 1691; x_wconf 90' lang='lat' dir='ltr'>rationem</span> <span class='ocrx_word' id='word_1_194' title='bbox 547 1653 781 1703; x_wconf 90' lang='lat' dir='ltr'>appetibilis,</span> <span class='ocrx_word' id='word_1_195' title='bbox 810 1653 860 1690; x_wconf 89' lang='lat' dir='ltr'>ita</span> <span class='ocrx_word' id='word_1_196' title='bbox 892 1666 1030 1690; x_wconf 89' lang='lat' dir='ltr'>verum</span> <span class='ocrx_word' id='word_1_197' title='bbox 1063 1654 1179 1691; x_wconf 90' lang='lat' dir='ltr'>habet</span> <span class='ocrx_word' id='word_1_198' title='bbox 1216 1654 1391 1691; x_wconf 87' lang='lat' dir='ltr'>ordinem</span> 
     </span>
    </p>
   </div>
   <div class='ocr_carea' id='block_1_8' title="bbox 342 651 527 839">
    <p class='ocr_par' dir='ltr' id='par_1_12' title="bbox 342 651 527 839">
     <span class='ocr_line' id='line_1_30' title="bbox 342 651 527 839; baseline 0 -114"><span class='ocrx_word' id='word_1_199' title='bbox 342 651 527 839; x_wconf 95' lang='lat' dir='ltr'>    </span> 
     </span>
    </p>
   </div>
   <div class='ocr_carea' id='block_1_9' title="bbox 282 1706 1392 1756">
    <p class='ocr_par' dir='ltr' id='par_1_13' title="bbox 282 1706 1392 1756">
     <span class='ocr_line' id='line_1_31' title="bbox 282 1706 1392 1756; baseline 0.002 -13"><span class='ocrx_word' id='word_1_200' title='bbox 282 1715 284 1718; x_wconf 85' lang='lat'>&#39;</span> <span class='ocrx_word' id='word_1_201' title='bbox 322 1706 370 1743; x_wconf 91' lang='lat' dir='ltr'>ad</span> <span class='ocrx_word' id='word_1_202' title='bbox 391 1707 660 1755; x_wconf 87' lang='lat' dir='ltr'>cognitionem.</span> <span class='ocrx_word' id='word_1_203' title='bbox 682 1707 995 1756; x_wconf 88' lang='lat' dir='ltr'>Unumquodque</span> <span class='ocrx_word' id='word_1_204' title='bbox 1014 1715 1144 1744; x_wconf 89' lang='lat' dir='ltr'>autem</span> <span class='ocrx_word' id='word_1_205' title='bbox 1164 1707 1392 1756; x_wconf 86' lang='lat' dir='ltr'>inquantum</span> 
     </span>
    </p>
   </div>
   <div class='ocr_carea' id='block_1_10' title="bbox 80 1824 292 1873">
    <p class='ocr_par' dir='ltr' id='par_1_14' title="bbox 80 1824 292 1873">
     <span class='ocr_line' id='line_1_32' title="bbox 81 1824 292 1849; baseline 0 -3"><span class='ocrx_word' id='word_1_206' title='bbox 81 1826 90 1835; x_wconf 85' lang='grc'>·</span> <span class='ocrx_word' id='word_1_207' title='bbox 100 1824 132 1846; x_wconf 75' lang='lat' dir='ltr'>Ca</span> <span class='ocrx_word' id='word_1_208' title='bbox 154 1841 159 1846; x_wconf 93' lang='lat'>.</span> <span class='ocrx_word' id='word_1_209' title='bbox 167 1831 214 1849; x_wconf 69' lang='lat' dir='ltr'>vm,</span> <span class='ocrx_word' id='word_1_210' title='bbox 224 1831 246 1846; x_wconf 92' lang='lat' dir='ltr'>n.</span> <span class='ocrx_word' id='word_1_211' title='bbox 258 1831 274 1846; x_wconf 78' lang='grc' dir='ltr'>ι.</span> <span class='ocrx_word' id='word_1_212' title='bbox 283 1836 292 1841; x_wconf 90' lang='grc'>-</span> 
     </span>
     <span class='ocr_line' id='line_1_33' title="bbox 80 1851 291 1873; baseline 0.005 -1"><span class='ocrx_word' id='word_1_213' title='bbox 80 1851 106 1873; x_wconf 89' lang='lat' dir='ltr'>S.</span> <span class='ocrx_word' id='word_1_214' title='bbox 139 1852 161 1873; x_wconf 89' lang='lat' dir='ltr'>h.</span> <span class='ocrx_word' id='word_1_215' title='bbox 179 1852 230 1873; x_wconf 88' lang='lat' dir='ltr'>lect.</span> <span class='ocrx_word' id='word_1_216' title='bbox 241 1858 291 1873; x_wconf 80' lang='lat' dir='ltr'>xm.</span> 
     </span>
    </p>
   </div>
   <div class='ocr_carea' id='block_1_11' title="bbox 78 2195 186 2216">
    <p class='ocr_par' dir='ltr' id='par_1_15' title="bbox 78 2195 186 2216">
     <span class='ocr_line' id='line_1_34' title="bbox 78 2195 186 2216; baseline -0.009 0"><span class='ocrx_word' id='word_1_217' title='bbox 78 2195 88 2204; x_wconf 74' lang='lat'>⁸</span> <span class='ocrx_word' id='word_1_218' title='bbox 103 2195 154 2216; x_wconf 81' lang='lat' dir='ltr'>Art.</span> <span class='ocrx_word' id='word_1_219' title='bbox 170 2201 186 2216; x_wconf 86' lang='lat'>1.</span> 
     </span>
    </p>
   </div>
   <div class='ocr_carea' id='block_1_12' title="bbox 319 1760 1392 2235">
    <p class='ocr_par' dir='ltr' id='par_1_16' title="bbox 319 1760 1392 2129">
     <span class='ocr_line' id='line_1_35' title="bbox 323 1760 1392 1810; baseline 0.002 -14"><span class='ocrx_word' id='word_1_220' title='bbox 323 1761 438 1797; x_wconf 91' lang='lat' dir='ltr'>habet</span> <span class='ocrx_word' id='word_1_221' title='bbox 466 1761 513 1797; x_wconf 93' lang='lat' dir='ltr'>de</span> <span class='ocrx_word' id='word_1_222' title='bbox 539 1773 633 1807; x_wconf 85' lang='lat' dir='ltr'>esse,</span> <span class='ocrx_word' id='word_1_223' title='bbox 655 1761 843 1798; x_wconf 89' lang='lat' dir='ltr'>intantum</span> <span class='ocrx_word' id='word_1_224' title='bbox 864 1769 919 1798; x_wconf 91' lang='lat' dir='ltr'>est</span> <span class='ocrx_word' id='word_1_225' title='bbox 939 1760 1206 1808; x_wconf 87' lang='lat' dir='ltr'>cognoscibile.</span> <span class='ocrx_word' id='word_1_226' title='bbox 1237 1762 1286 1798; x_wconf 92' lang='lat' dir='ltr'>Et</span> <span class='ocrx_word' id='word_1_227' title='bbox 1304 1774 1392 1810; x_wconf 91' lang='lat' dir='ltr'>pro-</span> 
     </span>
     <span class='ocr_line' id='line_1_36' title="bbox 320 1813 1391 1864; baseline 0.001 -14"><span class='ocrx_word' id='word_1_228' title='bbox 320 1821 404 1862; x_wconf 91' lang='lat' dir='ltr'>pter</span> <span class='ocrx_word' id='word_1_229' title='bbox 433 1815 506 1850; x_wconf 91' lang='lat' dir='ltr'>hoc</span> <span class='ocrx_word' id='word_1_230' title='bbox 536 1813 670 1851; x_wconf 91' lang='lat' dir='ltr'>dicitur</span> <span class='ocrx_word' id='word_1_231' title='bbox 698 1814 736 1851; x_wconf 91' lang='lat' dir='ltr'>in</span> <span class='ocrx_word' id='word_1_232' title='bbox 765 1816 815 1851; x_wconf 90' lang='lat' dir='ltr'>Ill</span> <span class='ocrx_word' id='word_1_233' title='bbox 841 1815 887 1851; x_wconf 87' lang='lat' dir='ltr'>de</span> <span class='ocrx_word' id='word_1_234' title='bbox 913 1814 1055 1851; x_wconf 85' lang='lat' dir='ltr'>Anima</span> <span class='ocrx_word' id='word_1_235' title='bbox 1073 1814 1105 1862; x_wconf 83' lang='lat'>’¹‘‚</span> <span class='ocrx_word' id='word_1_236' title='bbox 1137 1814 1242 1864; x_wconf 91' lang='lat' dir='ltr'>quod</span> <span class='ocrx_word' id='word_1_237' title='bbox 1261 1815 1391 1852; x_wconf 87' lang='lat' dir='ltr'>anima</span> 
     </span>
     <span class='ocr_line' id='line_1_37' title="bbox 321 1867 1389 1915; baseline 0.001 -12"><span class='ocrx_word' id='word_1_238' title='bbox 321 1873 376 1903; x_wconf 88' lang='lat' dir='ltr'>est</span> <span class='ocrx_word' id='word_1_239' title='bbox 401 1868 678 1915; x_wconf 82' lang='lat' dir='ltr'>quodammodo</span> <span class='ocrx_word' id='word_1_240' title='bbox 698 1868 826 1904; x_wconf 86' lang='lat' dir='ltr'>omnia</span> <span class='ocrx_word' id='word_1_241' title='bbox 855 1867 1068 1904; x_wconf 89' lang='lat' dir='ltr'>secundum</span> <span class='ocrx_word' id='word_1_242' title='bbox 1089 1879 1246 1904; x_wconf 90' lang='lat' dir='ltr'>sensum</span> <span class='ocrx_word' id='word_1_243' title='bbox 1281 1875 1317 1904; x_wconf 90' lang='lat' dir='ltr'>et</span> <span class='ocrx_word' id='word_1_244' title='bbox 1335 1868 1389 1905; x_wconf 88' lang='lat' dir='ltr'>in-</span> 
     </span>
     <span class='ocr_line' id='line_1_38' title="bbox 322 1920 1389 1968; baseline 0.002 -12"><span class='ocrx_word' id='word_1_245' title='bbox 322 1920 522 1957; x_wconf 84' lang='lat' dir='ltr'>tellectu&#39;m.</span> <span class='ocrx_word' id='word_1_246' title='bbox 554 1921 603 1957; x_wconf 91' lang='lat' dir='ltr'>Et</span> <span class='ocrx_word' id='word_1_247' title='bbox 629 1920 728 1968; x_wconf 89' lang='lat' dir='ltr'>ideo,</span> <span class='ocrx_word' id='word_1_248' title='bbox 751 1920 846 1957; x_wconf 90' lang='lat' dir='ltr'>sicut</span> <span class='ocrx_word' id='word_1_249' title='bbox 874 1921 1021 1958; x_wconf 91' lang='lat' dir='ltr'>bonum</span> <span class='ocrx_word' id='word_1_250' title='bbox 1043 1921 1275 1958; x_wconf 87' lang='lat' dir='ltr'>convertitur</span> <span class='ocrx_word' id='word_1_251' title='bbox 1300 1933 1389 1958; x_wconf 91' lang='lat' dir='ltr'>cum</span> 
     </span>
     <span class='ocr_line' id='line_1_39' title="bbox 321 1973 1392 2021; baseline 0.001 -11"><span class='ocrx_word' id='word_1_252' title='bbox 321 1981 419 2020; x_wconf 90' lang='lat' dir='ltr'>ente,</span> <span class='ocrx_word' id='word_1_253' title='bbox 445 1974 495 2010; x_wconf 93' lang='lat' dir='ltr'>ita</span> <span class='ocrx_word' id='word_1_254' title='bbox 516 1981 552 2010; x_wconf 94' lang='lat' dir='ltr'>et</span> <span class='ocrx_word' id='word_1_255' title='bbox 570 1985 720 2011; x_wconf 89' lang='lat' dir='ltr'>verum.</span> <span class='ocrx_word' id='word_1_256' title='bbox 744 1973 821 2011; x_wconf 89' lang='lat' dir='ltr'>Sed</span> <span class='ocrx_word' id='word_1_257' title='bbox 840 1981 981 2021; x_wconf 88' lang='lat' dir='ltr'>tamen,</span> <span class='ocrx_word' id='word_1_258' title='bbox 1003 1973 1099 2011; x_wconf 90' lang='lat' dir='ltr'>sicut</span> <span class='ocrx_word' id='word_1_259' title='bbox 1118 1974 1265 2011; x_wconf 92' lang='lat' dir='ltr'>bonum</span> <span class='ocrx_word' id='word_1_260' title='bbox 1286 1974 1392 2011; x_wconf 89' lang='lat' dir='ltr'>addit</span> 
     </span>
     <span class='ocr_line' id='line_1_40' title="bbox 321 2027 1391 2076; baseline 0.002 -13"><span class='ocrx_word' id='word_1_261' title='bbox 321 2027 506 2064; x_wconf 89' lang='lat' dir='ltr'>rationem</span> <span class='ocrx_word' id='word_1_262' title='bbox 534 2027 746 2076; x_wconf 90' lang='lat' dir='ltr'>appetibilis</span> <span class='ocrx_word' id='word_1_263' title='bbox 766 2039 881 2076; x_wconf 91' lang='lat' dir='ltr'>supra</span> <span class='ocrx_word' id='word_1_264' title='bbox 901 2039 980 2076; x_wconf 82' lang='lat' dir='ltr'>ens,</span> <span class='ocrx_word' id='word_1_265' title='bbox 1001 2027 1051 2064; x_wconf 86' lang='lat' dir='ltr'>ita</span> <span class='ocrx_word' id='word_1_266' title='bbox 1072 2035 1108 2064; x_wconf 91' lang='lat' dir='ltr'>et</span> <span class='ocrx_word' id='word_1_267' title='bbox 1125 2040 1263 2065; x_wconf 89' lang='lat' dir='ltr'>verum</span> <span class='ocrx_word' id='word_1_268' title='bbox 1285 2040 1391 2065; x_wconf 91' lang='lat' dir='ltr'>com-</span> 
     </span>
     <span class='ocr_line' id='line_1_41' title="bbox 319 2080 908 2129; baseline 0.002 -12"><span class='ocrx_word' id='word_1_269' title='bbox 319 2080 558 2129; x_wconf 87' lang='lat' dir='ltr'>parationem</span> <span class='ocrx_word' id='word_1_270' title='bbox 587 2082 636 2118; x_wconf 89' lang='lat' dir='ltr'>ad</span> <span class='ocrx_word' id='word_1_271' title='bbox 665 2081 908 2118; x_wconf 90' lang='lat' dir='ltr'>intellectum.</span> 
     </span>
    </p>

    <p class='ocr_par' dir='ltr' id='par_1_17' title="bbox 320 2132 1390 2235">
     <span class='ocr_line' id='line_1_42' title="bbox 373 2132 1390 2183; baseline 0 -12"><span class='ocrx_word' id='word_1_272' title='bbox 373 2135 432 2171; x_wconf 85' lang='lat' dir='ltr'>AD</span> <span class='ocrx_word' id='word_1_273' title='bbox 462 2146 599 2171; x_wconf 81' lang='lat' dir='ltr'>PRIMUM</span> <span class='ocrx_word' id='word_1_274' title='bbox 627 2146 726 2172; x_wconf 79' lang='lat' dir='ltr'>ERGO</span> <span class='ocrx_word' id='word_1_275' title='bbox 755 2146 940 2172; x_wconf 79' lang='lat' dir='ltr'><strong>DICENDUM</strong></span> <span class='ocrx_word' id='word_1_276' title='bbox 962 2134 1067 2183; x_wconf 91' lang='lat' dir='ltr'>quod</span> <span class='ocrx_word' id='word_1_277' title='bbox 1086 2146 1224 2172; x_wconf 91' lang='lat' dir='ltr'>verum</span> <span class='ocrx_word' id='word_1_278' title='bbox 1246 2141 1302 2171; x_wconf 91' lang='lat' dir='ltr'>est</span> <span class='ocrx_word' id='word_1_279' title='bbox 1320 2134 1358 2171; x_wconf 92' lang='lat' dir='ltr'>in</span> <span class='ocrx_word' id='word_1_280' title='bbox 1373 2132 1390 2164; x_wconf 68' lang='grc' dir='ltr'><strong><em>β</em></strong></span> 
     </span>
     <span class='ocr_line' id='line_1_43' title="bbox 320 2187 1390 2235; baseline 0 -11"><span class='ocrx_word' id='word_1_281' title='bbox 320 2188 433 2224; x_wconf 91' lang='lat' dir='ltr'>rebus</span> <span class='ocrx_word' id='word_1_282' title='bbox 468 2195 505 2224; x_wconf 92' lang='lat' dir='ltr'>et</span> <span class='ocrx_word' id='word_1_283' title='bbox 540 2187 579 2224; x_wconf 92' lang='lat' dir='ltr'>in</span> <span class='ocrx_word' id='word_1_284' title='bbox 613 2187 822 2235; x_wconf 84' lang='lat' dir='ltr'>intellectu,</span> <span class='ocrx_word' id='word_1_285' title='bbox 857 2195 899 2224; x_wconf 89' lang='lat' dir='ltr'>ut</span> <span class='ocrx_word' id='word_1_286' title='bbox 934 2187 1079 2224; x_wconf 89' lang='lat' dir='ltr'>dictum</span> <span class='ocrx_word' id='word_1_287' title='bbox 1109 2195 1165 2224; x_wconf 88' lang='lat' dir='ltr'>est</span> <span class='ocrx_word' id='word_1_288' title='bbox 1182 2187 1214 2224; x_wconf 69' lang='lat'>²⁸.</span> <span class='ocrx_word' id='word_1_289' title='bbox 1243 2188 1390 2224; x_wconf 92' lang='lat' dir='ltr'>Verum</span> 
     </span>
    </p>
   </div>
   <div class='ocr_carea' id='block_1_13' title="bbox 319 2302 1389 2442">
    <p class='ocr_par' dir='ltr' id='par_1_18' title="bbox 319 2302 1389 2442">
     <span class='ocr_line' id='line_1_44' title="bbox 374 2302 777 2334; baseline -0.002 -7"><span class='ocrx_word' id='word_1_290' title='bbox 374 2303 401 2334; x_wconf 89' lang='grc' dir='ltr'>α)</span> <span class='ocrx_word' id='word_1_291' title='bbox 421 2309 482 2327; x_wconf 87' lang='lat' dir='ltr'>nam</span> <span class='ocrx_word' id='word_1_292' title='bbox 502 2309 556 2327; x_wconf 83' lang='lat' dir='ltr'>ens.</span> <span class='ocrx_word' id='word_1_293' title='bbox 574 2316 593 2321; x_wconf 95' lang='lat'>—</span> <span class='ocrx_word' id='word_1_294' title='bbox 611 2309 657 2327; x_wconf 82' lang='lat' dir='ltr'>ens</span> <span class='ocrx_word' id='word_1_295' title='bbox 675 2309 728 2327; x_wconf 88' lang='lat' dir='ltr'>om.</span> <span class='ocrx_word' id='word_1_296' title='bbox 748 2302 777 2327; x_wconf 84' lang='lat' dir='ltr'>P.</span> 
     </span>
     <span class='ocr_line' id='line_1_45' title="bbox 373 2336 1389 2370; baseline -0.001 -8"><span class='ocrx_word' id='word_1_297' title='bbox 373 2336 397 2370; x_wconf 85' lang='grc' dir='ltr'>β)</span> <span class='ocrx_word' id='word_1_298' title='bbox 418 2338 454 2362; x_wconf 85' lang='grc' dir='ltr'>ἰη.</span> <span class='ocrx_word' id='word_1_299' title='bbox 471 2352 490 2357; x_wconf 90' lang='lat'>·-</span> <span class='ocrx_word' id='word_1_300' title='bbox 508 2342 534 2363; x_wconf 80' lang='lat' dir='ltr'>et</span> <span class='ocrx_word' id='word_1_301' title='bbox 553 2338 579 2362; x_wconf 84' lang='lat' dir='ltr'>in</span> <span class='ocrx_word' id='word_1_302' title='bbox 598 2337 659 2368; x_wconf 85' lang='lat' dir='ltr'>FG;</span> <span class='ocrx_word' id='word_1_303' title='bbox 679 2338 756 2362; x_wconf 87' lang='lat' dir='ltr'>ceteri</span> <span class='ocrx_word' id='word_1_304' title='bbox 775 2337 880 2370; x_wconf 87' lang='lat' dir='ltr'>insuper</span> <span class='ocrx_word' id='word_1_305' title='bbox 897 2337 1099 2369; x_wconf 85' lang='lat' dir='ltr'>transponendo,</span> <span class='ocrx_word' id='word_1_306' title='bbox 1119 2339 1145 2362; x_wconf 81' lang='lat' dir='ltr'>et</span> <span class='ocrx_word' id='word_1_307' title='bbox 1164 2337 1190 2361; x_wconf 81' lang='lat' dir='ltr'>in</span> <span class='ocrx_word' id='word_1_308' title='bbox 1211 2336 1343 2362; x_wconf 80' lang='lat' dir='ltr'>intellectu</span> <span class='ocrx_word' id='word_1_309' title='bbox 1363 2339 1389 2361; x_wconf 82' lang='lat' dir='ltr'>et</span> 
     </span>
     <span class='ocr_line' id='line_1_46' title="bbox 319 2374 909 2442; baseline -0.003 -8"><span class='ocrx_word' id='word_1_310' title='bbox 319 2382 345 2398; x_wconf 74' lang='lat' dir='ltr'><em>m</em></span> <span class='ocrx_word' id='word_1_311' title='bbox 366 2374 602 2442; x_wconf 39' lang='lat' dir='ltr'>ssbzffbstantiam.</span> <span class='ocrx_word' id='word_1_312' title='bbox 621 2423 638 2427; x_wconf 98' lang='lat'><em>-</em></span> <span class='ocrx_word' id='word_1_313' title='bbox 655 2408 800 2433; x_wconf 70' lang='lat' dir='ltr'>subfectum</span> <span class='ocrx_word' id='word_1_314' title='bbox 820 2407 909 2433; x_wconf 76' lang='lat' dir='ltr'>FGab.</span> 
     </span>
    </p>
   </div>
   <div class='ocr_carea' id='block_1_14' title="bbox 1421 652 1427 1164">
    <p class='ocr_par' dir='ltr' id='par_1_19' title="bbox 1421 652 1427 1164">
     <span class='ocr_line' id='line_1_47' title="bbox 1421 652 1427 1164; baseline 0 0"><span class='ocrx_word' id='word_1_315' title='bbox 1421 652 1427 1164; x_wconf 95' lang='lat' dir='ltr'> </span> 
     </span>
    </p>
   </div>
   <div class='ocr_carea' id='block_1_15' title="bbox 1420 652 1427 1363">
    <p class='ocr_par' dir='ltr' id='par_1_20' title="bbox 1420 652 1427 1363">
     <span class='ocr_line' id='line_1_48' title="bbox 1420 652 1427 1363; baseline 0 0"><span class='ocrx_word' id='word_1_316' title='bbox 1420 652 1427 1363; x_wconf 95' lang='lat' dir='ltr'> </span> 
     </span>
    </p>
   </div>
   <div class='ocr_carea' id='block_1_16' title="bbox 1417 1540 1421 2174">
    <p class='ocr_par' dir='ltr' id='par_1_21' title="bbox 1417 1540 1421 2174">
     <span class='ocr_line' id='line_1_49' title="bbox 1417 1540 1421 2174; baseline 0 0"><span class='ocrx_word' id='word_1_317' title='bbox 1417 1540 1421 2174; x_wconf 95' lang='lat' dir='ltr'> </span> 
     </span>
    </p>
   </div>
   <div class='ocr_carea' id='block_1_17' title="bbox 1451 645 2523 842">
    <p class='ocr_par' dir='ltr' id='par_1_22' title="bbox 1451 645 2523 842">
     <span class='ocr_line' id='line_1_50' title="bbox 1454 645 2522 693; baseline 0.002 -13"><span class='ocrx_word' id='word_1_318' title='bbox 1454 651 1583 681; x_wconf 90' lang='lat' dir='ltr'>autem</span> <span class='ocrx_word' id='word_1_319' title='bbox 1612 645 1717 693; x_wconf 93' lang='lat' dir='ltr'>quod</span> <span class='ocrx_word' id='word_1_320' title='bbox 1746 652 1801 681; x_wconf 88' lang='lat' dir='ltr'>est</span> <span class='ocrx_word' id='word_1_321' title='bbox 1828 645 1866 681; x_wconf 93' lang='lat' dir='ltr'>in</span> <span class='ocrx_word' id='word_1_322' title='bbox 1895 645 2021 692; x_wconf 84' lang='lat' dir='ltr'>rebus,</span> <span class='ocrx_word' id='word_1_323' title='bbox 2053 645 2286 682; x_wconf 91' lang='lat' dir='ltr'>convertitur</span> <span class='ocrx_word' id='word_1_324' title='bbox 2314 657 2402 681; x_wconf 91' lang='lat' dir='ltr'>cum</span> <span class='ocrx_word' id='word_1_325' title='bbox 2436 652 2522 682; x_wconf 91' lang='lat' dir='ltr'>ente</span> 
     </span>
     <span class='ocr_line' id='line_1_51' title="bbox 1454 694 2523 746; baseline 0.001 -13"><span class='ocrx_word' id='word_1_326' title='bbox 1454 698 1668 735; x_wconf 90' lang='lat' dir='ltr'>secundum</span> <span class='ocrx_word' id='word_1_327' title='bbox 1697 697 1947 735; x_wconf 89' lang='lat' dir='ltr'>substantiam</span> <span class='ocrx_word' id='word_1_328' title='bbox 1962 703 1987 735; x_wconf 69' lang='lat'>⁷.</span> <span class='ocrx_word' id='word_1_329' title='bbox 2020 694 2097 735; x_wconf 87' lang='lat' dir='ltr'>Sed</span> <span class='ocrx_word' id='word_1_330' title='bbox 2116 710 2253 735; x_wconf 88' lang='lat' dir='ltr'>verum</span> <span class='ocrx_word' id='word_1_331' title='bbox 2284 698 2389 746; x_wconf 90' lang='lat' dir='ltr'>quod</span> <span class='ocrx_word' id='word_1_332' title='bbox 2410 698 2523 735; x_wconf 89' lang='lat' dir='ltr'>estin</span> 
     </span>
     <span class='ocr_line' id='line_1_52' title="bbox 1453 749 2522 798; baseline 0.002 -12"><span class='ocrx_word' id='word_1_333' title='bbox 1453 749 1663 798; x_wconf 90' lang='lat' dir='ltr'>intellectu,</span> <span class='ocrx_word' id='word_1_334' title='bbox 1694 751 1925 788; x_wconf 87' lang='lat' dir='ltr'>convertitur</span> <span class='ocrx_word' id='word_1_335' title='bbox 1958 763 2047 788; x_wconf 90' lang='lat' dir='ltr'>curn</span> <span class='ocrx_word' id='word_1_336' title='bbox 2078 759 2174 798; x_wconf 89' lang='lat' dir='ltr'>ente,</span> <span class='ocrx_word' id='word_1_337' title='bbox 2203 759 2246 788; x_wconf 93' lang='lat' dir='ltr'>ut</span> <span class='ocrx_word' id='word_1_338' title='bbox 2278 751 2522 788; x_wconf 90' lang='lat' dir='ltr'>manifestati-</span> 
     </span>
     <span class='ocr_line' id='line_1_53' title="bbox 1451 804 2522 842; baseline 0.002 -3"><span class='ocrx_word' id='word_1_339' title='bbox 1451 815 1547 840; x_wconf 81' lang='lat' dir='ltr'>vum</span> <span class='ocrx_word' id='word_1_340' title='bbox 1578 815 1665 840; x_wconf 90' lang='lat' dir='ltr'>cum</span> <span class='ocrx_word' id='word_1_341' title='bbox 1695 804 1945 841; x_wconf 88' lang='lat' dir='ltr'>manifestato.</span> <span class='ocrx_word' id='word_1_342' title='bbox 1978 805 2063 840; x_wconf 93' lang='lat' dir='ltr'>Hoc</span> <span class='ocrx_word' id='word_1_343' title='bbox 2093 805 2195 842; x_wconf 92' lang='lat' dir='ltr'>enim</span> <span class='ocrx_word' id='word_1_344' title='bbox 2225 812 2281 841; x_wconf 92' lang='lat' dir='ltr'>est</span> <span class='ocrx_word' id='word_1_345' title='bbox 2309 805 2357 842; x_wconf 92' lang='lat' dir='ltr'>de</span> <span class='ocrx_word' id='word_1_346' title='bbox 2377 804 2522 841; x_wconf 90' lang='lat' dir='ltr'>ratione</span> 
     </span>
    </p>
   </div>
   <div class='ocr_carea' id='block_1_18' title="bbox 1443 856 2520 907">
    <p class='ocr_par' dir='ltr' id='par_1_23' title="bbox 1443 856 2520 907">
     <span class='ocr_line' id='line_1_54' title="bbox 1443 856 2520 907; baseline 0.003 -15"><span class='ocrx_word' id='word_1_347' title='bbox 1443 856 1545 904; x_wconf 64' lang='lat' dir='ltr'>veri,</span> <span class='ocrx_word' id='word_1_348' title='bbox 1565 864 1607 892; x_wconf 92' lang='lat' dir='ltr'>ut</span> <span class='ocrx_word' id='word_1_349' title='bbox 1627 856 1769 893; x_wconf 88' lang='lat' dir='ltr'>dictum</span> <span class='ocrx_word' id='word_1_350' title='bbox 1790 864 1846 893; x_wconf 89' lang='lat' dir='ltr'>est</span> <span class='ocrx_word' id='word_1_351' title='bbox 1863 856 1895 893; x_wconf 74' lang='lat'>²¹².</span> <span class='ocrx_word' id='word_1_352' title='bbox 1916 878 1940 884; x_wconf 99' lang='lat'><em>-</em></span> <span class='ocrx_word' id='word_1_353' title='bbox 1963 858 2152 904; x_wconf 87' lang='lat' dir='ltr'>Quamvis</span> <span class='ocrx_word' id='word_1_354' title='bbox 2171 866 2302 907; x_wconf 91' lang='lat' dir='ltr'>posset</span> <span class='ocrx_word' id='word_1_355' title='bbox 2321 857 2393 895; x_wconf 89' lang='lat' dir='ltr'>dici</span> <span class='ocrx_word' id='word_1_356' title='bbox 2414 858 2520 906; x_wconf 91' lang='lat' dir='ltr'>quod</span> 
     </span>
    </p>
   </div>
   <div class='ocr_carea' id='block_1_19' title="bbox 1449 908 2522 1331">
    <p class='ocr_par' dir='ltr' id='par_1_24' title="bbox 1449 908 2522 1117">
     <span class='ocr_line' id='line_1_55' title="bbox 1452 908 2522 957; baseline 0.003 -12"><span class='ocrx_word' id='word_1_357' title='bbox 1452 908 1566 945; x_wconf 91' lang='lat' dir='ltr'>etiam</span> <span class='ocrx_word' id='word_1_358' title='bbox 1601 921 1668 946; x_wconf 92' lang='lat' dir='ltr'>ens</span> <span class='ocrx_word' id='word_1_359' title='bbox 1702 917 1758 946; x_wconf 90' lang='lat' dir='ltr'>est</span> <span class='ocrx_word' id='word_1_360' title='bbox 1785 909 1824 946; x_wconf 87' lang='lat' dir='ltr'>in</span> <span class='ocrx_word' id='word_1_361' title='bbox 1854 911 1968 947; x_wconf 92' lang='lat' dir='ltr'>rebus</span> <span class='ocrx_word' id='word_1_362' title='bbox 1997 918 2034 947; x_wconf 90' lang='lat' dir='ltr'>et</span> <span class='ocrx_word' id='word_1_363' title='bbox 2061 911 2100 948; x_wconf 91' lang='lat' dir='ltr'>in</span> <span class='ocrx_word' id='word_1_364' title='bbox 2127 911 2330 957; x_wconf 90' lang='lat' dir='ltr'>intellectu,</span> <span class='ocrx_word' id='word_1_365' title='bbox 2361 911 2457 948; x_wconf 90' lang='lat' dir='ltr'>sicut</span> <span class='ocrx_word' id='word_1_366' title='bbox 2486 918 2522 948; x_wconf 89' lang='lat' dir='ltr'>et</span> 
     </span>
     <span class='ocr_line' id='line_1_56' title="bbox 1450 962 2521 1011; baseline 0.003 -13"><span class='ocrx_word' id='word_1_367' title='bbox 1450 974 1607 1008; x_wconf 80' lang='lat' dir='ltr'>verum3</span> <span class='ocrx_word' id='word_1_368' title='bbox 1633 962 1719 998; x_wconf 93' lang='lat' dir='ltr'>licet</span> <span class='ocrx_word' id='word_1_369' title='bbox 1737 974 1874 998; x_wconf 86' lang='lat' dir='ltr'>verum</span> <span class='ocrx_word' id='word_1_370' title='bbox 1901 962 2156 1011; x_wconf 90' lang='lat' dir='ltr'>principaliter</span> <span class='ocrx_word' id='word_1_371' title='bbox 2174 964 2212 1001; x_wconf 93' lang='lat' dir='ltr'>in</span> <span class='ocrx_word' id='word_1_372' title='bbox 2231 964 2431 1011; x_wconf 89' lang='lat' dir='ltr'>intellectu,</span> <span class='ocrx_word' id='word_1_373' title='bbox 2454 976 2521 1001; x_wconf 90' lang='lat' dir='ltr'>ens</span> 
     </span>
     <span class='ocr_line' id='line_1_57' title="bbox 1450 1014 2521 1066; baseline 0.005 -16"><span class='ocrx_word' id='word_1_374' title='bbox 1450 1027 1543 1051; x_wconf 91' lang='lat' dir='ltr'>vero</span> <span class='ocrx_word' id='word_1_375' title='bbox 1572 1014 1828 1063; x_wconf 88' lang='lat' dir='ltr'>principaliter</span> <span class='ocrx_word' id='word_1_376' title='bbox 1862 1014 1900 1052; x_wconf 92' lang='lat' dir='ltr'>in</span> <span class='ocrx_word' id='word_1_377' title='bbox 1929 1016 2054 1053; x_wconf 91' lang='lat' dir='ltr'>rebus.</span> <span class='ocrx_word' id='word_1_378' title='bbox 2089 1017 2139 1053; x_wconf 92' lang='lat' dir='ltr'>Et</span> <span class='ocrx_word' id='word_1_379' title='bbox 2166 1017 2241 1054; x_wconf 91' lang='lat' dir='ltr'>hoc</span> <span class='ocrx_word' id='word_1_380' title='bbox 2269 1017 2404 1055; x_wconf 89' lang='lat' dir='ltr'>accidit</span> <span class='ocrx_word' id='word_1_381' title='bbox 2431 1029 2521 1066; x_wconf 91' lang='lat' dir='ltr'>pro-</span> 
     </span>
     <span class='ocr_line' id='line_1_58' title="bbox 1449 1069 2518 1117; baseline 0.003 -13"><span class='ocrx_word' id='word_1_382' title='bbox 1449 1075 1534 1117; x_wconf 91' lang='lat' dir='ltr'>pter</span> <span class='ocrx_word' id='word_1_383' title='bbox 1561 1069 1656 1115; x_wconf 89' lang='lat' dir='ltr'>hoc,</span> <span class='ocrx_word' id='word_1_384' title='bbox 1686 1069 1791 1116; x_wconf 91' lang='lat' dir='ltr'>quod</span> <span class='ocrx_word' id='word_1_385' title='bbox 1819 1079 1957 1105; x_wconf 85' lang='lat' dir='ltr'>verum</span> <span class='ocrx_word' id='word_1_386' title='bbox 1988 1076 2024 1105; x_wconf 92' lang='lat' dir='ltr'>et</span> <span class='ocrx_word' id='word_1_387' title='bbox 2053 1081 2119 1106; x_wconf 91' lang='lat' dir='ltr'>ens</span> <span class='ocrx_word' id='word_1_388' title='bbox 2149 1069 2328 1107; x_wconf 88' lang='lat' dir='ltr'>differunt</span> <span class='ocrx_word' id='word_1_389' title='bbox 2361 1070 2518 1107; x_wconf 90' lang='lat' dir='ltr'>ratione.</span> 
     </span>
    </p>

    <p class='ocr_par' dir='ltr' id='par_1_25' title="bbox 1449 1122 2521 1331">
     <span class='ocr_line' id='line_1_59' title="bbox 1503 1122 2521 1170; baseline 0.002 -12"><span class='ocrx_word' id='word_1_390' title='bbox 1503 1123 1562 1158; x_wconf 84' lang='grc' dir='ltr'>Αι)</span> <span class='ocrx_word' id='word_1_391' title='bbox 1583 1133 1773 1158; x_wconf 78' lang='lat' dir='ltr'>SECUNDUM</span> <span class='ocrx_word' id='word_1_392' title='bbox 1793 1133 1979 1158; x_wconf 83' lang='lat' dir='ltr'><strong>DICENDUM</strong></span> <span class='ocrx_word' id='word_1_393' title='bbox 1994 1122 2099 1170; x_wconf 92' lang='lat' dir='ltr'>quod</span> <span class='ocrx_word' id='word_1_394' title='bbox 2120 1134 2199 1159; x_wconf 89' lang='lat' dir='ltr'>non</span> <span class='ocrx_word' id='word_1_395' title='bbox 2220 1135 2286 1160; x_wconf 91' lang='lat' dir='ltr'>ens</span> <span class='ocrx_word' id='word_1_396' title='bbox 2306 1135 2385 1160; x_wconf 90' lang='lat' dir='ltr'>non</span> <span class='ocrx_word' id='word_1_397' title='bbox 2404 1124 2521 1161; x_wconf 89' lang='lat' dir='ltr'>habet</span> 
     </span>
     <span class='ocr_line' id='line_1_60' title="bbox 1449 1174 2519 1226; baseline 0.003 -15"><span class='ocrx_word' id='word_1_398' title='bbox 1449 1174 1487 1211; x_wconf 92' lang='lat' dir='ltr'>in</span> <span class='ocrx_word' id='word_1_399' title='bbox 1514 1187 1554 1211; x_wconf 92' lang='lat' dir='ltr'>se</span> <span class='ocrx_word' id='word_1_400' title='bbox 1576 1174 1678 1212; x_wconf 93' lang='lat' dir='ltr'>unde</span> <span class='ocrx_word' id='word_1_401' title='bbox 1708 1182 1970 1223; x_wconf 84' lang='lat' dir='ltr'>cognoscatur,</span> <span class='ocrx_word' id='word_1_402' title='bbox 2001 1175 2070 1212; x_wconf 91' lang='lat' dir='ltr'>sed</span> <span class='ocrx_word' id='word_1_403' title='bbox 2090 1176 2331 1222; x_wconf 89' lang='lat' dir='ltr'>cognoscitur</span> <span class='ocrx_word' id='word_1_404' title='bbox 2359 1177 2519 1226; x_wconf 88' lang='lat' dir='ltr'>inquan-</span> 
     </span>
     <span class='ocr_line' id='line_1_61' title="bbox 1449 1228 2520 1276; baseline 0.002 -12"><span class='ocrx_word' id='word_1_405' title='bbox 1449 1236 1531 1265; x_wconf 92' lang='lat' dir='ltr'>tum</span> <span class='ocrx_word' id='word_1_406' title='bbox 1547 1228 1758 1265; x_wconf 88' lang='lat' dir='ltr'>intellectus</span> <span class='ocrx_word' id='word_1_407' title='bbox 1772 1228 1859 1264; x_wconf 85' lang='lat' dir='ltr'>facit</span> <span class='ocrx_word' id='word_1_408' title='bbox 1874 1228 1964 1264; x_wconf 94' lang='lat' dir='ltr'>illud</span> <span class='ocrx_word' id='word_1_409' title='bbox 1981 1228 2247 1276; x_wconf 89' lang='lat' dir='ltr'>cognoscibile.</span> <span class='ocrx_word' id='word_1_410' title='bbox 2255 1229 2368 1266; x_wconf 91' lang='lat' dir='ltr'>Unde</span> <span class='ocrx_word' id='word_1_411' title='bbox 2381 1241 2520 1267; x_wconf 88' lang='lat' dir='ltr'>verum</span> 
     </span>
     <span class='ocr_line' id='line_1_62' title="bbox 1449 1279 2520 1331; baseline 0.001 -13"><span class='ocrx_word' id='word_1_412' title='bbox 1449 1282 1628 1319; x_wconf 88' lang='lat' dir='ltr'>fundatur</span> <span class='ocrx_word' id='word_1_413' title='bbox 1647 1281 1685 1318; x_wconf 93' lang='lat' dir='ltr'>in</span> <span class='ocrx_word' id='word_1_414' title='bbox 1706 1289 1792 1318; x_wconf 89' lang='lat' dir='ltr'>ente</span> <span class='ocrx_word' id='word_1_415' title='bbox 1813 1279 1836 1325; x_wconf 61' lang='grc' dir='ltr'>ὃ,</span> <span class='ocrx_word' id='word_1_416' title='bbox 1867 1281 2094 1330; x_wconf 88' lang='lat' dir='ltr'>inquantum</span> <span class='ocrx_word' id='word_1_417' title='bbox 2123 1294 2203 1319; x_wconf 93' lang='lat' dir='ltr'>non</span> <span class='ocrx_word' id='word_1_418' title='bbox 2232 1294 2298 1318; x_wconf 91' lang='lat' dir='ltr'>ens</span> <span class='ocrx_word' id='word_1_419' title='bbox 2324 1289 2379 1319; x_wconf 89' lang='lat' dir='ltr'>est</span> <span class='ocrx_word' id='word_1_420' title='bbox 2397 1283 2520 1331; x_wconf 91' lang='lat' dir='ltr'>quod-</span> 
     </span>
    </p>
   </div>
   <div class='ocr_carea' id='block_1_20' title="bbox 1450 1334 2601 1384">
    <p class='ocr_par' dir='ltr' id='par_1_26' title="bbox 1450 1334 2601 1384">
     <span class='ocr_line' id='line_1_63' title="bbox 1450 1334 2601 1384; baseline 0.001 -13"><span class='ocrx_word' id='word_1_421' title='bbox 1450 1335 1540 1372; x_wconf 87' lang='lat' dir='ltr'>dam</span> <span class='ocrx_word' id='word_1_422' title='bbox 1562 1347 1628 1372; x_wconf 91' lang='lat' dir='ltr'>ens</span> <span class='ocrx_word' id='word_1_423' title='bbox 1648 1334 1801 1371; x_wconf 90' lang='lat' dir='ltr'>rationis</span> <span class='ocrx_word' id='word_1_424' title='bbox 1815 1334 1847 1381; x_wconf 57' lang='lat'>³⁶,</span> <span class='ocrx_word' id='word_1_425' title='bbox 1864 1335 2148 1384; x_wconf 88' lang='lat' dir='ltr'>apprehensum</span> <span class='ocrx_word' id='word_1_426' title='bbox 2169 1335 2309 1372; x_wconf 89' lang='lat' dir='ltr'>scilicet</span> <span class='ocrx_word' id='word_1_427' title='bbox 2323 1348 2346 1372; x_wconf 91' lang='lat' dir='ltr'>a</span> <span class='ocrx_word' id='word_1_428' title='bbox 2361 1335 2518 1373; x_wconf 90' lang='lat' dir='ltr'>ratione.</span> <span class='ocrx_word' id='word_1_429' title='bbox 2547 1343 2558 1352; x_wconf 85' lang='lat'>&#39;</span> <span class='ocrx_word' id='word_1_430' title='bbox 2595 1358 2601 1365; x_wconf 93' lang='lat'><strong>·</strong></span> 
     </span>
    </p>
   </div>
   <div class='ocr_carea' id='block_1_21' title="bbox 1445 1388 2521 2023">
    <p class='ocr_par' dir='ltr' id='par_1_27' title="bbox 1445 1388 2521 2023">
     <span class='ocr_line' id='line_1_64' title="bbox 1502 1388 2521 1438; baseline 0.002 -14"><span class='ocrx_word' id='word_1_431' title='bbox 1502 1390 1561 1425; x_wconf 83' lang='lat' dir='ltr'>AD</span> <span class='ocrx_word' id='word_1_432' title='bbox 1589 1399 1750 1425; x_wconf 83' lang='lat' dir='ltr'>TERTlUM</span> <span class='ocrx_word' id='word_1_433' title='bbox 1770 1399 1954 1425; x_wconf 85' lang='lat' dir='ltr'><strong>DICENDUM</strong></span> <span class='ocrx_word' id='word_1_434' title='bbox 1984 1388 2101 1437; x_wconf 91' lang='lat' dir='ltr'>quod,</span> <span class='ocrx_word' id='word_1_435' title='bbox 2133 1401 2221 1425; x_wconf 89' lang='lat' dir='ltr'>cum</span> <span class='ocrx_word' id='word_1_436' title='bbox 2251 1388 2386 1426; x_wconf 92' lang='lat' dir='ltr'>dicitur</span> <span class='ocrx_word' id='word_1_437' title='bbox 2414 1389 2521 1438; x_wconf 89' lang='lat' dir='ltr'>quod</span> 
     </span>
     <span class='ocr_line' id='line_1_65' title="bbox 1450 1441 2519 1490; baseline 0.001 -12"><span class='ocrx_word' id='word_1_438' title='bbox 1450 1454 1516 1478; x_wconf 90' lang='lat' dir='ltr'>ens</span> <span class='ocrx_word' id='word_1_439' title='bbox 1545 1453 1623 1478; x_wconf 93' lang='lat' dir='ltr'>non</span> <span class='ocrx_word' id='word_1_440' title='bbox 1652 1448 1776 1490; x_wconf 91' lang='lat' dir='ltr'>potest</span> <span class='ocrx_word' id='word_1_441' title='bbox 1804 1441 2042 1490; x_wconf 87' lang='lat' dir='ltr'>apprehendi</span> <span class='ocrx_word' id='word_1_442' title='bbox 2062 1441 2142 1478; x_wconf 90' lang='lat' dir='ltr'>sine</span> <span class='ocrx_word' id='word_1_443' title='bbox 2163 1441 2310 1479; x_wconf 90' lang='lat' dir='ltr'>ratione</span> <span class='ocrx_word' id='word_1_444' title='bbox 2329 1441 2422 1489; x_wconf 89' lang='lat' dir='ltr'>veri,</span> <span class='ocrx_word' id='word_1_445' title='bbox 2443 1443 2519 1480; x_wconf 90' lang='lat' dir='ltr'>hoc</span> 
     </span>
     <span class='ocr_line' id='line_1_66' title="bbox 1447 1493 2521 1544; baseline 0.002 -13"><span class='ocrx_word' id='word_1_446' title='bbox 1447 1502 1573 1544; x_wconf 82' lang='lat' dir='ltr'>potest</span> <span class='ocrx_word' id='word_1_447' title='bbox 1591 1500 1602 1515; x_wconf 82' lang='lat'><em>‘</em></span> <span class='ocrx_word' id='word_1_448' title='bbox 1632 1493 1829 1543; x_wconf 89' lang='lat' dir='ltr'>dupliciter</span> <span class='ocrx_word' id='word_1_449' title='bbox 1857 1494 2021 1542; x_wconf 88' lang='lat' dir='ltr'>intelligi.</span> <span class='ocrx_word' id='word_1_450' title='bbox 2056 1495 2143 1532; x_wconf 92' lang='lat' dir='ltr'>Uno</span> <span class='ocrx_word' id='word_1_451' title='bbox 2173 1495 2305 1542; x_wconf 87' lang='lat' dir='ltr'>modo,</span> <span class='ocrx_word' id='word_1_452' title='bbox 2335 1495 2386 1532; x_wconf 93' lang='lat' dir='ltr'>ita</span> <span class='ocrx_word' id='word_1_453' title='bbox 2414 1495 2521 1544; x_wconf 91' lang='lat' dir='ltr'>quod</span> 
     </span>
     <span class='ocr_line' id='line_1_67' title="bbox 1448 1547 2520 1598; baseline 0.002 -14"><span class='ocrx_word' id='word_1_454' title='bbox 1448 1560 1527 1585; x_wconf 92' lang='lat' dir='ltr'>non</span> <span class='ocrx_word' id='word_1_455' title='bbox 1556 1548 1865 1597; x_wconf 86' lang='lat' dir='ltr'>apprehendatur</span> <span class='ocrx_word' id='word_1_456' title='bbox 1894 1560 1977 1595; x_wconf 89' lang='lat' dir='ltr'>ens,</span> <span class='ocrx_word' id='word_1_457' title='bbox 2008 1548 2079 1585; x_wconf 90' lang='lat' dir='ltr'>nisi</span> <span class='ocrx_word' id='word_1_458' title='bbox 2108 1547 2202 1585; x_wconf 91' lang='lat' dir='ltr'>ratio</span> <span class='ocrx_word' id='word_1_459' title='bbox 2231 1548 2312 1585; x_wconf 84' lang='lat' dir='ltr'>veri</span> <span class='ocrx_word' id='word_1_460' title='bbox 2341 1561 2520 1598; x_wconf 86' lang='lat' dir='ltr'>assequa-</span> 
     </span>
     <span class='ocr_line' id='line_1_68' title="bbox 1447 1597 2519 1650; baseline 0.003 -13"><span class='ocrx_word' id='word_1_461' title='bbox 1447 1608 1507 1638; x_wconf 91' lang='lat' dir='ltr'>tur</span> <span class='ocrx_word' id='word_1_462' title='bbox 1527 1601 1541 1628; x_wconf 62' lang='grc' dir='ltr'>ς</span> <span class='ocrx_word' id='word_1_463' title='bbox 1568 1597 1919 1650; x_wconf 83' lang='lat' dir='ltr'>apprehensionem</span> <span class='ocrx_word' id='word_1_464' title='bbox 1949 1601 2055 1638; x_wconf 89' lang='lat' dir='ltr'>entis.</span> <span class='ocrx_word' id='word_1_465' title='bbox 2086 1603 2136 1639; x_wconf 91' lang='lat' dir='ltr'>Et</span> <span class='ocrx_word' id='word_1_466' title='bbox 2164 1601 2215 1638; x_wconf 91' lang='lat' dir='ltr'>sic</span> <span class='ocrx_word' id='word_1_467' title='bbox 2239 1601 2380 1639; x_wconf 89' lang='lat' dir='ltr'>locutio</span> <span class='ocrx_word' id='word_1_468' title='bbox 2402 1603 2519 1640; x_wconf 91' lang='lat' dir='ltr'>habet</span> 
     </span>
     <span class='ocr_line' id='line_1_69' title="bbox 1445 1654 2519 1704; baseline 0.001 -12"><span class='ocrx_word' id='word_1_469' title='bbox 1445 1655 1659 1692; x_wconf 88' lang='lat' dir='ltr'>veritatem.</span> <span class='ocrx_word' id='word_1_470' title='bbox 1699 1654 1786 1691; x_wconf 93' lang='lat' dir='ltr'>Alio</span> <span class='ocrx_word' id='word_1_471' title='bbox 1816 1654 1935 1691; x_wconf 91' lang='lat' dir='ltr'>modo</span> <span class='ocrx_word' id='word_1_472' title='bbox 1970 1663 2101 1703; x_wconf 88' lang='lat' dir='ltr'>posset</span> <span class='ocrx_word' id='word_1_473' title='bbox 2128 1654 2182 1692; x_wconf 90' lang='lat' dir='ltr'>sic</span> <span class='ocrx_word' id='word_1_474' title='bbox 2209 1655 2382 1703; x_wconf 88' lang='lat' dir='ltr'>intelligi,</span> <span class='ocrx_word' id='word_1_475' title='bbox 2414 1655 2519 1704; x_wconf 88' lang='lat' dir='ltr'>quod</span> 
     </span>
     <span class='ocr_line' id='line_1_70' title="bbox 1448 1708 2520 1757; baseline 0.001 -12"><span class='ocrx_word' id='word_1_476' title='bbox 1448 1720 1515 1745; x_wconf 93' lang='lat' dir='ltr'>ens</span> <span class='ocrx_word' id='word_1_477' title='bbox 1544 1720 1622 1745; x_wconf 94' lang='lat' dir='ltr'>non</span> <span class='ocrx_word' id='word_1_478' title='bbox 1650 1715 1781 1756; x_wconf 88' lang='lat' dir='ltr'>posset</span> <span class='ocrx_word' id='word_1_479' title='bbox 1809 1708 2057 1756; x_wconf 87' lang='lat' dir='ltr'>apprehendi,</span> <span class='ocrx_word' id='word_1_480' title='bbox 2078 1708 2149 1745; x_wconf 92' lang='lat' dir='ltr'>nisi</span> <span class='ocrx_word' id='word_1_481' title='bbox 2168 1709 2520 1757; x_wconf 89' lang='lat' dir='ltr'>apprehenderetur</span> 
     </span>
     <span class='ocr_line' id='line_1_71' title="bbox 1447 1761 2518 1799; baseline 0.002 -2"><span class='ocrx_word' id='word_1_482' title='bbox 1447 1761 1541 1798; x_wconf 88' lang='lat' dir='ltr'>ratio</span> <span class='ocrx_word' id='word_1_483' title='bbox 1570 1761 1663 1798; x_wconf 92' lang='lat' dir='ltr'>veri.</span> <span class='ocrx_word' id='word_1_484' title='bbox 1704 1762 1753 1797; x_wconf 91' lang='lat' dir='ltr'>Et</span> <span class='ocrx_word' id='word_1_485' title='bbox 1780 1761 1855 1797; x_wconf 92' lang='lat' dir='ltr'>hoc</span> <span class='ocrx_word' id='word_1_486' title='bbox 1891 1761 2036 1798; x_wconf 87' lang='lat' dir='ltr'>falsum&#39;</span> <span class='ocrx_word' id='word_1_487' title='bbox 2063 1769 2130 1799; x_wconf 91' lang='lat' dir='ltr'>est.</span> <span class='ocrx_word' id='word_1_488' title='bbox 2167 1762 2244 1798; x_wconf 91' lang='lat' dir='ltr'>Sed</span> <span class='ocrx_word' id='word_1_489' title='bbox 2271 1773 2411 1799; x_wconf 86' lang='lat' dir='ltr'>verum</span> <span class='ocrx_word' id='word_1_490' title='bbox 2439 1774 2518 1799; x_wconf 92' lang='lat' dir='ltr'>non</span> 
     </span>
     <span class='ocr_line' id='line_1_72' title="bbox 1445 1813 2516 1863; baseline 0.002 -12"><span class='ocrx_word' id='word_1_491' title='bbox 1445 1822 1570 1863; x_wconf 90' lang='lat' dir='ltr'>potest</span> <span class='ocrx_word' id='word_1_492' title='bbox 1599 1813 1848 1863; x_wconf 90' lang='lat' dir='ltr'>apprehendi,</span> <span class='ocrx_word' id='word_1_493' title='bbox 1869 1813 1939 1850; x_wconf 92' lang='lat' dir='ltr'>nisi</span> <span class='ocrx_word' id='word_1_494' title='bbox 1960 1815 2269 1863; x_wconf 87' lang='lat' dir='ltr'>apprehendatur</span> <span class='ocrx_word' id='word_1_495' title='bbox 2287 1814 2382 1852; x_wconf 86' lang='lat' dir='ltr'>ratio</span> <span class='ocrx_word' id='word_1_496' title='bbox 2404 1815 2516 1853; x_wconf 88' lang='lat' dir='ltr'>entis:</span> 
     </span>
     <span class='ocr_line' id='line_1_73' title="bbox 1447 1866 2520 1916; baseline 0.001 -11"><span class='ocrx_word' id='word_1_497' title='bbox 1447 1868 1538 1916; x_wconf 87' lang='lat' dir='ltr'>quia</span> <span class='ocrx_word' id='word_1_498' title='bbox 1564 1880 1631 1904; x_wconf 89' lang='lat' dir='ltr'>ens</span> <span class='ocrx_word' id='word_1_499' title='bbox 1661 1867 1760 1904; x_wconf 85' lang='lat' dir='ltr'>cadit</span> <span class='ocrx_word' id='word_1_500' title='bbox 1779 1866 1818 1904; x_wconf 91' lang='lat' dir='ltr'>in</span> <span class='ocrx_word' id='word_1_501' title='bbox 1838 1867 1982 1903; x_wconf 92' lang='lat' dir='ltr'>ratione</span> <span class='ocrx_word' id='word_1_502' title='bbox 2002 1867 2094 1904; x_wconf 89' lang='lat' dir='ltr'>veri.</span> <span class='ocrx_word' id='word_1_503' title='bbox 2126 1868 2175 1904; x_wconf 91' lang='lat' dir='ltr'>Et</span> <span class='ocrx_word' id='word_1_504' title='bbox 2195 1874 2251 1904; x_wconf 90' lang='lat' dir='ltr'>est</span> <span class='ocrx_word' id='word_1_505' title='bbox 2269 1867 2390 1905; x_wconf 91' lang='lat' dir='ltr'>simile</span> <span class='ocrx_word' id='word_1_506' title='bbox 2423 1868 2520 1906; x_wconf 90' lang='lat' dir='ltr'>sicut</span> 
     </span>
     <span class='ocr_line' id='line_1_74' title="bbox 1447 1919 2518 1970; baseline 0.001 -12"><span class='ocrx_word' id='word_1_507' title='bbox 1447 1921 1476 1958; x_wconf 92' lang='lat' dir='ltr'>si</span> <span class='ocrx_word' id='word_1_508' title='bbox 1513 1932 1783 1970; x_wconf 89' lang='lat' dir='ltr'>comparemus</span> <span class='ocrx_word' id='word_1_509' title='bbox 1817 1919 2046 1968; x_wconf 88' lang='lat' dir='ltr'>intelligibile</span> <span class='ocrx_word' id='word_1_510' title='bbox 2084 1920 2132 1958; x_wconf 92' lang='lat' dir='ltr'>ad</span> <span class='ocrx_word' id='word_1_511' title='bbox 2170 1933 2250 1958; x_wconf 90' lang='lat' dir='ltr'>ens.</span> <span class='ocrx_word' id='word_1_512' title='bbox 2285 1921 2378 1958; x_wconf 91' lang='lat' dir='ltr'>Non</span> <span class='ocrx_word' id='word_1_513' title='bbox 2415 1921 2518 1960; x_wconf 89' lang='lat' dir='ltr'>enirn</span> 
     </span>
     <span class='ocr_line' id='line_1_75' title="bbox 1445 1973 2518 2023; baseline 0.001 -12"><span class='ocrx_word' id='word_1_514' title='bbox 1445 1981 1571 2023; x_wconf 86' lang='lat' dir='ltr'>potest</span> <span class='ocrx_word' id='word_1_515' title='bbox 1599 1973 1750 2021; x_wconf 90' lang='lat' dir='ltr'>intelligi</span> <span class='ocrx_word' id='word_1_516' title='bbox 1779 1985 1858 2019; x_wconf 90' lang='lat' dir='ltr'>ens,</span> <span class='ocrx_word' id='word_1_517' title='bbox 1889 1973 1979 2022; x_wconf 93' lang='lat' dir='ltr'>quin</span> <span class='ocrx_word' id='word_1_518' title='bbox 2009 1986 2076 2011; x_wconf 90' lang='lat' dir='ltr'>ens</span> <span class='ocrx_word' id='word_1_519' title='bbox 2105 1974 2151 2011; x_wconf 89' lang='lat' dir='ltr'>sit</span> <span class='ocrx_word' id='word_1_520' title='bbox 2169 1973 2420 2023; x_wconf 85' lang='lat' dir='ltr'>intelligibile:</span> <span class='ocrx_word' id='word_1_521' title='bbox 2450 1975 2518 2012; x_wconf 89' lang='lat' dir='ltr'>sed</span> 
     </span>
    </p>
   </div>
   <div class='ocr_carea' id='block_1_22' title="bbox 1445 2026 2541 2076">
    <p class='ocr_par' dir='ltr' id='par_1_28' title="bbox 1445 2026 2541 2076">
     <span class='ocr_line' id='line_1_76' title="bbox 1445 2026 2541 2076; baseline 0.001 -12"><span class='ocrx_word' id='word_1_522' title='bbox 1445 2035 1576 2064; x_wconf 91' lang='lat' dir='ltr'>tamen</span> <span class='ocrx_word' id='word_1_523' title='bbox 1609 2034 1734 2076; x_wconf 90' lang='lat' dir='ltr'>potest</span> <span class='ocrx_word' id='word_1_524' title='bbox 1767 2026 1917 2075; x_wconf 91' lang='lat' dir='ltr'>intelligi</span> <span class='ocrx_word' id='word_1_525' title='bbox 1948 2039 2035 2073; x_wconf 90' lang='lat' dir='ltr'>ens,</span> <span class='ocrx_word' id='word_1_526' title='bbox 2065 2026 2116 2064; x_wconf 90' lang='lat' dir='ltr'>ita</span> <span class='ocrx_word' id='word_1_527' title='bbox 2143 2027 2250 2075; x_wconf 92' lang='lat' dir='ltr'>quod</span> <span class='ocrx_word' id='word_1_528' title='bbox 2278 2039 2358 2065; x_wconf 89' lang='lat' dir='ltr'>non</span> <span class='ocrx_word' id='word_1_529' title='bbox 2386 2027 2541 2065; x_wconf 85' lang='lat' dir='ltr'>intelli--</span> 
     </span>
    </p>
   </div>
   <div class='ocr_carea' id='block_1_23' title="bbox 1445 2080 2518 2235">
    <p class='ocr_par' dir='ltr' id='par_1_29' title="bbox 1445 2080 2518 2235">
     <span class='ocr_line' id='line_1_77' title="bbox 1445 2080 2518 2129; baseline 0 -11"><span class='ocrx_word' id='word_1_530' title='bbox 1445 2089 1554 2129; x_wconf 89' lang='lat' dir='ltr'>gatur</span> <span class='ocrx_word' id='word_1_531' title='bbox 1582 2080 1979 2128; x_wconf 84' lang='lat' dir='ltr'>eius&#39;intelligibilitas.</span> <span class='ocrx_word' id='word_1_532' title='bbox 2010 2081 2060 2117; x_wconf 89' lang='lat' dir='ltr'>Et</span> <span class='ocrx_word' id='word_1_533' title='bbox 2087 2080 2256 2118; x_wconf 90' lang='lat' dir='ltr'>similiter</span> <span class='ocrx_word' id='word_1_534' title='bbox 2285 2093 2353 2118; x_wconf 91' lang='lat' dir='ltr'>ens</span> <span class='ocrx_word' id='word_1_535' title='bbox 2374 2081 2518 2119; x_wconf 91' lang='lat' dir='ltr'>intelle-</span> 
     </span>
     <span class='ocr_line' id='line_1_78' title="bbox 1447 2133 2518 2183; baseline 0.002 -12"><span class='ocrx_word' id='word_1_536' title='bbox 1447 2141 1550 2171; x_wconf 90' lang='lat' dir='ltr'>ctum</span> <span class='ocrx_word' id='word_1_537' title='bbox 1571 2141 1627 2171; x_wconf 90' lang='lat' dir='ltr'>est</span> <span class='ocrx_word' id='word_1_538' title='bbox 1644 2146 1800 2171; x_wconf 89' lang='lat' dir='ltr'>verum:</span> <span class='ocrx_word' id='word_1_539' title='bbox 1831 2145 1910 2170; x_wconf 93' lang='lat' dir='ltr'>non</span> <span class='ocrx_word' id='word_1_540' title='bbox 1935 2142 2065 2171; x_wconf 88' lang='lat' dir='ltr'>tamen</span> <span class='ocrx_word' id='word_1_541' title='bbox 2093 2133 2337 2183; x_wconf 89' lang='lat' dir='ltr'>intelligendo</span> <span class='ocrx_word' id='word_1_542' title='bbox 2362 2147 2441 2182; x_wconf 88' lang='lat' dir='ltr'>ens,</span> <span class='ocrx_word' id='word_1_543' title='bbox 2462 2134 2518 2173; x_wconf 91' lang='lat' dir='ltr'>in-</span> 
     </span>
     <span class='ocr_line' id='line_1_79' title="bbox 1446 2187 1798 2235; baseline -0.003 -10"><span class='ocrx_word' id='word_1_544' title='bbox 1446 2187 1621 2235; x_wconf 86' lang='lat' dir='ltr'>telligitur</span> <span class='ocrx_word' id='word_1_545' title='bbox 1647 2199 1798 2224; x_wconf 89' lang='lat' dir='ltr'>verum.</span> 
     </span>
    </p>
   </div>
   <div class='ocr_carea' id='block_1_24' title="bbox 1445 2294 2513 2440">
    <p class='ocr_par' dir='ltr' id='par_1_30' title="bbox 1495 2294 2233 2334">
     <span class='ocr_line' id='line_1_80' title="bbox 1495 2294 2233 2334; baseline 0.003 -9"><span class='ocrx_word' id='word_1_546' title='bbox 1495 2300 1521 2334; x_wconf 81' lang='grc' dir='ltr'>ὂ)</span> <span class='ocrx_word' id='word_1_547' title='bbox 1542 2301 1568 2325; x_wconf 80' lang='lat' dir='ltr'>in</span> <span class='ocrx_word' id='word_1_548' title='bbox 1587 2294 1655 2326; x_wconf 63' lang='lat' dir='ltr'>mie.</span> <span class='ocrx_word' id='word_1_549' title='bbox 1673 2314 1692 2320; x_wconf 89' lang='lat'><em>-</em></span> <span class='ocrx_word' id='word_1_550' title='bbox 1710 2301 1736 2325; x_wconf 79' lang='lat' dir='ltr'>in</span> <span class='ocrx_word' id='word_1_551' title='bbox 1756 2308 1812 2326; x_wconf 80' lang='lat' dir='ltr'>esse</span> <span class='ocrx_word' id='word_1_552' title='bbox 1830 2301 1906 2331; x_wconf 78' lang='lat' dir='ltr'>ACE,</span> <span class='ocrx_word' id='word_1_553' title='bbox 1921 2301 1948 2325; x_wconf 71' lang='lat' dir='ltr'>fn</span> <span class='ocrx_word' id='word_1_554' title='bbox 1969 2308 2020 2326; x_wconf 84' lang='lat' dir='ltr'>non</span> <span class='ocrx_word' id='word_1_555' title='bbox 2039 2305 2100 2326; x_wconf 82' lang='lat' dir='ltr'>ente</span> <span class='ocrx_word' id='word_1_556' title='bbox 2118 2302 2233 2328; x_wconf 85' lang='lat' dir='ltr'>BDGsF.</span> 
     </span>
    </p>

    <p class='ocr_par' dir='ltr' id='par_1_31' title="bbox 1497 2336 1984 2368">
     <span class='ocr_line' id='line_1_81' title="bbox 1497 2336 1984 2368; baseline 0 -7"><span class='ocrx_word' id='word_1_557' title='bbox 1497 2337 1519 2368; x_wconf 80' lang='lat' dir='ltr'>e)</span> <span class='ocrx_word' id='word_1_558' title='bbox 1535 2339 1634 2368; x_wconf 78' lang='lat' dir='ltr'>potest.</span> <span class='ocrx_word' id='word_1_559' title='bbox 1652 2350 1671 2355; x_wconf 92' lang='lat'>-</span> <span class='ocrx_word' id='word_1_560' title='bbox 1688 2336 1767 2361; x_wconf 71' lang='lat' dir='ltr'>habet</span> <span class='ocrx_word' id='word_1_561' title='bbox 1785 2336 1860 2366; x_wconf 85' lang='lat' dir='ltr'>ACE.</span> <span class='ocrx_word' id='word_1_562' title='bbox 1879 2344 1933 2362; x_wconf 89' lang='lat' dir='ltr'>om.</span> <span class='ocrx_word' id='word_1_563' title='bbox 1952 2337 1984 2362; x_wconf 92' lang='lat' dir='ltr'>D.</span> 
     </span>
    </p>

    <p class='ocr_par' dir='ltr' id='par_1_32' title="bbox 1445 2371 2513 2440">
     <span class='ocr_line' id='line_1_82' title="bbox 1496 2371 2513 2406; baseline 0.004 -10"><span class='ocrx_word' id='word_1_564' title='bbox 1496 2371 1521 2404; x_wconf 82' lang='grc' dir='ltr'>ζ)</span> <span class='ocrx_word' id='word_1_565' title='bbox 1542 2372 1593 2397; x_wconf 74' lang='lat' dir='ltr'>nisi</span> <span class='ocrx_word' id='word_1_566' title='bbox 1611 2372 1683 2397; x_wconf 83' lang='lat' dir='ltr'>ratio</span> <span class='ocrx_word' id='word_1_567' title='bbox 1703 2372 1759 2397; x_wconf 80' lang='lat' dir='ltr'>veri</span> <span class='ocrx_word' id='word_1_568' title='bbox 1777 2375 1944 2404; x_wconf 80' lang='lat' dir='ltr'>assequatur.</span> <span class='ocrx_word' id='word_1_569' title='bbox 1962 2386 1982 2393; x_wconf 88' lang='lat'>-·</span> <span class='ocrx_word' id='word_1_570' title='bbox 2000 2372 2052 2397; x_wconf 84' lang='lat' dir='ltr'>nisi</span> <span class='ocrx_word' id='word_1_571' title='bbox 2077 2373 2148 2398; x_wconf 83' lang='lat' dir='ltr'>ratio</span> <span class='ocrx_word' id='word_1_572' title='bbox 2168 2373 2225 2398; x_wconf 78' lang='lat' dir='ltr'>veri</span> <span class='ocrx_word' id='word_1_573' title='bbox 2242 2374 2413 2406; x_wconf 78' lang='lat' dir='ltr'>consequitur</span> <span class='ocrx_word' id='word_1_574' title='bbox 2431 2374 2513 2406; x_wconf 73' lang='lat' dir='ltr'>ACE,</span> 
     </span>
     <span class='ocr_line' id='line_1_83' title="bbox 1445 2407 1978 2440; baseline 0 -8"><span class='ocrx_word' id='word_1_575' title='bbox 1445 2407 1498 2433; x_wconf 77' lang='lat' dir='ltr'>nisi</span> <span class='ocrx_word' id='word_1_576' title='bbox 1515 2407 1587 2433; x_wconf 74' lang='lat' dir='ltr'>ratio</span> <span class='ocrx_word' id='word_1_577' title='bbox 1607 2407 1664 2432; x_wconf 83' lang='lat' dir='ltr'>veri</span> <span class='ocrx_word' id='word_1_578' title='bbox 1681 2411 1860 2440; x_wconf 81' lang='lat' dir='ltr'>consequatur</span> <span class='ocrx_word' id='word_1_579' title='bbox 1878 2407 1978 2433; x_wconf 88' lang='lat' dir='ltr'>BDFG.</span> 
     </span>
    </p>
   </div>
   <div class='ocr_carea' id='block_1_25' title="bbox 997 2487 1831 2527">
    <p class='ocr_par' dir='ltr' id='par_1_33' title="bbox 997 2487 1831 2527">
     <span class='ocr_line' id='line_1_84' title="bbox 997 2487 1831 2527; baseline -0.001 -7"><span class='ocrx_word' id='word_1_580' title='bbox 997 2487 1332 2521; x_wconf 76' lang='lat' dir='ltr'>Commentaria</span> <span class='ocrx_word' id='word_1_581' title='bbox 1354 2487 1607 2520; x_wconf 70' lang='lat' dir='ltr'>Cardjnalis</span> <span class='ocrx_word' id='word_1_582' title='bbox 1629 2487 1831 2527; x_wconf 67' lang='lat' dir='ltr'>Caietam</span> 
     </span>
    </p>
   </div>
   <div class='ocr_carea' id='block_1_26' title="bbox 320 2559 1389 2734">
    <p class='ocr_par' dir='ltr' id='par_1_34' title="bbox 324 2559 1388 2652">
     <span class='ocr_line' id='line_1_85' title="bbox 351 2559 1388 2609; baseline -0.004 -9"><span class='ocrx_word' id='word_1_583' title='bbox 351 2580 371 2600; x_wconf 83' lang='lat' dir='ltr'>N</span> <span class='ocrx_word' id='word_1_584' title='bbox 395 2569 507 2605; x_wconf 84' lang='lat' dir='ltr'>titulo,</span> <span class='ocrx_word' id='word_1_585' title='bbox 531 2568 564 2609; x_wconf 94' lang='lat' dir='ltr'>ly</span> <span class='ocrx_word' id='word_1_586' title='bbox 593 2577 703 2599; x_wconf 83' lang='lat' dir='ltr'>verum</span> <span class='ocrx_word' id='word_1_587' title='bbox 732 2567 764 2597; x_wconf 89' lang='lat' dir='ltr'>in</span> <span class='ocrx_word' id='word_1_588' title='bbox 788 2576 863 2598; x_wconf 89' lang='lat' dir='ltr'>suae</span> <span class='ocrx_word' id='word_1_589' title='bbox 893 2566 1054 2607; x_wconf 77' lang='lat' dir='ltr'>analogiae</span> <span class='ocrx_word' id='word_1_590' title='bbox 1083 2559 1312 2597; x_wconf 69' lang='lat' dir='ltr'>communitate</span> <span class='ocrx_word' id='word_1_591' title='bbox 1336 2576 1388 2596; x_wconf 92' lang='lat' dir='ltr'>su-</span> 
     </span>
     <span class='ocr_line' id='line_1_86' title="bbox 324 2582 1174 2652; baseline -0.004 -8"><span class='ocrx_word' id='word_1_592' title='bbox 324 2582 457 2649; x_wconf 82' lang='lat' dir='ltr'>Imitur,</span> <span class='ocrx_word' id='word_1_593' title='bbox 478 2619 514 2643; x_wconf 92' lang='lat' dir='ltr'>ut</span> <span class='ocrx_word' id='word_1_594' title='bbox 533 2622 569 2643; x_wconf 86' lang='lat' dir='ltr'>ex</span> <span class='ocrx_word' id='word_1_595' title='bbox 588 2611 795 2652; x_wconf 88' lang='lat' dir='ltr'>responsione</span> <span class='ocrx_word' id='word_1_596' title='bbox 814 2611 854 2641; x_wconf 87' lang='lat' dir='ltr'>ad</span> <span class='ocrx_word' id='word_1_597' title='bbox 872 2611 1014 2652; x_wconf 90' lang='lat' dir='ltr'>primum</span> <span class='ocrx_word' id='word_1_598' title='bbox 1032 2611 1174 2642; x_wconf 86' lang='lat' dir='ltr'>habetur.</span> 
     </span>
    </p>

    <p class='ocr_par' dir='ltr' id='par_1_35' title="bbox 377 2654 1389 2699">
     <span class='ocr_line' id='line_1_87' title="bbox 377 2654 1389 2699; baseline -0.003 -11"><span class='ocrx_word' id='word_1_599' title='bbox 377 2659 411 2689; x_wconf 90' lang='lat' dir='ltr'>ln</span> <span class='ocrx_word' id='word_1_600' title='bbox 436 2667 568 2698; x_wconf 90' lang='lat' dir='ltr'>corpore</span> <span class='ocrx_word' id='word_1_601' title='bbox 593 2666 656 2687; x_wconf 87' lang='lat' dir='ltr'>una</span> <span class='ocrx_word' id='word_1_602' title='bbox 680 2655 854 2692; x_wconf 89' lang='lat' dir='ltr'>conclusio,</span> <span class='ocrx_word' id='word_1_603' title='bbox 878 2655 1061 2696; x_wconf 82' lang='lat' dir='ltr'>responsiva</span> <span class='ocrx_word' id='word_1_604' title='bbox 1084 2655 1229 2696; x_wconf 88' lang='lat' dir='ltr'>quaesito</span> <span class='ocrx_word' id='word_1_605' title='bbox 1253 2654 1389 2699; x_wconf 79' lang='lat' dir='ltr'>affirma-</span> 
     </span>
    </p>

    <p class='ocr_par' dir='ltr' id='par_1_36' title="bbox 320 2699 1388 2734">
     <span class='ocr_line' id='line_1_88' title="bbox 320 2699 1388 2734; baseline -0.003 -1"><span class='ocrx_word' id='word_1_606' title='bbox 320 2703 399 2734; x_wconf 87' lang='lat' dir='ltr'>tive:</span> <span class='ocrx_word' id='word_1_607' title='bbox 424 2702 544 2733; x_wconf 90' lang='lat' dir='ltr'>Verum</span> <span class='ocrx_word' id='word_1_608' title='bbox 568 2707 598 2731; x_wconf 94' lang='lat' dir='ltr'>et</span> <span class='ocrx_word' id='word_1_609' title='bbox 614 2711 669 2731; x_wconf 89' lang='lat' dir='ltr'>ens</span> <span class='ocrx_word' id='word_1_610' title='bbox 684 2707 920 2731; x_wconf 91' lang='lat' dir='ltr'>convertuntur.</span> <span class='ocrx_word' id='word_1_611' title='bbox 937 2718 956 2722; x_wconf 98' lang='lat'>—</span> <span class='ocrx_word' id='word_1_612' title='bbox 972 2700 1128 2730; x_wconf 84' lang='lat' dir='ltr'>Probatur</span> <span class='ocrx_word' id='word_1_613' title='bbox 1143 2699 1264 2730; x_wconf 88' lang='lat' dir='ltr'>ratione</span> <span class='ocrx_word' id='word_1_614' title='bbox 1287 2699 1388 2730; x_wconf 88' lang='lat' dir='ltr'>inclu-</span> 
     </span>
    </p>
   </div>
   <div class='ocr_carea' id='block_1_27' title="bbox 322 2744 1397 2785">
    <p class='ocr_par' dir='ltr' id='par_1_37' title="bbox 322 2744 1397 2785">
     <span class='ocr_line' id='line_1_89' title="bbox 322 2744 1397 2785; baseline -0.003 -8"><span class='ocrx_word' id='word_1_615' title='bbox 322 2747 414 2777; x_wconf 90' lang='lat' dir='ltr'>dente</span> <span class='ocrx_word' id='word_1_616' title='bbox 438 2745 534 2776; x_wconf 91' lang='lat' dir='ltr'>simul</span> <span class='ocrx_word' id='word_1_617' title='bbox 557 2745 623 2775; x_wconf 90' lang='lat' dir='ltr'>vim</span> <span class='ocrx_word' id='word_1_618' title='bbox 646 2744 755 2781; x_wconf 89' lang='lat' dir='ltr'>medii,</span> <span class='ocrx_word' id='word_1_619' title='bbox 781 2751 812 2775; x_wconf 91' lang='lat' dir='ltr'>et</span> <span class='ocrx_word' id='word_1_620' title='bbox 834 2744 1123 2775; x_wconf 82' lang='lat' dir='ltr'>manifestationem</span> <span class='ocrx_word' id='word_1_621' title='bbox 1147 2754 1183 2774; x_wconf 85' lang='lat' dir='ltr'>ex</span> <span class='ocrx_word' id='word_1_622' title='bbox 1207 2744 1397 2785; x_wconf 35' lang='lat' dir='ltr'>proportio--</span> 
     </span>
    </p>
   </div>
   <div class='ocr_carea' id='block_1_28' title="bbox 320 2788 1388 3670">
    <p class='ocr_par' dir='ltr' id='par_1_38' title="bbox 320 2788 1388 3139">
     <span class='ocr_line' id='line_1_90' title="bbox 321 2788 1388 2829; baseline -0.002 -8"><span class='ocrx_word' id='word_1_623' title='bbox 321 2791 384 2821; x_wconf 87' lang='lat' dir='ltr'>nali</span> <span class='ocrx_word' id='word_1_624' title='bbox 401 2789 605 2821; x_wconf 89' lang='lat' dir='ltr'>similitudine</span> <span class='ocrx_word' id='word_1_625' title='bbox 620 2789 685 2819; x_wconf 88' lang='lat' dir='ltr'>veri</span> <span class='ocrx_word' id='word_1_626' title='bbox 702 2795 732 2819; x_wconf 92' lang='lat' dir='ltr'>et</span> <span class='ocrx_word' id='word_1_627' title='bbox 747 2789 833 2819; x_wconf 90' lang='lat' dir='ltr'>boni.</span> <span class='ocrx_word' id='word_1_628' title='bbox 850 2788 905 2820; x_wconf 93' lang='lat' dir='ltr'>Vis</span> <span class='ocrx_word' id='word_1_629' title='bbox 922 2788 1017 2819; x_wconf 91' lang='lat' dir='ltr'>medii</span> <span class='ocrx_word' id='word_1_630' title='bbox 1042 2795 1104 2819; x_wconf 92' lang='lat' dir='ltr'>est:</span> <span class='ocrx_word' id='word_1_631' title='bbox 1130 2789 1388 2829; x_wconf 89' lang='lat' dir='ltr'>unumquodque</span> 
     </span>
     <span class='ocr_line' id='line_1_91' title="bbox 321 2833 1386 2876; baseline -0.002 -11"><span class='ocrx_word' id='word_1_632' title='bbox 321 2835 512 2876; x_wconf 83' lang='lat' dir='ltr'>inquantum</span> <span class='ocrx_word' id='word_1_633' title='bbox 535 2834 629 2864; x_wconf 87' lang='lat' dir='ltr'>habet</span> <span class='ocrx_word' id='word_1_634' title='bbox 652 2834 691 2864; x_wconf 89' lang='lat' dir='ltr'>de</span> <span class='ocrx_word' id='word_1_635' title='bbox 708 2843 787 2871; x_wconf 85' lang='lat' dir='ltr'>esse,</span> <span class='ocrx_word' id='word_1_636' title='bbox 810 2833 968 2864; x_wconf 90' lang='lat' dir='ltr'>intantum</span> <span class='ocrx_word' id='word_1_637' title='bbox 993 2840 1038 2864; x_wconf 90' lang='lat' dir='ltr'>est</span> <span class='ocrx_word' id='word_1_638' title='bbox 1059 2833 1287 2873; x_wconf 85' lang='lat' dir='ltr'>cognoscibile;</span> <span class='ocrx_word' id='word_1_639' title='bbox 1312 2843 1386 2873; x_wconf 88' lang='lat' dir='ltr'>ergo</span> 
     </span>
     <span class='ocr_line' id='line_1_92' title="bbox 321 2877 1387 2910; baseline -0.002 0"><span class='ocrx_word' id='word_1_640' title='bbox 321 2890 376 2910; x_wconf 90' lang='lat' dir='ltr'>ens</span> <span class='ocrx_word' id='word_1_641' title='bbox 405 2886 436 2910; x_wconf 90' lang='lat' dir='ltr'>et</span> <span class='ocrx_word' id='word_1_642' title='bbox 463 2888 574 2909; x_wconf 89' lang='lat' dir='ltr'>verum</span> <span class='ocrx_word' id='word_1_643' title='bbox 599 2884 834 2908; x_wconf 87' lang='lat' dir='ltr'>convertuntur.</span> <span class='ocrx_word' id='word_1_644' title='bbox 850 2895 870 2900; x_wconf 94' lang='lat'>—</span> <span class='ocrx_word' id='word_1_645' title='bbox 887 2878 1085 2908; x_wconf 85' lang='lat' dir='ltr'>Antecedens</span> <span class='ocrx_word' id='word_1_646' title='bbox 1110 2877 1328 2908; x_wconf 80' lang='lat' dir='ltr'>manifestatur</span> <span class='ocrx_word' id='word_1_647' title='bbox 1351 2887 1387 2908; x_wconf 89' lang='lat' dir='ltr'>ex</span> 
     </span>
     <span class='ocr_line' id='line_1_93' title="bbox 321 2921 1386 2963; baseline -0.002 -9"><span class='ocrx_word' id='word_1_648' title='bbox 321 2923 505 2954; x_wconf 88' lang='lat' dir='ltr'>auctoritate</span> <span class='ocrx_word' id='word_1_649' title='bbox 521 2923 562 2953; x_wconf 92' lang='lat'>111</span> <span class='ocrx_word' id='word_1_650' title='bbox 577 2923 616 2953; x_wconf 84' lang='lat' dir='ltr'>de</span> <span class='ocrx_word' id='word_1_651' title='bbox 627 2923 757 2959; x_wconf 85' lang='lat' dir='ltr'>Anima,</span> <span class='ocrx_word' id='word_1_652' title='bbox 771 2922 803 2952; x_wconf 89' lang='lat' dir='ltr'>in</span> <span class='ocrx_word' id='word_1_653' title='bbox 818 2932 882 2963; x_wconf 90' lang='lat' dir='ltr'>qua</span> <span class='ocrx_word' id='word_1_654' title='bbox 898 2922 1012 2952; x_wconf 91' lang='lat' dir='ltr'>dicitur</span> <span class='ocrx_word' id='word_1_655' title='bbox 1028 2922 1167 2952; x_wconf 88' lang='lat' dir='ltr'>animam</span> <span class='ocrx_word' id='word_1_656' title='bbox 1184 2931 1251 2952; x_wconf 88' lang='lat' dir='ltr'>esse</span> <span class='ocrx_word' id='word_1_657' title='bbox 1267 2921 1386 2958; x_wconf 83' lang='lat' dir='ltr'>omnia,</span> 
     </span>
     <span class='ocr_line' id='line_1_94' title="bbox 321 2966 1385 3009; baseline -0.003 -10"><span class='ocrx_word' id='word_1_658' title='bbox 321 2968 396 3009; x_wconf 88' lang='lat' dir='ltr'>quia</span> <span class='ocrx_word' id='word_1_659' title='bbox 420 2974 466 2998; x_wconf 88' lang='lat' dir='ltr'>est</span> <span class='ocrx_word' id='word_1_660' title='bbox 481 2967 591 2998; x_wconf 88' lang='lat' dir='ltr'>omnia</span> <span class='ocrx_word' id='word_1_661' title='bbox 614 2966 854 3007; x_wconf 89' lang='lat' dir='ltr'>cognoscibilia:</span> <span class='ocrx_word' id='word_1_662' title='bbox 880 2966 941 2996; x_wconf 92' lang='lat' dir='ltr'>hoc</span> <span class='ocrx_word' id='word_1_663' title='bbox 965 2966 1050 2997; x_wconf 89' lang='lat' dir='ltr'>enirn</span> <span class='ocrx_word' id='word_1_664' title='bbox 1074 2976 1140 2996; x_wconf 90' lang='lat' dir='ltr'>non</span> <span class='ocrx_word' id='word_1_665' title='bbox 1165 2973 1246 2997; x_wconf 88' lang='lat' dir='ltr'>esset</span> <span class='ocrx_word' id='word_1_666' title='bbox 1264 2976 1385 3002; x_wconf 86' lang='lat' dir='ltr'>verum,</span> 
     </span>
     <span class='ocr_line' id='line_1_95' title="bbox 320 3010 1388 3052; baseline 0 -10"><span class='ocrx_word' id='word_1_667' title='bbox 320 3012 378 3042; x_wconf 91' lang='lat' dir='ltr'>nisi</span> <span class='ocrx_word' id='word_1_668' title='bbox 396 3011 647 3052; x_wconf 87' lang='lat' dir='ltr'>cognoscibilitas</span> <span class='ocrx_word' id='word_1_669' title='bbox 671 3011 860 3051; x_wconf 85' lang='lat' dir='ltr'>adaequaret</span> <span class='ocrx_word' id='word_1_670' title='bbox 883 3021 958 3047; x_wconf 89' lang='lat' dir='ltr'>esse,</span> <span class='ocrx_word' id='word_1_671' title='bbox 979 3018 1015 3041; x_wconf 93' lang='lat' dir='ltr'>ut</span> <span class='ocrx_word' id='word_1_672' title='bbox 1031 3017 1125 3051; x_wconf 88' lang='lat' dir='ltr'>patet.</span> <span class='ocrx_word' id='word_1_673' title='bbox 1149 3010 1388 3051; x_wconf 87' lang='lat' dir='ltr'>Consequentia</span> 
     </span>
     <span class='ocr_line' id='line_1_96' title="bbox 321 3054 1386 3097; baseline -0.001 -11"><span class='ocrx_word' id='word_1_674' title='bbox 321 3066 396 3087; x_wconf 90' lang='lat' dir='ltr'>vero</span> <span class='ocrx_word' id='word_1_675' title='bbox 421 3056 590 3097; x_wconf 85' lang='lat' dir='ltr'>probatur:</span> <span class='ocrx_word' id='word_1_676' title='bbox 624 3055 700 3096; x_wconf 89' lang='lat' dir='ltr'>quia</span> <span class='ocrx_word' id='word_1_677' title='bbox 727 3065 838 3085; x_wconf 89' lang='lat' dir='ltr'>verum</span> <span class='ocrx_word' id='word_1_678' title='bbox 869 3055 1022 3095; x_wconf 89' lang='lat' dir='ltr'>importat</span> <span class='ocrx_word' id='word_1_679' title='bbox 1045 3055 1191 3085; x_wconf 89' lang='lat' dir='ltr'>ordinem</span> <span class='ocrx_word' id='word_1_680' title='bbox 1214 3055 1254 3085; x_wconf 90' lang='lat' dir='ltr'>ad</span> <span class='ocrx_word' id='word_1_681' title='bbox 1277 3054 1386 3095; x_wconf 85' lang='lat' dir='ltr'>cogni-</span> 
     </span>
     <span class='ocr_line' id='line_1_97' title="bbox 321 3099 800 3139; baseline -0.002 -8"><span class='ocrx_word' id='word_1_682' title='bbox 321 3100 451 3137; x_wconf 85' lang='lat' dir='ltr'>tionem,</span> <span class='ocrx_word' id='word_1_683' title='bbox 475 3100 555 3131; x_wconf 89' lang='lat' dir='ltr'>idest</span> <span class='ocrx_word' id='word_1_684' title='bbox 578 3099 800 3139; x_wconf 88' lang='lat' dir='ltr'>cognoscibile.</span> 
     </span>
    </p>

    <p class='ocr_par' dir='ltr' id='par_1_39' title="bbox 320 3143 1387 3362">
     <span class='ocr_line' id='line_1_98' title="bbox 375 3143 1386 3186; baseline -0.001 -11"><span class='ocrx_word' id='word_1_685' title='bbox 375 3144 624 3186; x_wconf 84' lang='lat' dir='ltr'>Proportionalis</span> <span class='ocrx_word' id='word_1_686' title='bbox 639 3150 746 3174; x_wconf 84' lang='lat' dir='ltr'>autern</span> <span class='ocrx_word' id='word_1_687' title='bbox 762 3143 937 3174; x_wconf 85' lang='lat' dir='ltr'>similitudo</span> <span class='ocrx_word' id='word_1_688' title='bbox 954 3143 1096 3174; x_wconf 88' lang='lat' dir='ltr'>consistit</span> <span class='ocrx_word' id='word_1_689' title='bbox 1107 3143 1140 3174; x_wconf 87' lang='lat' dir='ltr'>in</span> <span class='ocrx_word' id='word_1_690' title='bbox 1152 3143 1261 3174; x_wconf 88' lang='lat' dir='ltr'>tribus.</span> <span class='ocrx_word' id='word_1_691' title='bbox 1279 3143 1386 3174; x_wconf 84' lang='lat' dir='ltr'>Primo</span> 
     </span>
     <span class='ocr_line' id='line_1_99' title="bbox 320 3183 1386 3228; baseline -0.001 -9"><span class='ocrx_word' id='word_1_692' title='bbox 320 3189 352 3219; x_wconf 89' lang='lat' dir='ltr'>in</span> <span class='ocrx_word' id='word_1_693' title='bbox 372 3189 448 3219; x_wconf 90' lang='lat' dir='ltr'>hoc:</span> <span class='ocrx_word' id='word_1_694' title='bbox 474 3188 554 3219; x_wconf 90' lang='lat' dir='ltr'>sicut</span> <span class='ocrx_word' id='word_1_695' title='bbox 577 3189 701 3219; x_wconf 89' lang='lat' dir='ltr'>bonum</span> <span class='ocrx_word' id='word_1_696' title='bbox 717 3187 869 3228; x_wconf 86' lang='lat' dir='ltr'>significat</span> <span class='ocrx_word' id='word_1_697' title='bbox 885 3188 1064 3228; x_wconf 85' lang='lat' dir='ltr'>appetibile,</span> <span class='ocrx_word' id='word_1_698' title='bbox 1081 3183 1124 3218; x_wconf 86' lang='lat' dir='ltr'>ita</span> <span class='ocrx_word' id='word_1_699' title='bbox 1139 3197 1251 3219; x_wconf 90' lang='lat' dir='ltr'>verum</span> <span class='ocrx_word' id='word_1_700' title='bbox 1268 3197 1386 3227; x_wconf 83' lang='lat' dir='ltr'>cogno-</span> 
     </span>
     <span class='ocr_line' id='line_1_100' title="bbox 321 3232 1385 3273; baseline -0.001 -10"><span class='ocrx_word' id='word_1_701' title='bbox 321 3233 436 3264; x_wconf 89' lang='lat' dir='ltr'>scibile.</span> <span class='ocrx_word' id='word_1_702' title='bbox 461 3233 619 3268; x_wconf 87' lang='lat' dir='ltr'>Secundo,</span> <span class='ocrx_word' id='word_1_703' title='bbox 636 3232 725 3273; x_wconf 93' lang='lat' dir='ltr'>quod</span> <span class='ocrx_word' id='word_1_704' title='bbox 749 3232 829 3263; x_wconf 90' lang='lat' dir='ltr'>sicut</span> <span class='ocrx_word' id='word_1_705' title='bbox 852 3232 975 3262; x_wconf 90' lang='lat' dir='ltr'>bonum</span> <span class='ocrx_word' id='word_1_706' title='bbox 996 3232 1188 3263; x_wconf 87' lang='lat' dir='ltr'>convertitur</span> <span class='ocrx_word' id='word_1_707' title='bbox 1211 3241 1285 3263; x_wconf 90' lang='lat' dir='ltr'>cum</span> <span class='ocrx_word' id='word_1_708' title='bbox 1304 3237 1385 3268; x_wconf 87' lang='lat' dir='ltr'>ente,</span> 
     </span>
     <span class='ocr_line' id='line_1_101' title="bbox 321 3276 1387 3317; baseline -0.001 -10"><span class='ocrx_word' id='word_1_709' title='bbox 321 3277 363 3308; x_wconf 87' lang='lat' dir='ltr'>ita</span> <span class='ocrx_word' id='word_1_710' title='bbox 378 3287 500 3308; x_wconf 90' lang='lat' dir='ltr'>verum.</span> <span class='ocrx_word' id='word_1_711' title='bbox 526 3277 646 3313; x_wconf 89' lang='lat' dir='ltr'>Tertio,</span> <span class='ocrx_word' id='word_1_712' title='bbox 665 3276 745 3307; x_wconf 89' lang='lat' dir='ltr'>sicut</span> <span class='ocrx_word' id='word_1_713' title='bbox 760 3276 884 3306; x_wconf 90' lang='lat' dir='ltr'>bonum</span> <span class='ocrx_word' id='word_1_714' title='bbox 901 3276 987 3307; x_wconf 88' lang='lat' dir='ltr'>addit</span> <span class='ocrx_word' id='word_1_715' title='bbox 1002 3287 1097 3317; x_wconf 88' lang='lat' dir='ltr'>supra</span> <span class='ocrx_word' id='word_1_716' title='bbox 1113 3286 1168 3307; x_wconf 88' lang='lat' dir='ltr'>ens</span> <span class='ocrx_word' id='word_1_717' title='bbox 1184 3276 1330 3307; x_wconf 88' lang='lat' dir='ltr'>ordinem</span> <span class='ocrx_word' id='word_1_718' title='bbox 1347 3276 1387 3306; x_wconf 86' lang='lat' dir='ltr'>ad</span> 
     </span>
     <span class='ocr_line' id='line_1_102' title="bbox 320 3320 1162 3362; baseline 0 -10"><span class='ocrx_word' id='word_1_719' title='bbox 320 3321 506 3362; x_wconf 87' lang='lat' dir='ltr'>appetitum,</span> <span class='ocrx_word' id='word_1_720' title='bbox 531 3321 573 3352; x_wconf 85' lang='lat' dir='ltr'>ita</span> <span class='ocrx_word' id='word_1_721' title='bbox 595 3331 707 3351; x_wconf 87' lang='lat' dir='ltr'>verum</span> <span class='ocrx_word' id='word_1_722' title='bbox 730 3320 875 3351; x_wconf 90' lang='lat' dir='ltr'>ordinem</span> <span class='ocrx_word' id='word_1_723' title='bbox 900 3321 939 3350; x_wconf 88' lang='lat' dir='ltr'>ad</span> <span class='ocrx_word' id='word_1_724' title='bbox 958 3321 1162 3352; x_wconf 87' lang='lat' dir='ltr'>intellectum.</span> 
     </span>
    </p>

    <p class='ocr_par' dir='ltr' id='par_1_40' title="bbox 321 3364 1387 3670">
     <span class='ocr_line' id='line_1_103' title="bbox 380 3364 1385 3402; baseline -0.002 -6"><span class='ocrx_word' id='word_1_725' title='bbox 380 3366 415 3396; x_wconf 86' lang='grc' dir='ltr'>ΙΙ.</span> <span class='ocrx_word' id='word_1_726' title='bbox 442 3365 533 3396; x_wconf 87' lang='lat' dir='ltr'>Circa</span> <span class='ocrx_word' id='word_1_727' title='bbox 556 3365 617 3396; x_wconf 91' lang='lat' dir='ltr'>hoc</span> <span class='ocrx_word' id='word_1_728' title='bbox 641 3372 686 3397; x_wconf 90' lang='lat' dir='ltr'>est</span> <span class='ocrx_word' id='word_1_729' title='bbox 710 3374 814 3395; x_wconf 88' lang='lat' dir='ltr'>unum</span> <span class='ocrx_word' id='word_1_730' title='bbox 844 3365 988 3395; x_wconf 85' lang='lat' dir='ltr'>dubium.</span> <span class='ocrx_word' id='word_1_731' title='bbox 1022 3365 1186 3402; x_wconf 87' lang='lat' dir='ltr'>Quoniam</span> <span class='ocrx_word' id='word_1_732' title='bbox 1213 3364 1260 3395; x_wconf 87' lang='lat' dir='ltr'>vis</span> <span class='ocrx_word' id='word_1_733' title='bbox 1289 3364 1385 3395; x_wconf 88' lang='lat' dir='ltr'>medii</span> 
     </span>
     <span class='ocr_line' id='line_1_104' title="bbox 322 3408 1386 3450; baseline 0 -11"><span class='ocrx_word' id='word_1_734' title='bbox 322 3409 463 3440; x_wconf 87' lang='lat' dir='ltr'>consistit</span> <span class='ocrx_word' id='word_1_735' title='bbox 478 3409 510 3440; x_wconf 92' lang='lat' dir='ltr'>in</span> <span class='ocrx_word' id='word_1_736' title='bbox 531 3409 602 3446; x_wconf 85' lang='lat' dir='ltr'>hoc,</span> <span class='ocrx_word' id='word_1_737' title='bbox 620 3410 708 3450; x_wconf 92' lang='lat' dir='ltr'>quod</span> <span class='ocrx_word' id='word_1_738' title='bbox 723 3418 836 3439; x_wconf 81' lang='lat' dir='ltr'>verum</span> <span class='ocrx_word' id='word_1_739' title='bbox 852 3409 1003 3449; x_wconf 88' lang='lat' dir='ltr'>importet</span> <span class='ocrx_word' id='word_1_740' title='bbox 1022 3408 1235 3449; x_wconf 84' lang='lat' dir='ltr'>cognoscibile</span> <span class='ocrx_word' id='word_1_741' title='bbox 1250 3409 1283 3439; x_wconf 92' lang='lat' dir='ltr'>in</span> <span class='ocrx_word' id='word_1_742' title='bbox 1299 3418 1386 3439; x_wconf 86' lang='lat' dir='ltr'>corn-</span> 
     </span>
     <span class='ocr_line' id='line_1_105' title="bbox 322 3452 1384 3494; baseline 0 -11"><span class='ocrx_word' id='word_1_743' title='bbox 322 3453 427 3489; x_wconf 90' lang='lat' dir='ltr'>rnuni,</span> <span class='ocrx_word' id='word_1_744' title='bbox 453 3461 488 3484; x_wconf 92' lang='lat' dir='ltr'>ut</span> <span class='ocrx_word' id='word_1_745' title='bbox 511 3461 595 3494; x_wconf 89' lang='lat' dir='ltr'>patet</span> <span class='ocrx_word' id='word_1_746' title='bbox 619 3461 648 3485; x_wconf 92' lang='lat' dir='ltr'>et</span> <span class='ocrx_word' id='word_1_747' title='bbox 671 3454 704 3484; x_wconf 91' lang='lat' dir='ltr'>in</span> <span class='ocrx_word' id='word_1_748' title='bbox 728 3453 829 3483; x_wconf 90' lang='lat' dir='ltr'>verbis</span> <span class='ocrx_word' id='word_1_749' title='bbox 853 3453 989 3489; x_wconf 87' lang='lat' dir='ltr'>litterae,</span> <span class='ocrx_word' id='word_1_750' title='bbox 1015 3461 1044 3484; x_wconf 88' lang='lat' dir='ltr'>et</span> <span class='ocrx_word' id='word_1_751' title='bbox 1068 3464 1105 3484; x_wconf 88' lang='lat' dir='ltr'>ex</span> <span class='ocrx_word' id='word_1_752' title='bbox 1128 3453 1313 3485; x_wconf 83' lang='lat' dir='ltr'>auctoritate</span> <span class='ocrx_word' id='word_1_753' title='bbox 1336 3452 1384 3483; x_wconf 91' lang='lat' dir='ltr'>in-</span> 
     </span>
     <span class='ocr_line' id='line_1_106' title="bbox 322 3496 1385 3528; baseline -0.001 -1"><span class='ocrx_word' id='word_1_754' title='bbox 322 3498 415 3528; x_wconf 84' lang='lat' dir='ltr'>ducta</span> <span class='ocrx_word' id='word_1_755' title='bbox 439 3507 475 3527; x_wconf 89' lang='lat' dir='ltr'>ex</span> <span class='ocrx_word' id='word_1_756' title='bbox 500 3498 540 3527; x_wconf 89' lang='lat'>111</span> <span class='ocrx_word' id='word_1_757' title='bbox 564 3498 604 3528; x_wconf 86' lang='lat' dir='ltr'>de</span> <span class='ocrx_word' id='word_1_758' title='bbox 626 3499 753 3528; x_wconf 87' lang='lat' dir='ltr'>Anima.</span> <span class='ocrx_word' id='word_1_759' title='bbox 771 3498 843 3528; x_wconf 91' lang='lat' dir='ltr'>Hoc</span> <span class='ocrx_word' id='word_1_760' title='bbox 868 3505 975 3528; x_wconf 86' lang='lat' dir='ltr'>autem</span> <span class='ocrx_word' id='word_1_761' title='bbox 998 3507 1065 3528; x_wconf 90' lang='lat' dir='ltr'>esse</span> <span class='ocrx_word' id='word_1_762' title='bbox 1089 3498 1206 3528; x_wconf 89' lang='lat' dir='ltr'>falsum</span> <span class='ocrx_word' id='word_1_763' title='bbox 1228 3497 1330 3528; x_wconf 84' lang='lat' dir='ltr'>littera</span> <span class='ocrx_word' id='word_1_764' title='bbox 1353 3496 1385 3527; x_wconf 91' lang='lat' dir='ltr'>in</span> 
     </span>
     <span class='ocr_line' id='line_1_107' title="bbox 321 3540 1385 3582; baseline 0 -11"><span class='ocrx_word' id='word_1_765' title='bbox 321 3541 403 3572; x_wconf 89' lang='lat' dir='ltr'>calce</span> <span class='ocrx_word' id='word_1_766' title='bbox 427 3541 516 3572; x_wconf 84' lang='lat' dir='ltr'>dicit:</span> <span class='ocrx_word' id='word_1_767' title='bbox 541 3542 695 3582; x_wconf 90' lang='lat' dir='ltr'>quoniam</span> <span class='ocrx_word' id='word_1_768' title='bbox 719 3542 793 3572; x_wconf 92' lang='lat' dir='ltr'>dicit</span> <span class='ocrx_word' id='word_1_769' title='bbox 816 3542 905 3582; x_wconf 94' lang='lat' dir='ltr'>quod</span> <span class='ocrx_word' id='word_1_770' title='bbox 928 3541 1080 3582; x_wconf 87' lang='lat' dir='ltr'>importat</span> <span class='ocrx_word' id='word_1_771' title='bbox 1103 3542 1248 3572; x_wconf 90' lang='lat' dir='ltr'>ordinem</span> <span class='ocrx_word' id='word_1_772' title='bbox 1276 3541 1316 3572; x_wconf 86' lang='lat' dir='ltr'>ad</span> <span class='ocrx_word' id='word_1_773' title='bbox 1339 3540 1385 3571; x_wconf 88' lang='lat' dir='ltr'>in·</span> 
     </span>
     <span class='ocr_line' id='line_1_108' title="bbox 321 3585 1387 3627; baseline 0 -12"><span class='ocrx_word' id='word_1_774' title='bbox 321 3585 497 3622; x_wconf 89' lang='lat' dir='ltr'>tellectum;</span> <span class='ocrx_word' id='word_1_775' title='bbox 523 3595 558 3615; x_wconf 89' lang='lat' dir='ltr'>ac</span> <span class='ocrx_word' id='word_1_776' title='bbox 574 3596 629 3626; x_wconf 91' lang='lat' dir='ltr'>per</span> <span class='ocrx_word' id='word_1_777' title='bbox 650 3586 711 3616; x_wconf 90' lang='lat' dir='ltr'>hoc</span> <span class='ocrx_word' id='word_1_778' title='bbox 728 3586 879 3626; x_wconf 86' lang='lat' dir='ltr'>importat</span> <span class='ocrx_word' id='word_1_779' title='bbox 902 3586 1113 3627; x_wconf 80' lang='lat' dir='ltr'>cognoscibile</span> <span class='ocrx_word' id='word_1_780' title='bbox 1126 3587 1183 3623; x_wconf 86' lang='lat' dir='ltr'>sic,</span> <span class='ocrx_word' id='word_1_781' title='bbox 1201 3586 1315 3617; x_wconf 89' lang='lat' dir='ltr'>scilicet</span> <span class='ocrx_word' id='word_1_782' title='bbox 1331 3595 1387 3626; x_wconf 91' lang='lat' dir='ltr'>per</span> 
     </span>
     <span class='ocr_line' id='line_1_109' title="bbox 321 3629 1386 3670; baseline 0 -11"><span class='ocrx_word' id='word_1_783' title='bbox 321 3629 524 3665; x_wconf 89' lang='lat' dir='ltr'>intellectum,</span> <span class='ocrx_word' id='word_1_784' title='bbox 550 3637 580 3660; x_wconf 95' lang='lat' dir='ltr'>et</span> <span class='ocrx_word' id='word_1_785' title='bbox 603 3640 671 3660; x_wconf 86' lang='lat' dir='ltr'>non</span> <span class='ocrx_word' id='word_1_786' title='bbox 693 3630 904 3670; x_wconf 89' lang='lat' dir='ltr'>cognoscibile</span> <span class='ocrx_word' id='word_1_787' title='bbox 927 3630 960 3660; x_wconf 92' lang='lat' dir='ltr'>in</span> <span class='ocrx_word' id='word_1_788' title='bbox 985 3630 1159 3661; x_wconf 88' lang='lat' dir='ltr'>communi.</span> <span class='ocrx_word' id='word_1_789' title='bbox 1185 3631 1226 3661; x_wconf 91' lang='lat' dir='ltr'>Et</span> <span class='ocrx_word' id='word_1_790' title='bbox 1247 3639 1319 3660; x_wconf 88' lang='lat' dir='ltr'>vere</span> <span class='ocrx_word' id='word_1_791' title='bbox 1343 3629 1386 3660; x_wconf 91' lang='lat' dir='ltr'>sic</span> 
     </span>
    </p>
   </div>
   <div class='ocr_carea' id='block_1_29' title="bbox 1440 2566 2511 3668">
    <p class='ocr_par' dir='ltr' id='par_1_41' title="bbox 1442 2566 2511 2651">
     <span class='ocr_line' id='line_1_110' title="bbox 1443 2566 2511 2607; baseline 0.002 -10"><span class='ocrx_word' id='word_1_792' title='bbox 1443 2573 1502 2598; x_wconf 88' lang='lat' dir='ltr'>est:</span> <span class='ocrx_word' id='word_1_793' title='bbox 1527 2566 1692 2607; x_wconf 81' lang='lat' dir='ltr'>quoniam,</span> <span class='ocrx_word' id='word_1_794' title='bbox 1709 2573 1746 2597; x_wconf 91' lang='lat' dir='ltr'>ut</span> <span class='ocrx_word' id='word_1_795' title='bbox 1761 2566 1793 2597; x_wconf 91' lang='lat' dir='ltr'>in</span> <span class='ocrx_word' id='word_1_796' title='bbox 1818 2566 1922 2607; x_wconf 89' lang='lat' dir='ltr'>primo</span> <span class='ocrx_word' id='word_1_797' title='bbox 1947 2567 2079 2598; x_wconf 88' lang='lat' dir='ltr'>articulo</span> <span class='ocrx_word' id='word_1_798' title='bbox 2104 2567 2225 2599; x_wconf 87' lang='lat' dir='ltr'>dictum</span> <span class='ocrx_word' id='word_1_799' title='bbox 2249 2574 2304 2604; x_wconf 86' lang='lat' dir='ltr'>est,</span> <span class='ocrx_word' id='word_1_800' title='bbox 2324 2577 2437 2599; x_wconf 84' lang='lat' dir='ltr'>verum</span> <span class='ocrx_word' id='word_1_801' title='bbox 2452 2568 2511 2599; x_wconf 89' lang='lat' dir='ltr'>im-</span> 
     </span>
     <span class='ocr_line' id='line_1_111' title="bbox 1442 2610 2101 2651; baseline 0.002 -10"><span class='ocrx_word' id='word_1_802' title='bbox 1442 2616 1548 2651; x_wconf 83' lang='lat' dir='ltr'>portat</span> <span class='ocrx_word' id='word_1_803' title='bbox 1569 2610 1602 2640; x_wconf 89' lang='lat' dir='ltr'>id</span> <span class='ocrx_word' id='word_1_804' title='bbox 1625 2611 1657 2641; x_wconf 92' lang='lat' dir='ltr'>in</span> <span class='ocrx_word' id='word_1_805' title='bbox 1681 2611 1770 2651; x_wconf 91' lang='lat' dir='ltr'>quod</span> <span class='ocrx_word' id='word_1_806' title='bbox 1793 2611 1893 2642; x_wconf 89' lang='lat' dir='ltr'>tendit</span> <span class='ocrx_word' id='word_1_807' title='bbox 1915 2611 2101 2642; x_wconf 89' lang='lat' dir='ltr'>intellectus.</span> 
     </span>
    </p>

    <p class='ocr_par' dir='ltr' id='par_1_42' title="bbox 1440 2655 2511 3482">
     <span class='ocr_line' id='line_1_112' title="bbox 1501 2655 2511 2697; baseline 0.003 -12"><span class='ocrx_word' id='word_1_808' title='bbox 1501 2655 1553 2686; x_wconf 88' lang='lat'>111.</span> <span class='ocrx_word' id='word_1_809' title='bbox 1577 2655 1628 2685; x_wconf 89' lang='lat' dir='ltr'>Ad</span> <span class='ocrx_word' id='word_1_810' title='bbox 1651 2655 1713 2686; x_wconf 88' lang='lat' dir='ltr'>hoc</span> <span class='ocrx_word' id='word_1_811' title='bbox 1737 2655 1870 2686; x_wconf 87' lang='lat' dir='ltr'>breviter</span> <span class='ocrx_word' id='word_1_812' title='bbox 1893 2655 2025 2692; x_wconf 88' lang='lat' dir='ltr'>dicitur,</span> <span class='ocrx_word' id='word_1_813' title='bbox 2057 2656 2202 2695; x_wconf 88' lang='lat' dir='ltr'>negando</span> <span class='ocrx_word' id='word_1_814' title='bbox 2230 2656 2320 2697; x_wconf 93' lang='lat' dir='ltr'>quod</span> <span class='ocrx_word' id='word_1_815' title='bbox 2342 2656 2390 2687; x_wconf 87' lang='lat' dir='ltr'>vis</span> <span class='ocrx_word' id='word_1_816' title='bbox 2413 2657 2511 2688; x_wconf 85' lang='lat' dir='ltr'>medii</span> 
     </span>
     <span class='ocr_line' id='line_1_113' title="bbox 1442 2699 2509 2740; baseline 0.003 -11"><span class='ocrx_word' id='word_1_817' title='bbox 1442 2699 1544 2739; x_wconf 85' lang='lat' dir='ltr'>exigat</span> <span class='ocrx_word' id='word_1_818' title='bbox 1573 2699 1663 2740; x_wconf 91' lang='lat' dir='ltr'>quod</span> <span class='ocrx_word' id='word_1_819' title='bbox 1695 2709 1807 2730; x_wconf 88' lang='lat' dir='ltr'>verum</span> <span class='ocrx_word' id='word_1_820' title='bbox 1840 2699 1993 2739; x_wconf 87' lang='lat' dir='ltr'>significet</span> <span class='ocrx_word' id='word_1_821' title='bbox 2025 2700 2237 2740; x_wconf 82' lang='lat' dir='ltr'>cognoscibile</span> <span class='ocrx_word' id='word_1_822' title='bbox 2267 2700 2301 2731; x_wconf 90' lang='lat' dir='ltr'>in</span> <span class='ocrx_word' id='word_1_823' title='bbox 2333 2701 2509 2733; x_wconf 84' lang='lat' dir='ltr'>communi.</span> 
     </span>
     <span class='ocr_line' id='line_1_114' title="bbox 1442 2743 2510 2784; baseline 0.002 -10"><span class='ocrx_word' id='word_1_824' title='bbox 1442 2743 1564 2775; x_wconf 87' lang='lat' dir='ltr'>Sufficit</span> <span class='ocrx_word' id='word_1_825' title='bbox 1588 2743 1674 2774; x_wconf 89' lang='lat' dir='ltr'>enim</span> <span class='ocrx_word' id='word_1_826' title='bbox 1692 2744 1781 2784; x_wconf 90' lang='lat' dir='ltr'>quod</span> <span class='ocrx_word' id='word_1_827' title='bbox 1804 2744 1854 2774; x_wconf 87' lang='lat' dir='ltr'>vel</span> <span class='ocrx_word' id='word_1_828' title='bbox 1877 2743 2031 2784; x_wconf 85' lang='lat' dir='ltr'>significet</span> <span class='ocrx_word' id='word_1_829' title='bbox 2048 2744 2261 2784; x_wconf 87' lang='lat' dir='ltr'>cognoscibile</span> <span class='ocrx_word' id='word_1_830' title='bbox 2279 2745 2313 2776; x_wconf 90' lang='lat' dir='ltr'>in</span> <span class='ocrx_word' id='word_1_831' title='bbox 2330 2746 2510 2782; x_wconf 88' lang='lat' dir='ltr'>communi;</span> 
     </span>
     <span class='ocr_line' id='line_1_115' title="bbox 1441 2787 2509 2830; baseline 0.003 -12"><span class='ocrx_word' id='word_1_832' title='bbox 1441 2788 1492 2819; x_wconf 92' lang='lat' dir='ltr'>vel</span> <span class='ocrx_word' id='word_1_833' title='bbox 1506 2787 1660 2828; x_wconf 85' lang='lat' dir='ltr'>significet</span> <span class='ocrx_word' id='word_1_834' title='bbox 1678 2788 1732 2818; x_wconf 88' lang='lat' dir='ltr'>tali</span> <span class='ocrx_word' id='word_1_835' title='bbox 1748 2789 1858 2824; x_wconf 90' lang='lat' dir='ltr'>modo,</span> <span class='ocrx_word' id='word_1_836' title='bbox 1880 2788 1924 2818; x_wconf 89' lang='lat' dir='ltr'>sic</span> <span class='ocrx_word' id='word_1_837' title='bbox 1943 2789 2032 2829; x_wconf 90' lang='lat' dir='ltr'>quod</span> <span class='ocrx_word' id='word_1_838' title='bbox 2048 2788 2100 2819; x_wconf 90' lang='lat' dir='ltr'>ille</span> <span class='ocrx_word' id='word_1_839' title='bbox 2116 2789 2233 2820; x_wconf 85' lang='lat' dir='ltr'>modus</span> <span class='ocrx_word' id='word_1_840' title='bbox 2253 2789 2293 2820; x_wconf 80' lang='lat' dir='ltr'>sit</span> <span class='ocrx_word' id='word_1_841' title='bbox 2314 2789 2358 2821; x_wconf 89' lang='lat' dir='ltr'>ita</span> <span class='ocrx_word' id='word_1_842' title='bbox 2373 2790 2509 2830; x_wconf 75' lang='lat' dir='ltr'>amplus,</span> 
     </span>
     <span class='ocr_line' id='line_1_116' title="bbox 1442 2832 2511 2875; baseline 0.003 -13"><span class='ocrx_word' id='word_1_843' title='bbox 1442 2832 1531 2873; x_wconf 91' lang='lat' dir='ltr'>quod</span> <span class='ocrx_word' id='word_1_844' title='bbox 1554 2842 1587 2863; x_wconf 90' lang='lat' dir='ltr'>se</span> <span class='ocrx_word' id='word_1_845' title='bbox 1616 2833 1761 2863; x_wconf 85' lang='lat' dir='ltr'>extendat</span> <span class='ocrx_word' id='word_1_846' title='bbox 1792 2833 1831 2862; x_wconf 86' lang='lat' dir='ltr'>ad</span> <span class='ocrx_word' id='word_1_847' title='bbox 1847 2833 1972 2874; x_wconf 79' lang='lat' dir='ltr'>omnia</span> <span class='ocrx_word' id='word_1_848' title='bbox 2000 2833 2040 2863; x_wconf 83' lang='lat' dir='ltr'>ad</span> <span class='ocrx_word' id='word_1_849' title='bbox 2063 2843 2145 2874; x_wconf 86' lang='lat' dir='ltr'>quae</span> <span class='ocrx_word' id='word_1_850' title='bbox 2173 2843 2206 2864; x_wconf 85' lang='lat' dir='ltr'>se</span> <span class='ocrx_word' id='word_1_851' title='bbox 2230 2834 2368 2874; x_wconf 80' lang='lat' dir='ltr'>extendit</span> <span class='ocrx_word' id='word_1_852' title='bbox 2390 2843 2511 2875; x_wconf 87' lang='lat' dir='ltr'>cogno-</span> 
     </span>
     <span class='ocr_line' id='line_1_117' title="bbox 1442 2876 2509 2914; baseline 0.001 -7"><span class='ocrx_word' id='word_1_853' title='bbox 1442 2877 1548 2908; x_wconf 87' lang='lat' dir='ltr'>scibile</span> <span class='ocrx_word' id='word_1_854' title='bbox 1571 2876 1604 2907; x_wconf 91' lang='lat' dir='ltr'>in</span> <span class='ocrx_word' id='word_1_855' title='bbox 1624 2876 1799 2907; x_wconf 89' lang='lat' dir='ltr'>communi.</span> <span class='ocrx_word' id='word_1_856' title='bbox 1821 2876 1906 2907; x_wconf 92' lang='lat' dir='ltr'>Nihil</span> <span class='ocrx_word' id='word_1_857' title='bbox 1929 2877 2016 2907; x_wconf 88' lang='lat' dir='ltr'>enim</span> <span class='ocrx_word' id='word_1_858' title='bbox 2038 2877 2132 2908; x_wconf 84' lang='lat' dir='ltr'>refert</span> <span class='ocrx_word' id='word_1_859' title='bbox 2153 2878 2193 2907; x_wconf 84' lang='lat' dir='ltr'>ad</span> <span class='ocrx_word' id='word_1_860' title='bbox 2215 2877 2282 2908; x_wconf 86' lang='lat' dir='ltr'>vim</span> <span class='ocrx_word' id='word_1_861' title='bbox 2304 2877 2444 2914; x_wconf 86' lang='lat' dir='ltr'>rationis,</span> <span class='ocrx_word' id='word_1_862' title='bbox 2468 2886 2509 2908; x_wconf 84' lang='lat' dir='ltr'>an</span> 
     </span>
     <span class='ocr_line' id='line_1_118' title="bbox 1441 2921 2509 2963; baseline 0.001 -12"><span class='ocrx_word' id='word_1_863' title='bbox 1441 2931 1553 2952; x_wconf 86' lang='lat' dir='ltr'>verum</span> <span class='ocrx_word' id='word_1_864' title='bbox 1576 2921 1727 2961; x_wconf 87' lang='lat' dir='ltr'>importet</span> <span class='ocrx_word' id='word_1_865' title='bbox 1751 2921 1963 2961; x_wconf 86' lang='lat' dir='ltr'>cognoscibile</span> <span class='ocrx_word' id='word_1_866' title='bbox 1987 2921 2019 2952; x_wconf 90' lang='lat' dir='ltr'>in</span> <span class='ocrx_word' id='word_1_867' title='bbox 2044 2921 2224 2957; x_wconf 86' lang='lat' dir='ltr'>communi,</span> <span class='ocrx_word' id='word_1_868' title='bbox 2257 2931 2297 2951; x_wconf 85' lang='lat' dir='ltr'>an</span> <span class='ocrx_word' id='word_1_869' title='bbox 2320 2921 2441 2963; x_wconf 89' lang='lat' dir='ltr'>aliquid</span> <span class='ocrx_word' id='word_1_870' title='bbox 2463 2921 2509 2952; x_wconf 92' lang='lat' dir='ltr'>illi</span> 
     </span>
     <span class='ocr_line' id='line_1_119' title="bbox 1442 2965 2510 3007; baseline 0.001 -11"><span class='ocrx_word' id='word_1_871' title='bbox 1442 2965 1663 3006; x_wconf 80' lang='lat' dir='ltr'>aequivalens:</span> <span class='ocrx_word' id='word_1_872' title='bbox 1697 2965 1801 2996; x_wconf 84' lang='lat' dir='ltr'>utrob·</span> <span class='ocrx_word' id='word_1_873' title='bbox 1851 2975 1867 2996; x_wconf 91' lang='lat' dir='ltr'>e</span> <span class='ocrx_word' id='word_1_874' title='bbox 1895 2966 1981 2996; x_wconf 88' lang='lat' dir='ltr'>enim</span> <span class='ocrx_word' id='word_1_875' title='bbox 2005 2965 2148 3007; x_wconf 89' lang='lat' dir='ltr'>sequitur</span> <span class='ocrx_word' id='word_1_876' title='bbox 2176 2965 2422 2997; x_wconf 80' lang='lat' dir='ltr'>convertibilitas</span> <span class='ocrx_word' id='word_1_877' title='bbox 2443 2966 2510 2997; x_wconf 81' lang='lat' dir='ltr'>veri</span> 
     </span>
     <span class='ocr_line' id='line_1_120' title="bbox 1442 2974 2508 3051; baseline 0.001 -11"><span class='ocrx_word' id='word_1_878' title='bbox 1442 3019 1517 3040; x_wconf 88' lang='lat' dir='ltr'>cum</span> <span class='ocrx_word' id='word_1_879' title='bbox 1541 3017 1621 3041; x_wconf 86' lang='lat' dir='ltr'>ente.</span> <span class='ocrx_word' id='word_1_880' title='bbox 1647 3009 1697 3040; x_wconf 88' lang='lat' dir='ltr'>Sic</span> <span class='ocrx_word' id='word_1_881' title='bbox 1721 2974 1899 3040; x_wconf 44' lang='lat' dir='ltr'>auteffest</span> <span class='ocrx_word' id='word_1_882' title='bbox 1921 3010 1954 3040; x_wconf 88' lang='lat' dir='ltr'>in</span> <span class='ocrx_word' id='word_1_883' title='bbox 1977 3010 2160 3051; x_wconf 81' lang='lat' dir='ltr'>proposito:</span> <span class='ocrx_word' id='word_1_884' title='bbox 2185 3009 2341 3050; x_wconf 86' lang='lat' dir='ltr'>quoniam</span> <span class='ocrx_word' id='word_1_885' title='bbox 2363 3010 2508 3051; x_wconf 83' lang='lat' dir='ltr'>intelligi·</span> 
     </span>
     <span class='ocr_line' id='line_1_121' title="bbox 1441 3053 2508 3096; baseline 0.001 -12"><span class='ocrx_word' id='word_1_886' title='bbox 1441 3054 1544 3085; x_wconf 90' lang='lat' dir='ltr'>bilitas</span> <span class='ocrx_word' id='word_1_887' title='bbox 1568 3054 1607 3084; x_wconf 89' lang='lat' dir='ltr'>ad</span> <span class='ocrx_word' id='word_1_888' title='bbox 1631 3053 1739 3084; x_wconf 88' lang='lat' dir='ltr'>omnia</span> <span class='ocrx_word' id='word_1_889' title='bbox 1763 3063 1795 3084; x_wconf 89' lang='lat' dir='ltr'>se</span> <span class='ocrx_word' id='word_1_890' title='bbox 1820 3054 1972 3090; x_wconf 89' lang='lat' dir='ltr'>extendit,</span> <span class='ocrx_word' id='word_1_891' title='bbox 2002 3054 2042 3084; x_wconf 82' lang='lat' dir='ltr'>ad</span> <span class='ocrx_word' id='word_1_892' title='bbox 2065 3063 2147 3095; x_wconf 87' lang='lat' dir='ltr'>quae</span> <span class='ocrx_word' id='word_1_893' title='bbox 2170 3063 2202 3084; x_wconf 87' lang='lat' dir='ltr'>se</span> <span class='ocrx_word' id='word_1_894' title='bbox 2227 3054 2365 3085; x_wconf 89' lang='lat' dir='ltr'>extendit</span> <span class='ocrx_word' id='word_1_895' title='bbox 2387 3064 2508 3096; x_wconf 79' lang='lat' dir='ltr'>cogno-</span> 
     </span>
     <span class='ocr_line' id='line_1_122' title="bbox 1441 3097 2509 3138; baseline 0.002 -10"><span class='ocrx_word' id='word_1_896' title='bbox 1441 3098 1602 3134; x_wconf 85' lang='lat' dir='ltr'>scibilitas;</span> <span class='ocrx_word' id='word_1_897' title='bbox 1620 3107 1717 3128; x_wconf 87' lang='lat' dir='ltr'>omne</span> <span class='ocrx_word' id='word_1_898' title='bbox 1733 3098 1819 3128; x_wconf 86' lang='lat' dir='ltr'>enim</span> <span class='ocrx_word' id='word_1_899' title='bbox 1836 3097 2048 3138; x_wconf 88' lang='lat' dir='ltr'>cognoscibile</span> <span class='ocrx_word' id='word_1_900' title='bbox 2064 3105 2111 3129; x_wconf 85' lang='lat' dir='ltr'>est</span> <span class='ocrx_word' id='word_1_901' title='bbox 2124 3097 2329 3138; x_wconf 88' lang='lat' dir='ltr'>intelligibile,</span> <span class='ocrx_word' id='word_1_902' title='bbox 2343 3105 2374 3130; x_wconf 91' lang='lat' dir='ltr'>et</span> <span class='ocrx_word' id='word_1_903' title='bbox 2392 3107 2509 3130; x_wconf 89' lang='lat' dir='ltr'>unum-</span> 
     </span>
     <span class='ocr_line' id='line_1_123' title="bbox 1441 3142 2508 3183; baseline 0.002 -11"><span class='ocrx_word' id='word_1_904' title='bbox 1441 3143 1594 3183; x_wconf 89' lang='lat' dir='ltr'>quodque</span> <span class='ocrx_word' id='word_1_905' title='bbox 1617 3149 1775 3183; x_wconf 86' lang='lat' dir='ltr'>quantum</span> <span class='ocrx_word' id='word_1_906' title='bbox 1798 3143 1893 3173; x_wconf 86' lang='lat' dir='ltr'>habet</span> <span class='ocrx_word' id='word_1_907' title='bbox 1916 3143 1954 3173; x_wconf 90' lang='lat' dir='ltr'>de</span> <span class='ocrx_word' id='word_1_908' title='bbox 1978 3152 2060 3180; x_wconf 85' lang='lat' dir='ltr'>esse,</span> <span class='ocrx_word' id='word_1_909' title='bbox 2088 3148 2213 3173; x_wconf 86' lang='lat' dir='ltr'>tantum</span> <span class='ocrx_word' id='word_1_910' title='bbox 2237 3142 2392 3173; x_wconf 83' lang='lat' dir='ltr'>habetde</span> <span class='ocrx_word' id='word_1_911' title='bbox 2415 3143 2508 3174; x_wconf 77' lang='lat' dir='ltr'>intel-</span> 
     </span>
     <span class='ocr_line' id='line_1_124' title="bbox 1441 3185 2510 3227; baseline 0.002 -11"><span class='ocrx_word' id='word_1_912' title='bbox 1441 3186 1624 3226; x_wconf 87' lang='lat' dir='ltr'>ligibilitate.</span> <span class='ocrx_word' id='word_1_913' title='bbox 1641 3186 1804 3217; x_wconf 80' lang='lat' dir='ltr'>inchoavit</span> <span class='ocrx_word' id='word_1_914' title='bbox 1820 3194 1926 3217; x_wconf 89' lang='lat' dir='ltr'>autem</span> <span class='ocrx_word' id='word_1_915' title='bbox 1943 3197 1960 3217; x_wconf 86' lang='lat' dir='ltr'>a</span> <span class='ocrx_word' id='word_1_916' title='bbox 1975 3185 2180 3227; x_wconf 82' lang='lat' dir='ltr'>cognoscibili</span> <span class='ocrx_word' id='word_1_917' title='bbox 2196 3186 2307 3224; x_wconf 85' lang='lat' dir='ltr'>littera,</span> <span class='ocrx_word' id='word_1_918' title='bbox 2321 3193 2352 3218; x_wconf 89' lang='lat' dir='ltr'>et</span> <span class='ocrx_word' id='word_1_919' title='bbox 2367 3187 2510 3227; x_wconf 86' lang='lat' dir='ltr'>pervenit</span> 
     </span>
     <span class='ocr_line' id='line_1_125' title="bbox 1441 3229 2508 3272; baseline 0.002 -12"><span class='ocrx_word' id='word_1_920' title='bbox 1441 3231 1480 3260; x_wconf 86' lang='lat' dir='ltr'>ad</span> <span class='ocrx_word' id='word_1_921' title='bbox 1503 3229 1707 3271; x_wconf 87' lang='lat' dir='ltr'>intelligibile,</span> <span class='ocrx_word' id='word_1_922' title='bbox 1733 3237 1768 3261; x_wconf 92' lang='lat' dir='ltr'>ut</span> <span class='ocrx_word' id='word_1_923' title='bbox 1791 3241 1808 3261; x_wconf 89' lang='lat' dir='ltr'>a</span> <span class='ocrx_word' id='word_1_924' title='bbox 1832 3230 2025 3261; x_wconf 86' lang='lat' dir='ltr'>facilioribus</span> <span class='ocrx_word' id='word_1_925' title='bbox 2047 3230 2181 3261; x_wconf 87' lang='lat' dir='ltr'>traderet</span> <span class='ocrx_word' id='word_1_926' title='bbox 2205 3230 2421 3272; x_wconf 86' lang='lat' dir='ltr'>disciplinam,</span> <span class='ocrx_word' id='word_1_927' title='bbox 2446 3231 2508 3262; x_wconf 90' lang='lat' dir='ltr'>hoc</span> 
     </span>
     <span class='ocr_line' id='line_1_126' title="bbox 1441 3274 2505 3316; baseline 0 -11"><span class='ocrx_word' id='word_1_928' title='bbox 1441 3275 1530 3316; x_wconf 94' lang='lat' dir='ltr'>quod</span> <span class='ocrx_word' id='word_1_929' title='bbox 1563 3275 1700 3305; x_wconf 86' lang='lat' dir='ltr'>diximus</span> <span class='ocrx_word' id='word_1_930' title='bbox 1732 3275 2034 3315; x_wconf 87' lang='lat' dir='ltr'>subintelligendum</span> <span class='ocrx_word' id='word_1_931' title='bbox 2057 3274 2247 3315; x_wconf 59' lang='lat' dir='ltr'>relinquens</span> <span class='ocrx_word' id='word_1_932' title='bbox 2284 3275 2372 3306; x_wconf 87' lang='lat' dir='ltr'>Sicut</span> <span class='ocrx_word' id='word_1_933' title='bbox 2395 3275 2505 3310; x_wconf 82' lang='lat' dir='ltr'>etiam.</span> 
     </span>
     <span class='ocr_line' id='line_1_127' title="bbox 1441 3319 2506 3360; baseline 0.001 -11"><span class='ocrx_word' id='word_1_934' title='bbox 1441 3319 1547 3350; x_wconf 89' lang='lat' dir='ltr'>dicens</span> <span class='ocrx_word' id='word_1_935' title='bbox 1572 3319 1819 3360; x_wconf 81' lang='lat' dir='ltr'>unumquodque</span> <span class='ocrx_word' id='word_1_936' title='bbox 1842 3321 2031 3360; x_wconf 84' lang='lat' dir='ltr'>inquantum</span> <span class='ocrx_word' id='word_1_937' title='bbox 2054 3319 2148 3349; x_wconf 85' lang='lat' dir='ltr'>habet</span> <span class='ocrx_word' id='word_1_938' title='bbox 2170 3319 2210 3350; x_wconf 86' lang='lat' dir='ltr'>de</span> <span class='ocrx_word' id='word_1_939' title='bbox 2233 3328 2317 3355; x_wconf 86' lang='lat' dir='ltr'>esse,</span> <span class='ocrx_word' id='word_1_940' title='bbox 2347 3320 2506 3350; x_wconf 79' lang='lat' dir='ltr'>intantum</span> 
     </span>
     <span class='ocr_line' id='line_1_128' title="bbox 1441 3363 2507 3404; baseline -0.001 -10"><span class='ocrx_word' id='word_1_941' title='bbox 1441 3368 1488 3394; x_wconf 85' lang='lat' dir='ltr'>est</span> <span class='ocrx_word' id='word_1_942' title='bbox 1503 3364 1725 3404; x_wconf 84' lang='lat' dir='ltr'>cognoscibile,</span> <span class='ocrx_word' id='word_1_943' title='bbox 1750 3363 1899 3404; x_wconf 86' lang='lat' dir='ltr'>relinquit</span> <span class='ocrx_word' id='word_1_944' title='bbox 1922 3367 1952 3393; x_wconf 82' lang='lat' dir='ltr'>et</span> <span class='ocrx_word' id='word_1_945' title='bbox 1975 3372 1992 3393; x_wconf 83' lang='lat' dir='ltr'>e</span> <span class='ocrx_word' id='word_1_946' title='bbox 2011 3371 2180 3394; x_wconf 81' lang='lat' dir='ltr'>converso:</span> <span class='ocrx_word' id='word_1_947' title='bbox 2202 3364 2292 3404; x_wconf 90' lang='lat' dir='ltr'>quod</span> <span class='ocrx_word' id='word_1_948' title='bbox 2311 3370 2416 3394; x_wconf 84' lang='lat' dir='ltr'>tamen</span> <span class='ocrx_word' id='word_1_949' title='bbox 2433 3363 2507 3394; x_wconf 84' lang='lat' dir='ltr'>sub-</span> 
     </span>
     <span class='ocr_line' id='line_1_129' title="bbox 1440 3406 2508 3448; baseline 0 -10"><span class='ocrx_word' id='word_1_950' title='bbox 1440 3407 1570 3447; x_wconf 84' lang='lat' dir='ltr'>intelligi</span> <span class='ocrx_word' id='word_1_951' title='bbox 1594 3414 1734 3448; x_wconf 85' lang='lat' dir='ltr'>oportet,</span> <span class='ocrx_word' id='word_1_952' title='bbox 1759 3415 1795 3439; x_wconf 92' lang='lat' dir='ltr'>ut</span> <span class='ocrx_word' id='word_1_953' title='bbox 1818 3406 2060 3438; x_wconf 88' lang='lat' dir='ltr'>convertibiliter</span> <span class='ocrx_word' id='word_1_954' title='bbox 2083 3416 2115 3437; x_wconf 90' lang='lat' dir='ltr'>se</span> <span class='ocrx_word' id='word_1_955' title='bbox 2140 3413 2375 3448; x_wconf 84' lang='lat' dir='ltr'>consequantur</span> <span class='ocrx_word' id='word_1_956' title='bbox 2397 3417 2453 3438; x_wconf 86' lang='lat' dir='ltr'>ens</span> <span class='ocrx_word' id='word_1_957' title='bbox 2477 3413 2508 3438; x_wconf 86' lang='lat' dir='ltr'>et</span> 
     </span>
     <span class='ocr_line' id='line_1_130' title="bbox 1440 3461 1561 3482; baseline 0 0"><span class='ocrx_word' id='word_1_958' title='bbox 1440 3461 1561 3482; x_wconf 88' lang='lat' dir='ltr'>verum.</span> 
     </span>
    </p>

    <p class='ocr_par' dir='ltr' id='par_1_43' title="bbox 1441 3494 2506 3668">
     <span class='ocr_line' id='line_1_131' title="bbox 1501 3494 2506 3535; baseline -0.002 -9"><span class='ocrx_word' id='word_1_959' title='bbox 1501 3496 1553 3526; x_wconf 92' lang='lat' dir='ltr'>1V.</span> <span class='ocrx_word' id='word_1_960' title='bbox 1580 3496 1614 3526; x_wconf 91' lang='lat' dir='ltr'>In</span> <span class='ocrx_word' id='word_1_961' title='bbox 1638 3495 1844 3535; x_wconf 86' lang='lat' dir='ltr'>responsione</span> <span class='ocrx_word' id='word_1_962' title='bbox 1868 3495 1907 3525; x_wconf 84' lang='lat' dir='ltr'>ad</span> <span class='ocrx_word' id='word_1_963' title='bbox 1930 3494 2072 3531; x_wconf 89' lang='lat' dir='ltr'>tertium,</span> <span class='ocrx_word' id='word_1_964' title='bbox 2098 3495 2233 3526; x_wconf 89' lang='lat' dir='ltr'>dubium</span> <span class='ocrx_word' id='word_1_965' title='bbox 2253 3495 2400 3526; x_wconf 87' lang='lat' dir='ltr'>occurrit:</span> <span class='ocrx_word' id='word_1_966' title='bbox 2426 3504 2506 3535; x_wconf 93' lang='lat' dir='ltr'>quo-</span> 
     </span>
     <span class='ocr_line' id='line_1_132' title="bbox 1441 3538 2505 3580; baseline -0.002 -10"><span class='ocrx_word' id='word_1_967' title='bbox 1441 3540 1527 3570; x_wconf 89' lang='lat' dir='ltr'>niam</span> <span class='ocrx_word' id='word_1_968' title='bbox 1555 3539 1720 3580; x_wconf 91' lang='lat' dir='ltr'>responsio</span> <span class='ocrx_word' id='word_1_969' title='bbox 1748 3539 1825 3569; x_wconf 90' lang='lat' dir='ltr'>haec</span> <span class='ocrx_word' id='word_1_970' title='bbox 1848 3549 2021 3579; x_wconf 85' lang='lat' dir='ltr'>repugnare</span> <span class='ocrx_word' id='word_1_971' title='bbox 2045 3539 2169 3570; x_wconf 86' lang='lat' dir='ltr'>videtur</span> <span class='ocrx_word' id='word_1_972' title='bbox 2191 3549 2287 3580; x_wconf 89' lang='lat' dir='ltr'>supra</span> <span class='ocrx_word' id='word_1_973' title='bbox 2309 3546 2340 3570; x_wconf 90' lang='lat' dir='ltr'>et</span> <span class='ocrx_word' id='word_1_974' title='bbox 2363 3538 2436 3569; x_wconf 84' lang='lat' dir='ltr'>alibi</span> <span class='ocrx_word' id='word_1_975' title='bbox 2461 3538 2505 3568; x_wconf 83' lang='lat' dir='ltr'>di-</span> 
     </span>
     <span class='ocr_line' id='line_1_133' title="bbox 1441 3583 2505 3624; baseline -0.003 -9"><span class='ocrx_word' id='word_1_976' title='bbox 1441 3584 1497 3615; x_wconf 90' lang='lat' dir='ltr'>ctis</span> <span class='ocrx_word' id='word_1_977' title='bbox 1519 3583 1710 3615; x_wconf 88' lang='lat' dir='ltr'>s.Thomae.</span> <span class='ocrx_word' id='word_1_978' title='bbox 1737 3583 1865 3614; x_wconf 91' lang='lat' dir='ltr'>Dictum</span> <span class='ocrx_word' id='word_1_979' title='bbox 1890 3590 1935 3613; x_wconf 88' lang='lat' dir='ltr'>est</span> <span class='ocrx_word' id='word_1_980' title='bbox 1955 3583 2039 3613; x_wconf 89' lang='lat' dir='ltr'>enim</span> <span class='ocrx_word' id='word_1_981' title='bbox 2056 3583 2088 3614; x_wconf 89' lang='lat' dir='ltr'>in</span> <span class='ocrx_word' id='word_1_982' title='bbox 2108 3595 2117 3613; x_wconf 94' lang='lat'>1</span> <span class='ocrx_word' id='word_1_983' title='bbox 2133 3584 2275 3620; x_wconf 90' lang='lat' dir='ltr'>articulo,</span> <span class='ocrx_word' id='word_1_984' title='bbox 2292 3583 2381 3624; x_wconf 91' lang='lat' dir='ltr'>quod</span> <span class='ocrx_word' id='word_1_985' title='bbox 2395 3592 2505 3613; x_wconf 88' lang='lat' dir='ltr'>verum</span> 
     </span>
     <span class='ocr_line' id='line_1_134' title="bbox 1442 3626 2506 3668; baseline -0.002 -10"><span class='ocrx_word' id='word_1_986' title='bbox 1442 3635 1487 3659; x_wconf 88' lang='lat' dir='ltr'>est</span> <span class='ocrx_word' id='word_1_987' title='bbox 1510 3628 1543 3658; x_wconf 90' lang='lat' dir='ltr'>in</span> <span class='ocrx_word' id='word_1_988' title='bbox 1567 3628 1655 3668; x_wconf 91' lang='lat' dir='ltr'>quod</span> <span class='ocrx_word' id='word_1_989' title='bbox 1686 3627 1786 3658; x_wconf 85' lang='lat' dir='ltr'>tendit</span> <span class='ocrx_word' id='word_1_990' title='bbox 1815 3627 2005 3663; x_wconf 88' lang='lat' dir='ltr'>intellectus,</span> <span class='ocrx_word' id='word_1_991' title='bbox 2035 3627 2116 3659; x_wconf 90' lang='lat' dir='ltr'>sicut</span> <span class='ocrx_word' id='word_1_992' title='bbox 2139 3628 2263 3658; x_wconf 91' lang='lat' dir='ltr'>bonum</span> <span class='ocrx_word' id='word_1_993' title='bbox 2292 3634 2337 3658; x_wconf 88' lang='lat' dir='ltr'>est</span> <span class='ocrx_word' id='word_1_994' title='bbox 2360 3626 2392 3657; x_wconf 88' lang='lat' dir='ltr'>in</span> <span class='ocrx_word' id='word_1_995' title='bbox 2417 3626 2506 3667; x_wconf 92' lang='lat' dir='ltr'>quod</span> 
     </span>
    </p>
   </div>
   <div class='ocr_carea' id='block_1_30' title="bbox 2549 866 2636 889">
    <p class='ocr_par' dir='ltr' id='par_1_44' title="bbox 2549 866 2636 889">
     <span class='ocr_line' id='line_1_135' title="bbox 2549 866 2636 889; baseline 0.023 -2"><span class='ocrx_word' id='word_1_996' title='bbox 2549 867 2560 877; x_wconf 75' lang='lat'>⁸</span> <span class='ocrx_word' id='word_1_997' title='bbox 2575 866 2636 889; x_wconf 78' lang='lat' dir='ltr'>ibid.</span> 
     </span>
    </p>
   </div>
  </div>
 </body>
</html>
