<?xml version="1.0" encoding="UTF-8"?>
<!DOCTYPE html PUBLIC "-//W3C//DTD XHTML 1.0 Transitional//EN"
    "http://www.w3.org/TR/xhtml1/DTD/xhtml1-transitional.dtd">
<html xmlns="http://www.w3.org/1999/xhtml" xml:lang="en" lang="en">
 <head>
  <title>
</title>
<meta http-equiv="Content-Type" content="text/html;charset=utf-8" />
  <meta name='ocr-system' content='tesseract 3.04.00' />
  <meta name='ocr-capabilities' content='ocr_page ocr_carea ocr_par ocr_line ocrx_word'/>
</head>
<body>
  <div class='ocr_page' id='page_1' title='image "./operaomniaiussui04thom/operaomniaiussui04thom_0093.png"; bbox 0 0 2768 4178; ppageno 0'>
   <div class='ocr_carea' id='block_1_1' title="bbox 124 2047 240 2093">
    <p class='ocr_par' dir='ltr' id='par_1_1' title="bbox 124 2047 240 2093">
     <span class='ocr_line' id='line_1_1' title="bbox 124 2047 204 2093; textangle 90"><span class='ocrx_word' id='word_1_1' title='bbox 124 2047 204 2093; x_wconf 63' lang='grc' dir='ltr'><em>εἰ</em></span> 
     </span>
     <span class='ocr_line' id='line_1_2' title="bbox 212 2047 240 2092; textangle 90"><span class='ocrx_word' id='word_1_2' title='bbox 212 2047 240 2092; x_wconf 53' lang='lat'><em>2..</em></span> 
     </span>
    </p>
   </div>
   <div class='ocr_carea' id='block_1_2' title="bbox 131 3173 269 3217">
    <p class='ocr_par' dir='ltr' id='par_1_2' title="bbox 131 3173 269 3217">
     <span class='ocr_line' id='line_1_3' title="bbox 131 3173 269 3217; baseline -0.018 0.286"><span class='ocrx_word' id='word_1_3' title='bbox 131 3173 269 3217; x_wconf 55' lang='grc' dir='ltr'><em>..ιθιέῘ-ῃῐέη.</em></span> 
     </span>
    </p>
   </div>
   <div class='ocr_carea' id='block_1_3' title="bbox 0 0 160 4178">
    <p class='ocr_par' dir='ltr' id='par_1_3' title="bbox 0 0 160 4178">
     <span class='ocr_line' id='line_1_4' title="bbox 0 0 160 4178; baseline 0 0"><span class='ocrx_word' id='word_1_4' title='bbox 0 0 160 4178; x_wconf 95' lang='lat' dir='ltr'><em> </em></span> 
     </span>
    </p>
   </div>
   <div class='ocr_carea' id='block_1_4' title="bbox 996 253 1789 300">
    <p class='ocr_par' dir='ltr' id='par_1_4' title="bbox 996 253 1789 300">
     <span class='ocr_line' id='line_1_5' title="bbox 996 253 1789 300; baseline -0.003 -9"><span class='ocrx_word' id='word_1_5' title='bbox 996 253 1266 300; x_wconf 80' lang='lat' dir='ltr'><em>QUAESTio</em></span> <span class='ocrx_word' id='word_1_6' title='bbox 1295 254 1381 299; x_wconf 83' lang='lat' dir='ltr'><em>vn,</em></span> <span class='ocrx_word' id='word_1_7' title='bbox 1412 253 1711 290; x_wconf 85' lang='lat' dir='ltr'>ART1CULUS</span> <span class='ocrx_word' id='word_1_8' title='bbox 1742 255 1789 289; x_wconf 89' lang='lat'><em>111</em></span> 
     </span>
    </p>
   </div>
   <div class='ocr_carea' id='block_1_5' title="bbox 2436 253 2483 299">
    <p class='ocr_par' dir='ltr' id='par_1_5' title="bbox 2436 253 2483 299">
     <span class='ocr_line' id='line_1_6' title="bbox 2436 253 2483 299; baseline 0 -11"><span class='ocrx_word' id='word_1_9' title='bbox 2436 253 2483 299; x_wconf 88' lang='lat'><em>75</em></span> 
     </span>
    </p>
   </div>
   <div class='ocr_carea' id='block_1_6' title="bbox 972 357 1806 392">
    <p class='ocr_par' dir='ltr' id='par_1_6' title="bbox 972 357 1806 392">
     <span class='ocr_line' id='line_1_7' title="bbox 972 357 1806 392; baseline -0.005 0"><span class='ocrx_word' id='word_1_10' title='bbox 972 358 1307 392; x_wconf 74' lang='lat' dir='ltr'><em>Commentaria</em></span> <span class='ocrx_word' id='word_1_11' title='bbox 1331 357 1582 391; x_wconf 74' lang='lat' dir='ltr'><em>Cardjnalis</em></span> <span class='ocrx_word' id='word_1_12' title='bbox 1605 357 1806 390; x_wconf 80' lang='lat' dir='ltr'><em>Caietani</em></span> 
     </span>
    </p>
   </div>
   <div class='ocr_carea' id='block_1_7' title="bbox 288 447 1366 1026">
    <p class='ocr_par' dir='ltr' id='par_1_7' title="bbox 288 447 1366 1026">
     <span class='ocr_line' id='line_1_8' title="bbox 293 447 1362 523; baseline -0.004 -42"><span class='ocrx_word' id='word_1_13' title='bbox 293 461 341 523; x_wconf 80' lang='lat' dir='ltr'><em>IN</em></span> <span class='ocrx_word' id='word_1_14' title='bbox 366 450 472 486; x_wconf 90' lang='lat' dir='ltr'><em>titulo,</em></span> <span class='ocrx_word' id='word_1_15' title='bbox 497 450 638 481; x_wconf 86' lang='lat' dir='ltr'><em>adverte:</em></span> <span class='ocrx_word' id='word_1_16' title='bbox 658 450 692 491; x_wconf 89' lang='lat' dir='ltr'><em>ly</em></span> <span class='ocrx_word' id='word_1_17' title='bbox 715 449 876 490; x_wconf 87' lang='lat' dir='ltr'><em>infinitum</em></span> <span class='ocrx_word' id='word_1_18' title='bbox 894 458 960 488; x_wconf 80' lang='lat' dir='ltr'><em>per</em></span> <span class='ocrx_word' id='word_1_19' title='bbox 983 449 1152 479; x_wconf 83' lang='lat' dir='ltr'><em>essentiam</em></span> <span class='ocrx_word' id='word_1_20' title='bbox 1178 457 1243 478; x_wconf 88' lang='lat' dir='ltr'><em>non</em></span> <span class='ocrx_word' id='word_1_21' title='bbox 1268 447 1362 487; x_wconf 90' lang='lat' dir='ltr'><em>signi-</em></span> 
     </span>
     <span class='ocr_line' id='line_1_9' title="bbox 322 489 1364 536; baseline -0.003 -11"><span class='ocrx_word' id='word_1_22' title='bbox 322 494 395 526; x_wconf 89' lang='lat' dir='ltr'><em>ficat</em></span> <span class='ocrx_word' id='word_1_23' title='bbox 417 495 503 525; x_wconf 91' lang='lat' dir='ltr'><em>idem</em></span> <span class='ocrx_word' id='word_1_24' title='bbox 532 495 623 536; x_wconf 92' lang='lat' dir='ltr'><em>quod</em></span> <span class='ocrx_word' id='word_1_25' title='bbox 645 503 695 525; x_wconf 91' lang='lat' dir='ltr'><em>res</em></span> <span class='ocrx_word' id='word_1_26' title='bbox 722 492 864 524; x_wconf 86' lang='lat' dir='ltr'><em>infinitae</em></span> <span class='ocrx_word' id='word_1_27' title='bbox 892 489 1110 533; x_wconf 88' lang='lat' dir='ltr'><em>perfectionis,</em></span> <span class='ocrx_word' id='word_1_28' title='bbox 1135 492 1212 532; x_wconf 88' lang='lat' dir='ltr'><em>quia</em></span> <span class='ocrx_word' id='word_1_29' title='bbox 1235 491 1267 532; x_wconf 85' lang='lat' dir='ltr'><em>ly</em></span> <span class='ocrx_word' id='word_1_30' title='bbox 1292 492 1364 532; x_wconf 86' lang='lat' dir='ltr'><em>infi-</em></span> 
     </span>
     <span class='ocr_line' id='line_1_10' title="bbox 291 536 1364 576; baseline -0.004 -6"><span class='ocrx_word' id='word_1_31' title='bbox 291 540 394 570; x_wconf 84' lang='lat' dir='ltr'><em>nitum</em></span> <span class='ocrx_word' id='word_1_32' title='bbox 423 549 490 570; x_wconf 89' lang='lat' dir='ltr'><em>non</em></span> <span class='ocrx_word' id='word_1_33' title='bbox 518 545 654 570; x_wconf 87' lang='lat' dir='ltr'><em>arctatur</em></span> <span class='ocrx_word' id='word_1_34' title='bbox 681 537 732 568; x_wconf 87' lang='lat' dir='ltr'><em>hic</em></span> <span class='ocrx_word' id='word_1_35' title='bbox 759 537 800 568; x_wconf 89' lang='lat' dir='ltr'><em>ad</em></span> <span class='ocrx_word' id='word_1_36' title='bbox 822 536 985 567; x_wconf 89' lang='lat' dir='ltr'><em>infinitum</em></span> <span class='ocrx_word' id='word_1_37' title='bbox 1013 543 1123 567; x_wconf 89' lang='lat' dir='ltr'><em>tenens</em></span> <span class='ocrx_word' id='word_1_38' title='bbox 1154 546 1187 567; x_wconf 90' lang='lat' dir='ltr'><em>se</em></span> <span class='ocrx_word' id='word_1_39' title='bbox 1217 546 1254 566; x_wconf 87' lang='lat' dir='ltr'><em>ex</em></span> <span class='ocrx_word' id='word_1_40' title='bbox 1277 542 1364 576; x_wconf 89' lang='lat' dir='ltr'><em>parte</em></span> 
     </span>
     <span class='ocr_line' id='line_1_11' title="bbox 291 580 1364 625; baseline -0.004 -11"><span class='ocrx_word' id='word_1_41' title='bbox 291 582 422 620; x_wconf 81' lang='lat' dir='ltr'><em>formae,</em></span> <span class='ocrx_word' id='word_1_42' title='bbox 439 583 528 625; x_wconf 92' lang='lat' dir='ltr'><em>quod</em></span> <span class='ocrx_word' id='word_1_43' title='bbox 553 582 628 613; x_wconf 89' lang='lat' dir='ltr'><em>dicit</em></span> <span class='ocrx_word' id='word_1_44' title='bbox 650 581 893 623; x_wconf 62' lang='lat' dir='ltr'><em>perfectionem</em></span> <span class='ocrx_word' id='word_1_45' title='bbox 918 582 974 612; x_wconf 90' lang='lat' dir='ltr'><em>sed</em></span> <span class='ocrx_word' id='word_1_46' title='bbox 997 587 1121 612; x_wconf 91' lang='lat' dir='ltr'><em>tenetur</em></span> <span class='ocrx_word' id='word_1_47' title='bbox 1140 580 1364 616; x_wconf 85' lang='lat' dir='ltr'><em>communiter,</em></span> 
     </span>
     <span class='ocr_line' id='line_1_12' title="bbox 291 625 1366 666; baseline -0.004 -7"><span class='ocrx_word' id='word_1_48' title='bbox 291 634 327 658; x_wconf 93' lang='lat' dir='ltr'><em>ut</em></span> <span class='ocrx_word' id='word_1_49' title='bbox 350 628 492 665; x_wconf 84' lang='lat' dir='ltr'><em>continet</em></span> <span class='ocrx_word' id='word_1_50' title='bbox 507 627 604 658; x_wconf 85' lang='lat' dir='ltr'><em>etiam</em></span> <span class='ocrx_word' id='word_1_51' title='bbox 627 626 789 657; x_wconf 87' lang='lat' dir='ltr'><em>infinitum</em></span> <span class='ocrx_word' id='word_1_52' title='bbox 813 636 850 656; x_wconf 86' lang='lat' dir='ltr'><em>ex</em></span> <span class='ocrx_word' id='word_1_53' title='bbox 868 633 956 666; x_wconf 88' lang='lat' dir='ltr'><em>parte</em></span> <span class='ocrx_word' id='word_1_54' title='bbox 980 625 1144 661; x_wconf 88' lang='lat' dir='ltr'><em>materiae;</em></span> <span class='ocrx_word' id='word_1_55' title='bbox 1170 632 1206 656; x_wconf 89' lang='lat' dir='ltr'><em>ut</em></span> <span class='ocrx_word' id='word_1_56' title='bbox 1225 631 1311 666; x_wconf 88' lang='lat' dir='ltr'><em>patet</em></span> <span class='ocrx_word' id='word_1_57' title='bbox 1329 635 1366 655; x_wconf 83' lang='lat' dir='ltr'><em>ex</em></span> 
     </span>
     <span class='ocr_line' id='line_1_13' title="bbox 290 669 1365 712; baseline -0.004 -9"><span class='ocrx_word' id='word_1_58' title='bbox 290 681 442 712; x_wconf 82' lang='lat' dir='ltr'><em>processu</em></span> <span class='ocrx_word' id='word_1_59' title='bbox 465 672 498 702; x_wconf 90' lang='lat' dir='ltr'><em>in</em></span> <span class='ocrx_word' id='word_1_60' title='bbox 523 674 656 712; x_wconf 77' lang='lat' dir='ltr'><em>corpore</em></span> <span class='ocrx_word' id='word_1_61' title='bbox 679 670 812 707; x_wconf 74' lang='lat' dir='ltr'>articuli,</span> <span class='ocrx_word' id='word_1_62' title='bbox 829 676 860 701; x_wconf 91' lang='lat' dir='ltr'><em>et</em></span> <span class='ocrx_word' id='word_1_63' title='bbox 874 670 908 700; x_wconf 92' lang='lat' dir='ltr'><em>in</em></span> <span class='ocrx_word' id='word_1_64' title='bbox 931 677 1120 711; x_wconf 90' lang='lat' dir='ltr'><em>argumento</em></span> <span class='ocrx_word' id='word_1_65' title='bbox 1144 669 1247 700; x_wconf 81' lang='lat' dir='ltr'><em>tertio.</em></span> <span class='ocrx_word' id='word_1_66' title='bbox 1273 670 1365 700; x_wconf 89' lang='lat' dir='ltr'><strong>Unde</strong></span> 
     </span>
     <span class='ocr_line' id='line_1_14' title="bbox 290 714 1366 756; baseline -0.004 -8"><span class='ocrx_word' id='word_1_67' title='bbox 290 716 452 748; x_wconf 86' lang='lat' dir='ltr'><em>infinitum</em></span> <span class='ocrx_word' id='word_1_68' title='bbox 474 726 533 756; x_wconf 89' lang='lat' dir='ltr'><em>per</em></span> <span class='ocrx_word' id='word_1_69' title='bbox 555 715 724 746; x_wconf 79' lang='lat' dir='ltr'><em>essentiam</em></span> <span class='ocrx_word' id='word_1_70' title='bbox 747 715 834 745; x_wconf 90' lang='lat' dir='ltr'><em>idem</em></span> <span class='ocrx_word' id='word_1_71' title='bbox 858 714 1014 755; x_wconf 87' lang='lat' dir='ltr'><em>significat</em></span> <span class='ocrx_word' id='word_1_72' title='bbox 1028 714 1119 756; x_wconf 93' lang='lat' dir='ltr'><em>quod</em></span> <span class='ocrx_word' id='word_1_73' title='bbox 1142 724 1195 745; x_wconf 88' lang='lat' dir='ltr'><em>res</em></span> <span class='ocrx_word' id='word_1_74' title='bbox 1211 715 1366 745; x_wconf 83' lang='lat' dir='ltr'><em>essentiae</em></span> 
     </span>
     <span class='ocr_line' id='line_1_15' title="bbox 291 758 1365 800; baseline -0.003 -8"><span class='ocrx_word' id='word_1_75' title='bbox 291 761 558 792; x_wconf 81' lang='lat' dir='ltr'><em>indeterminatae</em></span> <span class='ocrx_word' id='word_1_76' title='bbox 580 761 722 798; x_wconf 87' lang='lat' dir='ltr'><em>omnino,</em></span> <span class='ocrx_word' id='word_1_77' title='bbox 739 759 820 790; x_wconf 88' lang='lat' dir='ltr'><em>idest</em></span> <span class='ocrx_word' id='word_1_78' title='bbox 836 769 894 790; x_wconf 91' lang='lat' dir='ltr'><em>nec</em></span> <span class='ocrx_word' id='word_1_79' title='bbox 913 760 952 789; x_wconf 88' lang='lat' dir='ltr'><em>ad</em></span> <span class='ocrx_word' id='word_1_80' title='bbox 968 769 1069 800; x_wconf 90' lang='lat' dir='ltr'><em>genus</em></span> <span class='ocrx_word' id='word_1_81' title='bbox 1093 769 1151 790; x_wconf 91' lang='lat' dir='ltr'><em>nec</em></span> <span class='ocrx_word' id='word_1_82' title='bbox 1171 759 1211 789; x_wconf 92' lang='lat' dir='ltr'><em>ad</em></span> <span class='ocrx_word' id='word_1_83' title='bbox 1227 758 1365 799; x_wconf 89' lang='lat' dir='ltr'><em>speciem</em></span> 
     </span>
     <span class='ocr_line' id='line_1_16' title="bbox 290 803 1364 846; baseline -0.003 -10"><span class='ocrx_word' id='word_1_84' title='bbox 290 804 441 846; x_wconf 83' lang='lat' dir='ltr'><em>aliquam,</em></span> <span class='ocrx_word' id='word_1_85' title='bbox 459 811 489 836; x_wconf 91' lang='lat' dir='ltr'><em>et</em></span> <span class='ocrx_word' id='word_1_86' title='bbox 505 804 567 836; x_wconf 94' lang='lat' dir='ltr'><em>hoc</em></span> <span class='ocrx_word' id='word_1_87' title='bbox 589 804 654 836; x_wconf 88' lang='lat' dir='ltr'><em>sive</em></span> <span class='ocrx_word' id='word_1_88' title='bbox 678 814 734 845; x_wconf 92' lang='lat' dir='ltr'><em>per</em></span> <span class='ocrx_word' id='word_1_89' title='bbox 754 814 788 835; x_wconf 88' lang='grc'><em>50</em></span> <span class='ocrx_word' id='word_1_90' title='bbox 807 803 872 835; x_wconf 85' lang='grc' dir='ltr'><em>51νο</em></span> <span class='ocrx_word' id='word_1_91' title='bbox 895 804 1066 835; x_wconf 88' lang='lat' dir='ltr'>reductive.</span> <span class='ocrx_word' id='word_1_92' title='bbox 1091 804 1132 835; x_wconf 93' lang='lat' dir='ltr'><em>Et</em></span> <span class='ocrx_word' id='word_1_93' title='bbox 1154 810 1200 834; x_wconf 91' lang='lat' dir='ltr'><em>est</em></span> <span class='ocrx_word' id='word_1_94' title='bbox 1220 803 1364 844; x_wconf 84' lang='lat' dir='ltr'><em>quaestio</em></span> 
     </span>
     <span class='ocr_line' id='line_1_17' title="bbox 290 847 1365 890; baseline -0.003 -10"><span class='ocrx_word' id='word_1_95' title='bbox 290 849 330 880; x_wconf 91' lang='lat' dir='ltr'><em>de</em></span> <span class='ocrx_word' id='word_1_96' title='bbox 353 849 447 880; x_wconf 91' lang='lat' dir='ltr'><em>rebus</em></span> <span class='ocrx_word' id='word_1_97' title='bbox 479 848 709 889; x_wconf 85' lang='lat' dir='ltr'><em>singularibus,</em></span> <span class='ocrx_word' id='word_1_98' title='bbox 741 858 879 890; x_wconf 89' lang='lat' dir='ltr'><em>quarum</em></span> <span class='ocrx_word' id='word_1_99' title='bbox 909 848 1136 879; x_wconf 91' lang='lat' dir='ltr'><em>tantummodo</em></span> <span class='ocrx_word' id='word_1_100' title='bbox 1161 855 1207 879; x_wconf 91' lang='lat' dir='ltr'><em>est</em></span> <span class='ocrx_word' id='word_1_101' title='bbox 1233 847 1365 878; x_wconf 90' lang='lat' dir='ltr'><em>inveniri</em></span> 
     </span>
     <span class='ocr_line' id='line_1_18' title="bbox 290 892 1364 934; baseline -0.002 -10"><span class='ocrx_word' id='word_1_102' title='bbox 290 903 384 934; x_wconf 87' lang='lat' dir='ltr'><em>posse</em></span> <span class='ocrx_word' id='word_1_103' title='bbox 408 893 442 924; x_wconf 89' lang='lat' dir='ltr'><em>in</em></span> <span class='ocrx_word' id='word_1_104' title='bbox 465 903 572 924; x_wconf 87' lang='lat' dir='ltr'><em>rerum</em></span> <span class='ocrx_word' id='word_1_105' title='bbox 595 899 718 925; x_wconf 86' lang='lat' dir='ltr'><em>natura.</em></span> <span class='ocrx_word' id='word_1_106' title='bbox 743 893 938 931; x_wconf 89' lang='lat' dir='ltr'><em>Quod·dico</em></span> <span class='ocrx_word' id='word_1_107' title='bbox 962 899 1093 934; x_wconf 91' lang='lat' dir='ltr'><em>propter</em></span> <span class='ocrx_word' id='word_1_108' title='bbox 1121 902 1169 923; x_wconf 91' lang='lat' dir='ltr'><em>res</em></span> <span class='ocrx_word' id='word_1_109' title='bbox 1192 892 1225 922; x_wconf 92' lang='lat' dir='ltr'><em>in</em></span> <span class='ocrx_word' id='word_1_110' title='bbox 1249 892 1364 923; x_wconf 87' lang='lat' dir='ltr'><em>abstra-</em></span> 
     </span>
     <span class='ocr_line' id='line_1_19' title="bbox 290 937 1364 979; baseline -0.002 -10"><span class='ocrx_word' id='word_1_111' title='bbox 290 937 395 969; x_wconf 86' lang='lat' dir='ltr'>ctione</span> <span class='ocrx_word' id='word_1_112' title='bbox 407 945 562 978; x_wconf 84' lang='lat' dir='ltr'><em>sumptas,</em></span> <span class='ocrx_word' id='word_1_113' title='bbox 575 948 656 979; x_wconf 86' lang='lat' dir='ltr'><em>quas</em></span> <span class='ocrx_word' id='word_1_114' title='bbox 671 938 827 979; x_wconf 86' lang='lat' dir='ltr'><em>contingit</em></span> <span class='ocrx_word' id='word_1_115' title='bbox 842 938 923 968; x_wconf 92' lang='lat' dir='ltr'><em>adeo</em></span> <span class='ocrx_word' id='word_1_116' title='bbox 940 937 1127 973; x_wconf 83' lang='lat' dir='ltr'><em>abstrahere,</em></span> <span class='ocrx_word' id='word_1_117' title='bbox 1139 944 1176 968; x_wconf 91' lang='lat' dir='ltr'><em>ut</em></span> <span class='ocrx_word' id='word_1_118' title='bbox 1187 937 1364 968; x_wconf 89' lang='lat' dir='ltr'><em>secundum</em></span> 
     </span>
     <span class='ocr_line' id='line_1_20' title="bbox 288 981 1363 1026; baseline -0.004 -12"><span class='ocrx_word' id='word_1_119' title='bbox 288 982 431 1026; x_wconf 78' lang='lat' dir='ltr'>aliqum</span> <span class='ocrx_word' id='word_1_120' title='bbox 454 982 612 1014; x_wconf 81' lang='lat' dir='ltr'><em>rationem</em></span> <span class='ocrx_word' id='word_1_121' title='bbox 635 983 676 1013; x_wconf 85' lang='lat' dir='ltr'><em>ad</em></span> <span class='ocrx_word' id='word_1_122' title='bbox 699 982 826 1014; x_wconf 90' lang='lat' dir='ltr'><em>nullum</em></span> <span class='ocrx_word' id='word_1_123' title='bbox 851 983 914 1013; x_wconf 93' lang='lat' dir='ltr'><em>sint</em></span> <span class='ocrx_word' id='word_1_124' title='bbox 936 992 1037 1023; x_wconf 87' lang='lat' dir='ltr'><em>genus</em></span> <span class='ocrx_word' id='word_1_125' title='bbox 1061 988 1203 1013; x_wconf 87' lang='lat' dir='ltr'><em>arctatae.</em></span> <span class='ocrx_word' id='word_1_126' title='bbox 1228 981 1363 1016; x_wconf 88' lang='lat' dir='ltr'><em>Tamen,</em></span> 
     </span>
    </p>
   </div>
   <div class='ocr_carea' id='block_1_8' title="bbox 246 1025 1364 1064">
    <p class='ocr_par' dir='ltr' id='par_1_8' title="bbox 246 1025 1364 1064">
     <span class='ocr_line' id='line_1_21' title="bbox 246 1025 1364 1064; baseline -0.004 -4"><span class='ocrx_word' id='word_1_127' title='bbox 246 1054 251 1060; x_wconf 76' lang='grc'><strong><em>,</em></strong></span> <span class='ocrx_word' id='word_1_128' title='bbox 289 1027 468 1058; x_wconf 89' lang='lat' dir='ltr'><em>secundum</em></span> <span class='ocrx_word' id='word_1_129' title='bbox 492 1037 570 1063; x_wconf 89' lang='lat' dir='ltr'><em>rem,</em></span> <span class='ocrx_word' id='word_1_130' title='bbox 588 1027 683 1059; x_wconf 89' lang='lat' dir='ltr'><em>etiam</em></span> <span class='ocrx_word' id='word_1_131' title='bbox 706 1027 760 1058; x_wconf 88' lang='lat' dir='ltr'><em>illa</em></span> <span class='ocrx_word' id='word_1_132' title='bbox 782 1027 873 1064; x_wconf 89' lang='lat' dir='ltr'><em>ratio,</em></span> <span class='ocrx_word' id='word_1_133' title='bbox 892 1027 926 1057; x_wconf 92' lang='lat' dir='ltr'><em>in</em></span> <span class='ocrx_word' id='word_1_134' title='bbox 948 1027 1008 1057; x_wconf 94' lang='lat' dir='ltr'><em>hac</em></span> <span class='ocrx_word' id='word_1_135' title='bbox 1031 1036 1064 1057; x_wconf 91' lang='lat' dir='ltr'><em>re</em></span> <span class='ocrx_word' id='word_1_136' title='bbox 1087 1026 1231 1062; x_wconf 85' lang='lat' dir='ltr'><em>existens,</em></span> <span class='ocrx_word' id='word_1_137' title='bbox 1249 1026 1289 1056; x_wconf 85' lang='lat' dir='ltr'><em>ad</em></span> <span class='ocrx_word' id='word_1_138' title='bbox 1311 1025 1364 1056; x_wconf 87' lang='lat' dir='ltr'><em>ali-</em></span> 
     </span>
    </p>
   </div>
   <div class='ocr_carea' id='block_1_9' title="bbox 287 1069 1365 1202">
    <p class='ocr_par' dir='ltr' id='par_1_9' title="bbox 287 1069 1365 1202">
     <span class='ocr_line' id='line_1_22' title="bbox 289 1069 1365 1113; baseline -0.002 -11"><span class='ocrx_word' id='word_1_139' title='bbox 289 1071 380 1113; x_wconf 93' lang='lat' dir='ltr'><em>quod</em></span> <span class='ocrx_word' id='word_1_140' title='bbox 403 1078 450 1102; x_wconf 87' lang='lat' dir='ltr'><em>est</em></span> <span class='ocrx_word' id='word_1_141' title='bbox 472 1082 574 1113; x_wconf 85' lang='lat' dir='ltr'><em>genus</em></span> <span class='ocrx_word' id='word_1_142' title='bbox 598 1078 629 1103; x_wconf 92' lang='lat' dir='ltr'><em>et</em></span> <span class='ocrx_word' id='word_1_143' title='bbox 652 1072 791 1113; x_wconf 87' lang='lat' dir='ltr'><em>speciem</em></span> <span class='ocrx_word' id='word_1_144' title='bbox 815 1071 1035 1103; x_wconf 86' lang='lat' dir='ltr'><em>determinata:</em></span> <span class='ocrx_word' id='word_1_145' title='bbox 1062 1081 1119 1102; x_wconf 88' lang='lat' dir='ltr'><em>ens</em></span> <span class='ocrx_word' id='word_1_146' title='bbox 1142 1069 1228 1101; x_wconf 90' lang='lat' dir='ltr'><em>enim</em></span> <span class='ocrx_word' id='word_1_147' title='bbox 1251 1070 1284 1100; x_wconf 91' lang='lat' dir='ltr'><em>in</em></span> <span class='ocrx_word' id='word_1_148' title='bbox 1307 1070 1365 1100; x_wconf 91' lang='lat' dir='ltr'><em>ho-</em></span> 
     </span>
     <span class='ocr_line' id='line_1_23' title="bbox 289 1114 1365 1157; baseline -0.003 -10"><span class='ocrx_word' id='word_1_149' title='bbox 289 1115 376 1147; x_wconf 88' lang='lat' dir='ltr'><em>mine</em></span> <span class='ocrx_word' id='word_1_150' title='bbox 392 1122 439 1147; x_wconf 89' lang='lat' dir='ltr'><em>est</em></span> <span class='ocrx_word' id='word_1_151' title='bbox 454 1116 488 1146; x_wconf 89' lang='lat' dir='ltr'><em>in</em></span> <span class='ocrx_word' id='word_1_152' title='bbox 503 1116 608 1157; x_wconf 86' lang='lat' dir='ltr'><em>specie</em></span> <span class='ocrx_word' id='word_1_153' title='bbox 622 1116 775 1152; x_wconf 84' lang='lat' dir='ltr'><em>humana,</em></span> <span class='ocrx_word' id='word_1_154' title='bbox 792 1123 851 1147; x_wconf 92' lang='lat' dir='ltr'><em>etc.</em></span> <span class='ocrx_word' id='word_1_155' title='bbox 875 1116 921 1147; x_wconf 89' lang='lat' dir='ltr'><em>Ita</em></span> <span class='ocrx_word' id='word_1_156' title='bbox 936 1116 1026 1157; x_wconf 92' lang='lat' dir='ltr'><em>quod</em></span> <span class='ocrx_word' id='word_1_157' title='bbox 1042 1125 1154 1146; x_wconf 90' lang='lat' dir='ltr'><em>sensus</em></span> <span class='ocrx_word' id='word_1_158' title='bbox 1170 1114 1365 1156; x_wconf 80' lang='lat' dir='ltr'><em>quaestionis</em></span> 
     </span>
     <span class='ocr_line' id='line_1_24' title="bbox 287 1160 1365 1202; baseline -0.004 -10"><span class='ocrx_word' id='word_1_159' title='bbox 287 1166 349 1192; x_wconf 74' lang='lat' dir='ltr'><em>est:</em></span> <span class='ocrx_word' id='word_1_160' title='bbox 373 1163 436 1197; x_wconf 85' lang='lat' dir='ltr'><em>An,</em></span> <span class='ocrx_word' id='word_1_161' title='bbox 453 1167 576 1202; x_wconf 84' lang='lat' dir='ltr'><em>praeter</em></span> <span class='ocrx_word' id='word_1_162' title='bbox 598 1160 716 1198; x_wconf 89' lang='lat' dir='ltr'><em>Deum,</em></span> <span class='ocrx_word' id='word_1_163' title='bbox 733 1161 840 1202; x_wconf 87' lang='lat' dir='ltr'><em>aliqua</em></span> <span class='ocrx_word' id='word_1_164' title='bbox 855 1170 904 1191; x_wconf 88' lang='lat' dir='ltr'><em>res</em></span> <span class='ocrx_word' id='word_1_165' title='bbox 923 1160 957 1190; x_wconf 88' lang='lat' dir='ltr'><em>in</em></span> <span class='ocrx_word' id='word_1_166' title='bbox 973 1169 1080 1190; x_wconf 90' lang='lat' dir='ltr'><em>rerum</em></span> <span class='ocrx_word' id='word_1_167' title='bbox 1104 1166 1216 1190; x_wconf 88' lang='lat' dir='ltr'><em>natura</em></span> <span class='ocrx_word' id='word_1_168' title='bbox 1233 1161 1365 1189; x_wconf 87' lang='lat' dir='ltr'><em>existens</em></span> 
     </span>
    </p>
   </div>
   <div class='ocr_carea' id='block_1_10' title="bbox 248 1202 1365 1335">
    <p class='ocr_par' dir='ltr' id='par_1_10' title="bbox 248 1202 1365 1335">
     <span class='ocr_line' id='line_1_25' title="bbox 248 1202 1364 1247; baseline -0.004 -11"><span class='ocrx_word' id='word_1_169' title='bbox 248 1216 251 1217; x_wconf 48' lang='lat'><em>⁷</em></span> <span class='ocrx_word' id='word_1_170' title='bbox 286 1211 360 1236; x_wconf 83' lang='lat' dir='ltr'><em>actu</em></span> <span class='ocrx_word' id='word_1_171' title='bbox 384 1205 436 1236; x_wconf 89' lang='lat' dir='ltr'><em>vel</em></span> <span class='ocrx_word' id='word_1_172' title='bbox 459 1205 619 1247; x_wconf 76' lang='lat' dir='ltr'><em>potentia,</em></span> <span class='ocrx_word' id='word_1_173' title='bbox 643 1206 683 1236; x_wconf 91' lang='lat' dir='ltr'><em>sit</em></span> <span class='ocrx_word' id='word_1_174' title='bbox 706 1205 860 1236; x_wconf 83' lang='lat' dir='ltr'><em>essentiae</em></span> <span class='ocrx_word' id='word_1_175' title='bbox 887 1203 1147 1235; x_wconf 82' lang='lat' dir='ltr'><em>indeterminatae</em></span> <span class='ocrx_word' id='word_1_176' title='bbox 1171 1202 1364 1243; x_wconf 87' lang='lat' dir='ltr'><em>simpliciter.</em></span> 
     </span>
     <span class='ocr_line' id='line_1_26' title="bbox 260 1247 1365 1291; baseline -0.004 -10"><span class='ocrx_word' id='word_1_177' title='bbox 260 1269 288 1274; x_wconf 54' lang='lat'><em>⁴-</em></span> <span class='ocrx_word' id='word_1_178' title='bbox 302 1263 323 1271; x_wconf 44' lang='grc' dir='ltr'><em>Λ</em></span> <span class='ocrx_word' id='word_1_179' title='bbox 343 1250 382 1287; x_wconf 72' lang='lat'><em>11,</em></span> <span class='ocrx_word' id='word_1_180' title='bbox 401 1250 443 1280; x_wconf 71' lang='lat' dir='ltr'><em>Tri</em></span> <span class='ocrx_word' id='word_1_181' title='bbox 467 1260 602 1291; x_wconf 89' lang='lat' dir='ltr'><em>corpore</em></span> <span class='ocrx_word' id='word_1_182' title='bbox 626 1250 720 1281; x_wconf 82' lang='lat' dir='ltr'><em>unica</em></span> <span class='ocrx_word' id='word_1_183' title='bbox 743 1256 790 1281; x_wconf 84' lang='lat' dir='ltr'><em>est</em></span> <span class='ocrx_word' id='word_1_184' title='bbox 813 1249 989 1284; x_wconf 86' lang='lat' dir='ltr'><em>conclusio,</em></span> <span class='ocrx_word' id='word_1_185' title='bbox 1012 1247 1197 1288; x_wconf 86' lang='lat' dir='ltr'><em>responsiva</em></span> <span class='ocrx_word' id='word_1_186' title='bbox 1220 1247 1365 1288; x_wconf 89' lang='lat' dir='ltr'><em>quaesito</em></span> 
     </span>
     <span class='ocr_line' id='line_1_27' title="bbox 283 1291 1365 1335; baseline -0.005 -9"><span class='ocrx_word' id='word_1_187' title='bbox 283 1294 451 1335; x_wconf 79' lang='lat' dir='ltr'><em>negative:</em></span> <span class='ocrx_word' id='word_1_188' title='bbox 481 1294 579 1326; x_wconf 88' lang='lat' dir='ltr'><em>Nulla</em></span> <span class='ocrx_word' id='word_1_189' title='bbox 608 1304 657 1325; x_wconf 87' lang='lat' dir='ltr'><em>res</em></span> <span class='ocrx_word' id='word_1_190' title='bbox 690 1294 751 1324; x_wconf 88' lang='lat' dir='ltr'><em>alia</em></span> <span class='ocrx_word' id='word_1_191' title='bbox 778 1304 796 1324; x_wconf 86' lang='lat' dir='ltr'><em>a</em></span> <span class='ocrx_word' id='word_1_192' title='bbox 826 1294 896 1324; x_wconf 91' lang='lat' dir='ltr'><em>Deo</em></span> <span class='ocrx_word' id='word_1_193' title='bbox 926 1299 973 1324; x_wconf 90' lang='lat' dir='ltr'><em>est</em></span> <span class='ocrx_word' id='word_1_194' title='bbox 999 1291 1122 1323; x_wconf 87' lang='lat' dir='ltr'><em>infinita</em></span> <span class='ocrx_word' id='word_1_195' title='bbox 1155 1292 1342 1332; x_wconf 83' lang='lat' dir='ltr'><em>simpliciter</em></span> <span class='ocrx_word' id='word_1_196' title='bbox 1350 1301 1365 1329; x_wconf 89' lang='lat'><em>;</em></span> 
     </span>
    </p>
   </div>
   <div class='ocr_carea' id='block_1_11' title="bbox 289 1337 1107 1381">
    <p class='ocr_par' dir='ltr' id='par_1_11' title="bbox 289 1337 1107 1381">
     <span class='ocr_line' id='line_1_28' title="bbox 289 1337 1107 1381; baseline -0.004 -11"><span class='ocrx_word' id='word_1_197' title='bbox 289 1339 436 1381; x_wconf 86' lang='lat' dir='ltr'><em>quamvis</em></span> <span class='ocrx_word' id='word_1_198' title='bbox 460 1338 562 1380; x_wconf 89' lang='lat' dir='ltr'><em>possit</em></span> <span class='ocrx_word' id='word_1_199' title='bbox 585 1348 652 1369; x_wconf 91' lang='lat' dir='ltr'><em>esse</em></span> <span class='ocrx_word' id='word_1_200' title='bbox 676 1337 799 1368; x_wconf 87' lang='lat' dir='ltr'><em>infinita</em></span> <span class='ocrx_word' id='word_1_201' title='bbox 821 1337 997 1368; x_wconf 82' lang='lat' dir='ltr'><em>secundum</em></span> <span class='ocrx_word' id='word_1_202' title='bbox 1022 1337 1107 1378; x_wconf 87' lang='lat' dir='ltr'><em>quid.</em></span> 
     </span>
    </p>
   </div>
   <div class='ocr_carea' id='block_1_12' title="bbox 1419 447 2493 1366">
    <p class='ocr_par' dir='ltr' id='par_1_12' title="bbox 1419 447 2493 1199">
     <span class='ocr_line' id='line_1_29' title="bbox 1472 447 2489 488; baseline -0.001 -10"><span class='ocrx_word' id='word_1_203' title='bbox 1472 448 1558 478; x_wconf 90' lang='lat' dir='ltr'><em>Haec</em></span> <span class='ocrx_word' id='word_1_204' title='bbox 1583 447 1746 478; x_wconf 89' lang='lat' dir='ltr'><em>conclusio</em></span> <span class='ocrx_word' id='word_1_205' title='bbox 1763 447 1857 478; x_wconf 89' lang='lat' dir='ltr'><em>habet</em></span> <span class='ocrx_word' id='word_1_206' title='bbox 1873 447 1951 477; x_wconf 89' lang='lat' dir='ltr'><em>duas</em></span> <span class='ocrx_word' id='word_1_207' title='bbox 1968 455 2080 488; x_wconf 86' lang='lat' dir='ltr'><em>partes,</em></span> <span class='ocrx_word' id='word_1_208' title='bbox 2098 455 2133 478; x_wconf 92' lang='lat' dir='ltr'><em>ut</em></span> <span class='ocrx_word' id='word_1_209' title='bbox 2150 455 2252 488; x_wconf 85' lang='lat' dir='ltr'><em>patet:</em></span> <span class='ocrx_word' id='word_1_210' title='bbox 2278 455 2308 479; x_wconf 90' lang='lat' dir='ltr'><em>et</em></span> <span class='ocrx_word' id='word_1_211' title='bbox 2331 448 2363 478; x_wconf 92' lang='lat' dir='ltr'><em>in</em></span> <span class='ocrx_word' id='word_1_212' title='bbox 2387 447 2489 478; x_wconf 91' lang='lat' dir='ltr'><em>littera</em></span> 
     </span>
     <span class='ocr_line' id='line_1_30' title="bbox 1419 491 2487 533; baseline 0 -11"><span class='ocrx_word' id='word_1_213' title='bbox 1419 493 1529 533; x_wconf 87' lang='lat' dir='ltr'><em>quoad</em></span> <span class='ocrx_word' id='word_1_214' title='bbox 1539 499 1707 532; x_wconf 87' lang='lat' dir='ltr'><em>utramque</em></span> <span class='ocrx_word' id='word_1_215' title='bbox 1719 492 1881 532; x_wconf 86' lang='lat' dir='ltr'><em>probatur.</em></span> <span class='ocrx_word' id='word_1_216' title='bbox 1899 492 2029 528; x_wconf 85' lang='lat' dir='ltr'><em>Verum,</em></span> <span class='ocrx_word' id='word_1_217' title='bbox 2040 492 2116 533; x_wconf 88' lang='lat' dir='ltr'><em>quia</em></span> <span class='ocrx_word' id='word_1_218' title='bbox 2131 492 2292 523; x_wconf 87' lang='lat' dir='ltr'><em>infinitum</em></span> <span class='ocrx_word' id='word_1_219' title='bbox 2304 499 2351 523; x_wconf 88' lang='lat' dir='ltr'><em>est</em></span> <span class='ocrx_word' id='word_1_220' title='bbox 2361 491 2487 532; x_wconf 86' lang='lat' dir='ltr'><em>duplex,</em></span> 
     </span>
     <span class='ocr_line' id='line_1_31' title="bbox 1420 536 2488 577; baseline -0.001 -10"><span class='ocrx_word' id='word_1_221' title='bbox 1420 537 1537 568; x_wconf 90' lang='lat' dir='ltr'><em>scilicet</em></span> <span class='ocrx_word' id='word_1_222' title='bbox 1553 547 1589 567; x_wconf 84' lang='lat' dir='ltr'><em>ex</em></span> <span class='ocrx_word' id='word_1_223' title='bbox 1605 543 1693 577; x_wconf 87' lang='lat' dir='ltr'><em>parte</em></span> <span class='ocrx_word' id='word_1_224' title='bbox 1708 543 1796 567; x_wconf 89' lang='lat' dir='ltr'><em>actus</em></span> <span class='ocrx_word' id='word_1_225' title='bbox 1813 542 1844 566; x_wconf 92' lang='lat' dir='ltr'><em>et</em></span> <span class='ocrx_word' id='word_1_226' title='bbox 1859 546 1896 566; x_wconf 86' lang='lat' dir='ltr'><em>ex</em></span> <span class='ocrx_word' id='word_1_227' title='bbox 1919 543 2006 576; x_wconf 90' lang='lat' dir='ltr'><em>parte</em></span> <span class='ocrx_word' id='word_1_228' title='bbox 2029 537 2198 576; x_wconf 89' lang='lat' dir='ltr'><em>potentiae,</em></span> <span class='ocrx_word' id='word_1_229' title='bbox 2216 546 2361 567; x_wconf 88' lang='lat' dir='ltr'><em>seorsum</em></span> <span class='ocrx_word' id='word_1_230' title='bbox 2383 536 2488 576; x_wconf 88' lang='lat' dir='ltr'><em>primo</em></span> 
     </span>
     <span class='ocr_line' id='line_1_32' title="bbox 1421 580 2487 622; baseline -0.002 -11"><span class='ocrx_word' id='word_1_231' title='bbox 1421 581 1535 621; x_wconf 90' lang='lat' dir='ltr'><em>probat</em></span> <span class='ocrx_word' id='word_1_232' title='bbox 1550 587 1718 622; x_wconf 89' lang='lat' dir='ltr'><em>utramque</em></span> <span class='ocrx_word' id='word_1_233' title='bbox 1739 580 1954 611; x_wconf 87' lang='lat' dir='ltr'><em>conclusionis</em></span> <span class='ocrx_word' id='word_1_234' title='bbox 1978 587 2100 620; x_wconf 85' lang='lat' dir='ltr'><em>partem</em></span> <span class='ocrx_word' id='word_1_235' title='bbox 2123 581 2156 611; x_wconf 90' lang='lat' dir='ltr'><em>in</em></span> <span class='ocrx_word' id='word_1_236' title='bbox 2180 580 2304 612; x_wconf 89' lang='lat' dir='ltr'><em>infinito</em></span> <span class='ocrx_word' id='word_1_237' title='bbox 2320 580 2487 611; x_wconf 88' lang='lat' dir='ltr'><em>materiali:</em></span> 
     </span>
     <span class='ocr_line' id='line_1_33' title="bbox 1421 624 2490 666; baseline -0.001 -11"><span class='ocrx_word' id='word_1_238' title='bbox 1421 625 1534 656; x_wconf 90' lang='lat' dir='ltr'><em>deinde</em></span> <span class='ocrx_word' id='word_1_239' title='bbox 1549 625 1581 655; x_wconf 91' lang='lat' dir='ltr'><em>in</em></span> <span class='ocrx_word' id='word_1_240' title='bbox 1598 625 1735 655; x_wconf 91' lang='lat' dir='ltr'><em>formali.</em></span> <span class='ocrx_word' id='word_1_241' title='bbox 1760 625 1808 655; x_wconf 92' lang='lat' dir='ltr'><em>De</em></span> <span class='ocrx_word' id='word_1_242' title='bbox 1827 624 1893 661; x_wconf 88' lang='lat' dir='ltr'><em>illo,</em></span> <span class='ocrx_word' id='word_1_243' title='bbox 1911 625 1987 666; x_wconf 88' lang='lat' dir='ltr'><em>quia</em></span> <span class='ocrx_word' id='word_1_244' title='bbox 2010 625 2140 655; x_wconf 88' lang='lat' dir='ltr'><em>materia</em></span> <span class='ocrx_word' id='word_1_245' title='bbox 2164 635 2289 665; x_wconf 88' lang='lat' dir='ltr'><em>semper</em></span> <span class='ocrx_word' id='word_1_246' title='bbox 2311 624 2419 656; x_wconf 90' lang='lat' dir='ltr'><em>finitur</em></span> <span class='ocrx_word' id='word_1_247' title='bbox 2434 634 2490 665; x_wconf 90' lang='lat' dir='ltr'><em>per</em></span> 
     </span>
     <span class='ocr_line' id='line_1_34' title="bbox 1420 668 2490 711; baseline -0.001 -11"><span class='ocrx_word' id='word_1_248' title='bbox 1420 669 1559 700; x_wconf 88' lang='lat' dir='ltr'><em>formam</em></span> <span class='ocrx_word' id='word_1_249' title='bbox 1575 669 1724 711; x_wconf 81' lang='lat' dir='ltr'><em>aliquam,</em></span> <span class='ocrx_word' id='word_1_250' title='bbox 1742 679 1778 699; x_wconf 88' lang='lat' dir='ltr'><em>ac</em></span> <span class='ocrx_word' id='word_1_251' title='bbox 1796 678 1854 709; x_wconf 89' lang='lat' dir='ltr'><em>per</em></span> <span class='ocrx_word' id='word_1_252' title='bbox 1871 669 1933 699; x_wconf 94' lang='lat' dir='ltr'><em>hoc</em></span> <span class='ocrx_word' id='word_1_253' title='bbox 1950 679 2015 699; x_wconf 90' lang='lat' dir='ltr'><em>non</em></span> <span class='ocrx_word' id='word_1_254' title='bbox 2035 676 2081 700; x_wconf 89' lang='lat' dir='ltr'><em>est</em></span> <span class='ocrx_word' id='word_1_255' title='bbox 2099 668 2220 699; x_wconf 86' lang='lat' dir='ltr'><em>infinita</em></span> <span class='ocrx_word' id='word_1_256' title='bbox 2236 669 2434 710; x_wconf 88' lang='lat' dir='ltr'><em>simpliciter:</em></span> <span class='ocrx_word' id='word_1_257' title='bbox 2459 674 2490 699; x_wconf 87' lang='lat' dir='ltr'><em>et</em></span> 
     </span>
     <span class='ocr_line' id='line_1_35' title="bbox 1420 713 2491 754; baseline -0.002 -9"><span class='ocrx_word' id='word_1_258' title='bbox 1420 721 1537 750; x_wconf 90' lang='lat' dir='ltr'><em>tamen,</em></span> <span class='ocrx_word' id='word_1_259' title='bbox 1561 714 1637 754; x_wconf 86' lang='lat' dir='ltr'><em>quia</em></span> <span class='ocrx_word' id='word_1_260' title='bbox 1660 720 1801 744; x_wconf 88' lang='lat' dir='ltr'><em>remanet</em></span> <span class='ocrx_word' id='word_1_261' title='bbox 1823 713 1856 744; x_wconf 91' lang='lat' dir='ltr'><em>in</em></span> <span class='ocrx_word' id='word_1_262' title='bbox 1880 713 2023 753; x_wconf 86' lang='lat' dir='ltr'><em>potentia</em></span> <span class='ocrx_word' id='word_1_263' title='bbox 2037 714 2077 744; x_wconf 91' lang='lat' dir='ltr'><em>ad</em></span> <span class='ocrx_word' id='word_1_264' title='bbox 2093 713 2230 744; x_wconf 87' lang='lat' dir='ltr'><em>infinitas</em></span> <span class='ocrx_word' id='word_1_265' title='bbox 2253 713 2381 749; x_wconf 86' lang='lat' dir='ltr'><em>formas,</em></span> <span class='ocrx_word' id='word_1_266' title='bbox 2399 713 2491 743; x_wconf 88' lang='lat' dir='ltr'><em>datur</em></span> 
     </span>
     <span class='ocr_line' id='line_1_36' title="bbox 1419 757 2491 798; baseline -0.001 -9"><span class='ocrx_word' id='word_1_267' title='bbox 1419 758 1580 790; x_wconf 88' lang='lat' dir='ltr'><em>infinitum</em></span> <span class='ocrx_word' id='word_1_268' title='bbox 1605 758 1782 789; x_wconf 88' lang='lat' dir='ltr'><em>secundum</em></span> <span class='ocrx_word' id='word_1_269' title='bbox 1801 758 1888 798; x_wconf 90' lang='lat' dir='ltr'><em>quid.</em></span> <span class='ocrx_word' id='word_1_270' title='bbox 1914 758 1962 788; x_wconf 89' lang='lat' dir='ltr'><em>De</em></span> <span class='ocrx_word' id='word_1_271' title='bbox 1985 757 2047 788; x_wconf 90' lang='lat' dir='ltr'><em>hoc</em></span> <span class='ocrx_word' id='word_1_272' title='bbox 2069 767 2155 794; x_wconf 87' lang='lat' dir='ltr'><em>vero,</em></span> <span class='ocrx_word' id='word_1_273' title='bbox 2175 758 2250 798; x_wconf 88' lang='lat' dir='ltr'><em>quia</em></span> <span class='ocrx_word' id='word_1_274' title='bbox 2271 757 2373 788; x_wconf 81' lang='lat' dir='ltr'><em>forma</em></span> <span class='ocrx_word' id='word_1_275' title='bbox 2390 764 2491 788; x_wconf 88' lang='lat' dir='ltr'><em>creata</em></span> 
     </span>
     <span class='ocr_line' id='line_1_37' title="bbox 1420 801 2489 843; baseline -0.003 -9"><span class='ocrx_word' id='word_1_276' title='bbox 1420 810 1476 834; x_wconf 89' lang='lat' dir='ltr'><em>aut</em></span> <span class='ocrx_word' id='word_1_277' title='bbox 1491 810 1538 834; x_wconf 86' lang='lat' dir='ltr'><em>est</em></span> <span class='ocrx_word' id='word_1_278' title='bbox 1553 803 1586 833; x_wconf 89' lang='lat' dir='ltr'><em>in</em></span> <span class='ocrx_word' id='word_1_279' title='bbox 1602 802 1742 838; x_wconf 87' lang='lat' dir='ltr'><em>materia,</em></span> <span class='ocrx_word' id='word_1_280' title='bbox 1758 809 1788 833; x_wconf 90' lang='lat' dir='ltr'><em>et</em></span> <span class='ocrx_word' id='word_1_281' title='bbox 1803 809 2034 843; x_wconf 89' lang='lat' dir='ltr'><em>consequenter</em></span> <span class='ocrx_word' id='word_1_282' title='bbox 2056 801 2144 833; x_wconf 86' lang='lat' dir='ltr'><em>finita</em></span> <span class='ocrx_word' id='word_1_283' title='bbox 2161 812 2216 842; x_wconf 89' lang='lat' dir='ltr'><em>per</em></span> <span class='ocrx_word' id='word_1_284' title='bbox 2231 811 2318 832; x_wconf 87' lang='lat' dir='ltr'><em>eam:</em></span> <span class='ocrx_word' id='word_1_285' title='bbox 2344 809 2398 833; x_wconf 87' lang='lat' dir='ltr'><em>aut</em></span> <span class='ocrx_word' id='word_1_286' title='bbox 2417 802 2489 831; x_wconf 90' lang='lat' dir='ltr'><em>sub-</em></span> 
     </span>
     <span class='ocr_line' id='line_1_38' title="bbox 1420 846 2490 886; baseline -0.002 -8"><span class='ocrx_word' id='word_1_287' title='bbox 1420 848 1532 879; x_wconf 87' lang='lat' dir='ltr'><em>sistens</em></span> <span class='ocrx_word' id='word_1_288' title='bbox 1546 847 1613 878; x_wconf 90' lang='lat' dir='ltr'><em>sine</em></span> <span class='ocrx_word' id='word_1_289' title='bbox 1629 846 1769 883; x_wconf 87' lang='lat' dir='ltr'><em>materia,</em></span> <span class='ocrx_word' id='word_1_290' title='bbox 1783 853 1814 877; x_wconf 90' lang='lat' dir='ltr'><em>et</em></span> <span class='ocrx_word' id='word_1_291' title='bbox 1829 846 1982 886; x_wconf 88' lang='lat' dir='ltr'><em>recipiens</em></span> <span class='ocrx_word' id='word_1_292' title='bbox 1999 856 2075 877; x_wconf 87' lang='lat' dir='ltr'><em>esse.</em></span> <span class='ocrx_word' id='word_1_293' title='bbox 2097 846 2137 877; x_wconf 92' lang='lat' dir='ltr'><em>Et</em></span> <span class='ocrx_word' id='word_1_294' title='bbox 2152 846 2238 882; x_wconf 91' lang='lat' dir='ltr'><em>haec,</em></span> <span class='ocrx_word' id='word_1_295' title='bbox 2252 846 2327 886; x_wconf 91' lang='lat' dir='ltr'><em>quia</em></span> <span class='ocrx_word' id='word_1_296' title='bbox 2342 846 2408 876; x_wconf 92' lang='lat' dir='ltr'><em>sine</em></span> <span class='ocrx_word' id='word_1_297' title='bbox 2424 855 2490 876; x_wconf 87' lang='lat' dir='ltr'><em>ma-</em></span> 
     </span>
     <span class='ocr_line' id='line_1_39' title="bbox 1419 890 2491 931; baseline -0.003 -8"><span class='ocrx_word' id='word_1_298' title='bbox 1419 892 1505 928; x_wconf 85' lang='lat' dir='ltr'><em>teria,</em></span> <span class='ocrx_word' id='word_1_299' title='bbox 1522 892 1595 922; x_wconf 90' lang='lat' dir='ltr'><em>ideo</em></span> <span class='ocrx_word' id='word_1_300' title='bbox 1612 891 1735 922; x_wconf 90' lang='lat' dir='ltr'><em>infinita</em></span> <span class='ocrx_word' id='word_1_301' title='bbox 1751 891 1928 922; x_wconf 89' lang='lat' dir='ltr'><em>secundum</em></span> <span class='ocrx_word' id='word_1_302' title='bbox 1945 890 2033 931; x_wconf 92' lang='lat' dir='ltr'><em>quid,</em></span> <span class='ocrx_word' id='word_1_303' title='bbox 2050 890 2131 921; x_wconf 88' lang='lat' dir='ltr'><em>idest</em></span> <span class='ocrx_word' id='word_1_304' title='bbox 2146 891 2323 921; x_wconf 90' lang='lat' dir='ltr'><em>secundum</em></span> <span class='ocrx_word' id='word_1_305' title='bbox 2339 890 2491 920; x_wconf 86' lang='lat' dir='ltr'><em>terminos</em></span> 
     </span>
     <span class='ocr_line' id='line_1_40' title="bbox 1420 934 2490 977; baseline -0.003 -10"><span class='ocrx_word' id='word_1_306' title='bbox 1420 937 1612 968; x_wconf 86' lang='lat' dir='ltr'><em>materiales:</em></span> <span class='ocrx_word' id='word_1_307' title='bbox 1637 935 1712 977; x_wconf 82' lang='lat' dir='ltr'><em>quia</em></span> <span class='ocrx_word' id='word_1_308' title='bbox 1736 942 1843 966; x_wconf 90' lang='lat' dir='ltr'><em>tamen</em></span> <span class='ocrx_word' id='word_1_309' title='bbox 1863 935 1957 966; x_wconf 87' lang='lat' dir='ltr'><em>habet</em></span> <span class='ocrx_word' id='word_1_310' title='bbox 1973 945 2040 966; x_wconf 91' lang='lat' dir='ltr'><em>esse</em></span> <span class='ocrx_word' id='word_1_311' title='bbox 2059 941 2233 975; x_wconf 90' lang='lat' dir='ltr'><em>receptum,</em></span> <span class='ocrx_word' id='word_1_312' title='bbox 2251 941 2296 965; x_wconf 88' lang='lat' dir='ltr'><em>est</em></span> <span class='ocrx_word' id='word_1_313' title='bbox 2311 934 2399 965; x_wconf 88' lang='lat' dir='ltr'><em>finita</em></span> <span class='ocrx_word' id='word_1_314' title='bbox 2418 934 2490 964; x_wconf 92' lang='lat' dir='ltr'><em>sim-</em></span> 
     </span>
     <span class='ocr_line' id='line_1_41' title="bbox 1420 978 2492 1022; baseline -0.003 -10"><span class='ocrx_word' id='word_1_315' title='bbox 1420 981 1551 1022; x_wconf 87' lang='lat' dir='ltr'><em>pliciter.</em></span> <span class='ocrx_word' id='word_1_316' title='bbox 1577 981 1658 1012; x_wconf 87' lang='lat' dir='ltr'><em>Esse</em></span> <span class='ocrx_word' id='word_1_317' title='bbox 1674 979 1760 1011; x_wconf 88' lang='lat' dir='ltr'><em>enim</em></span> <span class='ocrx_word' id='word_1_318' title='bbox 1776 986 1962 1020; x_wconf 86' lang='lat' dir='ltr'><em>coaptatum</em></span> <span class='ocrx_word' id='word_1_319' title='bbox 1977 980 2020 1010; x_wconf 90' lang='lat' dir='ltr'><em>ita</em></span> <span class='ocrx_word' id='word_1_320' title='bbox 2038 979 2112 1010; x_wconf 91' lang='lat' dir='ltr'><em>huic</em></span> <span class='ocrx_word' id='word_1_321' title='bbox 2128 986 2229 1010; x_wconf 89' lang='lat' dir='ltr'><em>certae</em></span> <span class='ocrx_word' id='word_1_322' title='bbox 2245 985 2385 1015; x_wconf 88' lang='lat' dir='ltr'><em>naturae,</em></span> <span class='ocrx_word' id='word_1_323' title='bbox 2402 978 2492 1019; x_wconf 91' lang='lat' dir='ltr'><em>quod</em></span> 
     </span>
     <span class='ocr_line' id='line_1_42' title="bbox 1419 1023 2492 1066; baseline -0.003 -10"><span class='ocrx_word' id='word_1_324' title='bbox 1419 1036 1487 1056; x_wconf 90' lang='lat' dir='ltr'><em>non</em></span> <span class='ocrx_word' id='word_1_325' title='bbox 1506 1025 1568 1062; x_wconf 85' lang='lat' dir='ltr'><em>alii,</em></span> <span class='ocrx_word' id='word_1_326' title='bbox 1584 1025 1758 1056; x_wconf 88' lang='lat' dir='ltr'><em>limitatum</em></span> <span class='ocrx_word' id='word_1_327' title='bbox 1773 1031 1901 1065; x_wconf 89' lang='lat' dir='ltr'><em>oportet</em></span> <span class='ocrx_word' id='word_1_328' title='bbox 1917 1034 1984 1055; x_wconf 88' lang='lat' dir='ltr'><em>esse</em></span> <span class='ocrx_word' id='word_1_329' title='bbox 2000 1023 2199 1064; x_wconf 90' lang='lat' dir='ltr'><em>simpliciter:</em></span> <span class='ocrx_word' id='word_1_330' title='bbox 2216 1023 2367 1066; x_wconf 35' lang='lat' dir='ltr'><em>‘alioquin</em></span> <span class='ocrx_word' id='word_1_331' title='bbox 2387 1023 2492 1053; x_wconf 90' lang='lat' dir='ltr'><em>omnis</em></span> 
     </span>
     <span class='ocr_line' id='line_1_43' title="bbox 1419 1067 2492 1110; baseline -0.003 -10"><span class='ocrx_word' id='word_1_332' title='bbox 1419 1070 1453 1100; x_wconf 90' lang='lat' dir='ltr'><em>in</em></span> <span class='ocrx_word' id='word_1_333' title='bbox 1469 1080 1502 1100; x_wconf 90' lang='lat' dir='ltr'><em>se</em></span> <span class='ocrx_word' id='word_1_334' title='bbox 1526 1076 1655 1101; x_wconf 85' lang='lat' dir='ltr'><em>naturae</em></span> <span class='ocrx_word' id='word_1_335' title='bbox 1679 1069 1907 1110; x_wconf 87' lang='lat' dir='ltr'><em>perfectionem</em></span> <span class='ocrx_word' id='word_1_336' title='bbox 1932 1068 2115 1099; x_wconf 88' lang='lat' dir='ltr'><em>contineret.</em></span> <span class='ocrx_word' id='word_1_337' title='bbox 2134 1085 2152 1092; x_wconf 91' lang='lat'>-</span> <span class='ocrx_word' id='word_1_338' title='bbox 2169 1068 2210 1098; x_wconf 90' lang='lat' dir='ltr'><em>Et</em></span> <span class='ocrx_word' id='word_1_339' title='bbox 2226 1077 2243 1098; x_wconf 89' lang='lat' dir='ltr'><em>a</em></span> <span class='ocrx_word' id='word_1_340' title='bbox 2258 1067 2399 1108; x_wconf 88' lang='lat' dir='ltr'><em>partibus</em></span> <span class='ocrx_word' id='word_1_341' title='bbox 2422 1067 2492 1097; x_wconf 91' lang='lat' dir='ltr'><em>uni-</em></span> 
     </span>
     <span class='ocr_line' id='line_1_44' title="bbox 1419 1111 2493 1152; baseline -0.002 -8"><span class='ocrx_word' id='word_1_342' title='bbox 1419 1114 1500 1144; x_wconf 90' lang='lat' dir='ltr'><em>versi</em></span> <span class='ocrx_word' id='word_1_343' title='bbox 1516 1113 1707 1144; x_wconf 86' lang='lat' dir='ltr'><em>sufficienter</em></span> <span class='ocrx_word' id='word_1_344' title='bbox 1723 1113 1924 1149; x_wconf 82' lang='lat' dir='ltr'><em>enumeratis,</em></span> <span class='ocrx_word' id='word_1_345' title='bbox 1942 1113 2105 1143; x_wconf 89' lang='lat' dir='ltr'><em>conclusio</em></span> <span class='ocrx_word' id='word_1_346' title='bbox 2126 1112 2309 1143; x_wconf 87' lang='lat' dir='ltr'><em>universalis</em></span> <span class='ocrx_word' id='word_1_347' title='bbox 2328 1111 2493 1152; x_wconf 86' lang='lat' dir='ltr'><em>proposita</em></span> 
     </span>
     <span class='ocr_line' id='line_1_45' title="bbox 1420 1156 2446 1199; baseline -0.003 -10"><span class='ocrx_word' id='word_1_348' title='bbox 1420 1159 1553 1199; x_wconf 86' lang='lat' dir='ltr'><em>probata</em></span> <span class='ocrx_word' id='word_1_349' title='bbox 1576 1166 1638 1189; x_wconf 88' lang='lat' dir='ltr'><em>est:</em></span> <span class='ocrx_word' id='word_1_350' title='bbox 1664 1165 1695 1189; x_wconf 92' lang='lat' dir='ltr'><em>et</em></span> <span class='ocrx_word' id='word_1_351' title='bbox 1717 1158 1791 1188; x_wconf 88' lang='lat' dir='ltr'><em>satis</em></span> <span class='ocrx_word' id='word_1_352' title='bbox 1816 1158 1906 1194; x_wconf 90' lang='lat' dir='ltr'><em>clare,</em></span> <span class='ocrx_word' id='word_1_353' title='bbox 1931 1157 1956 1187; x_wconf 90' lang='lat' dir='ltr'><em>si</em></span> <span class='ocrx_word' id='word_1_354' title='bbox 1979 1156 2199 1198; x_wconf 87' lang='lat' dir='ltr'><em>praecedentia</em></span> <span class='ocrx_word' id='word_1_355' title='bbox 2216 1156 2234 1175; x_wconf 91' lang='lat'><strong>*</strong></span> <span class='ocrx_word' id='word_1_356' title='bbox 2257 1156 2446 1187; x_wconf 90' lang='lat' dir='ltr'><em>recolantur.</em></span> 
     </span>
    </p>

    <p class='ocr_par' dir='ltr' id='par_1_13' title="bbox 1419 1200 2493 1366">
     <span class='ocr_line' id='line_1_46' title="bbox 1474 1200 2492 1242; baseline -0.003 -9"><span class='ocrx_word' id='word_1_357' title='bbox 1474 1203 1620 1238; x_wconf 87' lang='lat' dir='ltr'><em>Adverte,</em></span> <span class='ocrx_word' id='word_1_358' title='bbox 1638 1202 1766 1237; x_wconf 80' lang='lat' dir='ltr'><em>novitie,</em></span> <span class='ocrx_word' id='word_1_359' title='bbox 1784 1202 1873 1242; x_wconf 93' lang='lat' dir='ltr'><em>quod</em></span> <span class='ocrx_word' id='word_1_360' title='bbox 1893 1211 1960 1232; x_wconf 91' lang='lat' dir='ltr'><em>non</em></span> <span class='ocrx_word' id='word_1_361' title='bbox 1985 1201 2171 1237; x_wconf 84' lang='lat' dir='ltr'><em>dubitando,</em></span> <span class='ocrx_word' id='word_1_362' title='bbox 2188 1201 2243 1230; x_wconf 89' lang='lat' dir='ltr'><em>sed</em></span> <span class='ocrx_word' id='word_1_363' title='bbox 2266 1200 2492 1241; x_wconf 89' lang='lat' dir='ltr'><em>philosophico</em></span> 
     </span>
     <span class='ocr_line' id='line_1_47' title="bbox 1421 1245 2492 1286; baseline -0.002 -10"><span class='ocrx_word' id='word_1_364' title='bbox 1421 1257 1510 1277; x_wconf 89' lang='lat' dir='ltr'><em>more</em></span> <span class='ocrx_word' id='word_1_365' title='bbox 1534 1246 1704 1277; x_wconf 89' lang='lat' dir='ltr'><em>deferendo</em></span> <span class='ocrx_word' id='word_1_366' title='bbox 1725 1246 1856 1286; x_wconf 86' lang='lat' dir='ltr'><em>proprio</em></span> <span class='ocrx_word' id='word_1_367' title='bbox 1876 1246 2019 1276; x_wconf 84' lang='lat' dir='ltr'><em>tractatui</em></span> <span class='ocrx_word' id='word_1_368' title='bbox 2043 1246 2082 1275; x_wconf 90' lang='lat' dir='ltr'><em>de</em></span> <span class='ocrx_word' id='word_1_369' title='bbox 2106 1245 2234 1284; x_wconf 83' lang='lat' dir='ltr'><em>Angelis</em></span> <span class='ocrx_word' id='word_1_370' title='bbox 2258 1245 2415 1275; x_wconf 83' lang='lat' dir='ltr'><em>inferius*</em></span> <span class='ocrx_word' id='word_1_371' title='bbox 2438 1245 2492 1275; x_wconf 86' lang='lat' dir='ltr'><em>ha—</em></span> 
     </span>
     <span class='ocr_line' id='line_1_48' title="bbox 1420 1289 2493 1332; baseline -0.002 -11"><span class='ocrx_word' id='word_1_372' title='bbox 1420 1291 1535 1326; x_wconf 90' lang='lat' dir='ltr'><em>bendo,</em></span> <span class='ocrx_word' id='word_1_373' title='bbox 1557 1290 1631 1321; x_wconf 91' lang='lat' dir='ltr'><em>dicit</em></span> <span class='ocrx_word' id='word_1_374' title='bbox 1650 1291 1810 1332; x_wconf 87' lang='lat' dir='ltr'><em>quosdam</em></span> <span class='ocrx_word' id='word_1_375' title='bbox 1826 1290 1949 1330; x_wconf 87' lang='lat' dir='ltr'><em>opinari</em></span> <span class='ocrx_word' id='word_1_376' title='bbox 1973 1290 2102 1329; x_wconf 86' lang='lat' dir='ltr'><em>angelos</em></span> <span class='ocrx_word' id='word_1_377' title='bbox 2119 1299 2185 1320; x_wconf 89' lang='lat' dir='ltr'><em>esse</em></span> <span class='ocrx_word' id='word_1_378' title='bbox 2201 1289 2403 1320; x_wconf 88' lang='lat' dir='ltr'><em>subsistentes</em></span> <span class='ocrx_word' id='word_1_379' title='bbox 2420 1289 2493 1319; x_wconf 90' lang='lat' dir='ltr'><em>sub-</em></span> 
     </span>
     <span class='ocr_line' id='line_1_49' title="bbox 1419 1342 1557 1366; baseline -0.007 0"><span class='ocrx_word' id='word_1_380' title='bbox 1419 1342 1557 1366; x_wconf 80' lang='lat' dir='ltr'><em>stantias.</em></span> 
     </span>
    </p>
   </div>
   <div class='ocr_carea' id='block_1_13' title="bbox 547 1481 2237 1606">
    <p class='ocr_par' dir='ltr' id='par_1_14' title="bbox 547 1481 2237 1606">
     <span class='ocr_line' id='line_1_50' title="bbox 1101 1481 1681 1524; baseline -0.003 0"><span class='ocrx_word' id='word_1_381' title='bbox 1101 1481 1421 1524; x_wconf 88' lang='lat' dir='ltr'>ARTICULUS</span> <span class='ocrx_word' id='word_1_382' title='bbox 1449 1481 1681 1523; x_wconf 87' lang='lat' dir='ltr'>TERTIUS</span> 
     </span>
     <span class='ocr_line' id='line_1_51' title="bbox 547 1563 2237 1606; baseline -0.004 -7"><span class='ocrx_word' id='word_1_383' title='bbox 547 1567 705 1599; x_wconf 84' lang='lat' dir='ltr'><strong>UTRUM</strong></span> <span class='ocrx_word' id='word_1_384' title='bbox 729 1566 877 1599; x_wconf 62' lang='lat' dir='ltr'><em>possm*</em></span> <span class='ocrx_word' id='word_1_385' title='bbox 901 1567 1002 1598; x_wconf 83' lang='lat' dir='ltr'>ESSE</span> <span class='ocrx_word' id='word_1_386' title='bbox 1026 1566 1207 1604; x_wconf 80' lang='lat' dir='ltr'><strong>ALIQUID</strong></span> <span class='ocrx_word' id='word_1_387' title='bbox 1233 1566 1462 1597; x_wconf 84' lang='lat' dir='ltr'>1NF1N1TUM</span> <span class='ocrx_word' id='word_1_388' title='bbox 1486 1565 1607 1596; x_wconf 80' lang='lat' dir='ltr'><strong>ACTU</strong></span> <span class='ocrx_word' id='word_1_389' title='bbox 1633 1564 1872 1606; x_wconf 74' lang='lat' dir='ltr'><strong>SECUNDUM</strong></span> <span class='ocrx_word' id='word_1_390' title='bbox 1895 1563 2237 1594; x_wconf 79' lang='lat' dir='ltr'>MAGNITUDINEM</span> 
     </span>
    </p>
   </div>
   <div class='ocr_carea' id='block_1_14' title="bbox 708 1634 2077 1716">
    <p class='ocr_par' dir='ltr' id='par_1_15' title="bbox 708 1634 2077 1716">
     <span class='ocr_line' id='line_1_52' title="bbox 708 1634 2077 1680; baseline -0.003 -8"><span class='ocrx_word' id='word_1_391' title='bbox 708 1647 750 1672; x_wconf 82' lang='lat' dir='ltr'><em>De</em></span> <span class='ocrx_word' id='word_1_392' title='bbox 773 1647 863 1676; x_wconf 75' lang='lat' dir='ltr'><em>Ver-it..</em></span> <span class='ocrx_word' id='word_1_393' title='bbox 884 1655 928 1680; x_wconf 92' lang='lat' dir='ltr'><em>qu.</em></span> <span class='ocrx_word' id='word_1_394' title='bbox 943 1655 971 1678; x_wconf 87' lang='grc'><em>11,</em></span> <span class='ocrx_word' id='word_1_395' title='bbox 991 1652 1038 1672; x_wconf 85' lang='lat' dir='ltr'><em>art.</em></span> <span class='ocrx_word' id='word_1_396' title='bbox 1059 1655 1082 1677; x_wconf 81' lang='lat'><em>2,</em></span> <span class='ocrx_word' id='word_1_397' title='bbox 1102 1647 1134 1672; x_wconf 89' lang='lat' dir='ltr'><em>ad</em></span> <span class='ocrx_word' id='word_1_398' title='bbox 1156 1646 1185 1678; x_wconf 87' lang='lat'><em>5;</em></span> <span class='ocrx_word' id='word_1_399' title='bbox 1207 1646 1304 1678; x_wconf 76' lang='lat' dir='ltr'><em>Quodl.</em></span> <span class='ocrx_word' id='word_1_400' title='bbox 1325 1647 1368 1678; x_wconf 80' lang='lat' dir='ltr'><em>lx,</em></span> <span class='ocrx_word' id='word_1_401' title='bbox 1388 1650 1434 1671; x_wconf 87' lang='lat' dir='ltr'><em>art.</em></span> <span class='ocrx_word' id='word_1_402' title='bbox 1454 1634 1555 1677; x_wconf 66' lang='lat' dir='ltr'><em>1;&#39;xn,</em></span> <span class='ocrx_word' id='word_1_403' title='bbox 1575 1653 1620 1678; x_wconf 91' lang='lat' dir='ltr'><em>qu.</em></span> <span class='ocrx_word' id='word_1_404' title='bbox 1639 1652 1657 1670; x_wconf 89' lang='lat'><em>11</em></span> <span class='ocrx_word' id='word_1_405' title='bbox 1665 1664 1672 1677; x_wconf 87' lang='lat'><em>,</em></span> <span class='ocrx_word' id='word_1_406' title='bbox 1693 1645 1724 1670; x_wconf 88' lang='lat' dir='ltr'><em>ad</em></span> <span class='ocrx_word' id='word_1_407' title='bbox 1746 1652 1774 1676; x_wconf 80' lang='lat'><em>2;</em></span> <span class='ocrx_word' id='word_1_408' title='bbox 1795 1645 1804 1669; x_wconf 94' lang='lat'>1</span> <span class='ocrx_word' id='word_1_409' title='bbox 1823 1644 1940 1678; x_wconf 73' lang='lat' dir='ltr'><em>Pliysic„</em></span> <span class='ocrx_word' id='word_1_410' title='bbox 1961 1644 2018 1668; x_wconf 86' lang='lat' dir='ltr'><em>lect.</em></span> <span class='ocrx_word' id='word_1_411' title='bbox 2038 1651 2077 1674; x_wconf 76' lang='lat'><em>1¹3</em></span> 
     </span>
     <span class='ocr_line' id='line_1_53' title="bbox 1062 1682 1722 1716; baseline -0.005 -8"><span class='ocrx_word' id='word_1_412' title='bbox 1062 1683 1100 1713; x_wconf 88' lang='lat'><em>111.</em></span> <span class='ocrx_word' id='word_1_413' title='bbox 1121 1684 1180 1708; x_wconf 83' lang='lat' dir='ltr'><em>lect.</em></span> <span class='ocrx_word' id='word_1_414' title='bbox 1198 1690 1234 1708; x_wconf 84' lang='lat' dir='ltr'><em>vn</em></span> <span class='ocrx_word' id='word_1_415' title='bbox 1253 1690 1328 1716; x_wconf 80' lang='lat' dir='ltr'><em>sqq.;</em></span> <span class='ocrx_word' id='word_1_416' title='bbox 1348 1683 1357 1707; x_wconf 92' lang='lat'>1</span> <span class='ocrx_word' id='word_1_417' title='bbox 1377 1682 1410 1707; x_wconf 84' lang='lat' dir='ltr'><em>de</em></span> <span class='ocrx_word' id='word_1_418' title='bbox 1431 1682 1520 1711; x_wconf 82' lang='lat' dir='ltr'><em>Caelo,</em></span> <span class='ocrx_word' id='word_1_419' title='bbox 1540 1682 1598 1706; x_wconf 84' lang='lat' dir='ltr'><em>lect.</em></span> <span class='ocrx_word' id='word_1_420' title='bbox 1617 1688 1643 1706; x_wconf 82' lang='lat' dir='ltr'><em>ix</em></span> <span class='ocrx_word' id='word_1_421' title='bbox 1661 1688 1722 1713; x_wconf 82' lang='lat' dir='ltr'><em>sqq.</em></span> 
     </span>
    </p>
   </div>
   <div class='ocr_carea' id='block_1_15' title="bbox 303 1779 494 1969">
    <p class='ocr_par' dir='ltr' id='par_1_16' title="bbox 303 1779 494 1969">
     <span class='ocr_line' id='line_1_54' title="bbox 303 1779 494 1847; baseline 0 -54"><span class='ocrx_word' id='word_1_422' title='bbox 303 1779 494 1847; x_wconf 95' lang='lat' dir='ltr'><em>  </em></span> 
     </span>
     <span class='ocr_line' id='line_1_55' title="bbox 303 1847 358 1969; baseline 0.018 -76"><span class='ocrx_word' id='word_1_423' title='bbox 303 1847 358 1969; x_wconf 95' lang='lat' dir='ltr'><em>    </em></span> 
     </span>
    </p>
   </div>
   <div class='ocr_carea' id='block_1_16' title="bbox 290 1764 1364 2024">
    <p class='ocr_par' dir='ltr' id='par_1_17' title="bbox 290 1764 1364 2018">
     <span class='ocr_line' id='line_1_56' title="bbox 330 1764 1363 1830; baseline -0.004 -26"><span class='ocrx_word' id='word_1_424' title='bbox 330 1784 385 1822; x_wconf 33' lang='grc' dir='ltr'><em>μή</em></span> <span class='ocrx_word' id='word_1_425' title='bbox 412 1790 480 1830; x_wconf 15' lang='lat' dir='ltr'><em>...qv</em></span> <span class='ocrx_word' id='word_1_426' title='bbox 506 1778 527 1803; x_wconf 82' lang='lat' dir='ltr'>D</span> <span class='ocrx_word' id='word_1_427' title='bbox 547 1777 708 1804; x_wconf 74' lang='lat' dir='ltr'>TERTIUM</span> <span class='ocrx_word' id='word_1_428' title='bbox 728 1777 782 1802; x_wconf 87' lang='grc'><em>510</em></span> <span class='ocrx_word' id='word_1_429' title='bbox 806 1777 1046 1803; x_wconf 68' lang='lat' dir='ltr'><em>PRocnm‘mR.</em></span> <span class='ocrx_word' id='word_1_430' title='bbox 1077 1764 1238 1802; x_wconf 90' lang='lat' dir='ltr'><em>Videtur</em></span> <span class='ocrx_word' id='word_1_431' title='bbox 1257 1764 1363 1813; x_wconf 91' lang='lat' dir='ltr'><em>quod</em></span> 
     </span>
     <span class='ocr_line' id='line_1_57' title="bbox 322 1810 1364 1881; baseline -0.004 -24"><span class='ocrx_word' id='word_1_432' title='bbox 322 1810 482 1881; x_wconf 46' lang='lat' dir='ltr'><em>&#39;‘jz‘&#39;Assiae·</em></span> <span class='ocrx_word' id='word_1_433' title='bbox 505 1818 626 1869; x_wconf 84' lang='lat' dir='ltr'><em>possit</em></span> <span class='ocrx_word' id='word_1_434' title='bbox 646 1831 730 1856; x_wconf 90' lang='lat' dir='ltr'><em>esse</em></span> <span class='ocrx_word' id='word_1_435' title='bbox 750 1818 892 1868; x_wconf 86' lang='lat' dir='ltr'><em>aliquid</em></span> <span class='ocrx_word' id='word_1_436' title='bbox 911 1818 1102 1856; x_wconf 91' lang='lat' dir='ltr'><em>infinitum</em></span> <span class='ocrx_word' id='word_1_437' title='bbox 1122 1825 1208 1855; x_wconf 90' lang='lat' dir='ltr'><em>actu</em></span> <span class='ocrx_word' id='word_1_438' title='bbox 1229 1829 1364 1854; x_wconf 90' lang='lat' dir='ltr'><em>secun-</em></span> 
     </span>
     <span class='ocr_line' id='line_1_58' title="bbox 311 1858 1362 1929; baseline -0.007 -16"><span class='ocrx_word' id='word_1_439' title='bbox 311 1858 471 1929; x_wconf 47' lang='grc' dir='ltr'><em>,1ρεί</em></span> <span class='ocrx_word' id='word_1_440' title='bbox 451 1871 600 1914; x_wconf 58' lang='lat' dir='ltr'><em>(dum</em></span> <span class='ocrx_word' id='word_1_441' title='bbox 638 1871 954 1920; x_wconf 85' lang='lat' dir='ltr'><em>magnitudinem.</em></span> <span class='ocrx_word' id='word_1_442' title='bbox 995 1873 1037 1908; x_wconf 93' lang='lat' dir='ltr'><em>ln</em></span> <span class='ocrx_word' id='word_1_443' title='bbox 1066 1870 1231 1908; x_wconf 89' lang='lat' dir='ltr'><em>scientiis</em></span> <span class='ocrx_word' id='word_1_444' title='bbox 1260 1869 1362 1907; x_wconf 89' lang='grc'><strong>0111111</strong></span> 
     </span>
     <span class='ocr_line' id='line_1_59' title="bbox 300 1919 1364 1983; baseline -0.003 -20"><span class='ocrx_word' id='word_1_445' title='bbox 300 1938 305 1946; x_wconf 88' lang='grc'><em>-·</em></span> <span class='ocrx_word' id='word_1_446' title='bbox 326 1927 329 1933; x_wconf 82' lang='lat'><em>&#39;</em></span> <span class='ocrx_word' id='word_1_447' title='bbox 348 1921 445 1968; x_wconf 44' lang='lat'><em>5³3³»</em></span> <span class='ocrx_word' id='word_1_448' title='bbox 461 1919 493 1962; x_wconf 50' lang='lat' dir='ltr'>K</span> <span class='ocrx_word' id='word_1_449' title='bbox 506 1925 786 1964; x_wconf 88' lang='lat' dir='ltr'><em>mathematicis</em></span> <span class='ocrx_word' id='word_1_450' title='bbox 801 1937 881 1962; x_wconf 93' lang='lat' dir='ltr'><em>non</em></span> <span class='ocrx_word' id='word_1_451' title='bbox 895 1925 1088 1962; x_wconf 89' lang='lat' dir='ltr'><em>invenitur</em></span> <span class='ocrx_word' id='word_1_452' title='bbox 1102 1924 1256 1962; x_wconf 90' lang='lat' dir='ltr'><em>falsum:</em></span> <span class='ocrx_word' id='word_1_453' title='bbox 1274 1923 1364 1983; x_wconf 77' lang='lat' dir='ltr'><em>quia</em></span> 
     </span>
     <span class='ocr_line' id='line_1_60' title="bbox 290 1971 1364 2024; baseline -0.004 -7"><span class='ocrx_word' id='word_1_454' title='bbox 290 1971 587 2018; x_wconf 72' lang='lat' dir='ltr'><em>abstrahentiam</em></span> <span class='ocrx_word' id='word_1_455' title='bbox 616 1991 691 2016; x_wconf 88' lang='lat' dir='ltr'><em>non</em></span> <span class='ocrx_word' id='word_1_456' title='bbox 721 1985 775 2016; x_wconf 88' lang='lat' dir='ltr'><em>est</em></span> <span class='ocrx_word' id='word_1_457' title='bbox 801 1979 1061 2024; x_wconf 85' lang='lat' dir='ltr'><em>mendacium,</em></span> <span class='ocrx_word' id='word_1_458' title='bbox 1095 1986 1138 2015; x_wconf 92' lang='lat' dir='ltr'><em>ut</em></span> <span class='ocrx_word' id='word_1_459' title='bbox 1166 1977 1301 2015; x_wconf 90' lang='lat' dir='ltr'><em>dicitur</em></span> <span class='ocrx_word' id='word_1_460' title='bbox 1326 1976 1364 2013; x_wconf 93' lang='lat' dir='ltr'><em>in</em></span> 
     </span>
    </p>
   </div>
   <div class='ocr_carea' id='block_1_17' title="bbox 292 2031 1365 2082">
    <p class='ocr_par' dir='ltr' id='par_1_18' title="bbox 227 2031 1365 2092">
     <span class='ocr_line' id='line_1_61' title="bbox 292 2031 1365 2082; baseline -0.003 -12.171"><span class='ocrx_word' id='word_1_461' title='bbox 292 2034 324 2070; x_wconf 90' lang='lat'><em>11</em></span> <span class='ocrx_word' id='word_1_462' title='bbox 353 2033 503 2082; x_wconf 76' lang='lat' dir='ltr'><em>H1ysic.</em></span> <span class='ocrx_word' id='word_1_463' title='bbox 523 2033 544 2055; x_wconf 75' lang='lat'><em>³¹²</em></span> <span class='ocrx_word' id='word_1_464' title='bbox 572 2032 651 2070; x_wconf 92' lang='lat' dir='ltr'><em>Sed</em></span> <span class='ocrx_word' id='word_1_465' title='bbox 679 2031 857 2069; x_wconf 87' lang='lat' dir='ltr'><em>scientiae</em></span> <span class='ocrx_word' id='word_1_466' title='bbox 885 2031 1180 2069; x_wconf 86' lang='lat' dir='ltr'><em>mathematicae</em></span> <span class='ocrx_word' id='word_1_467' title='bbox 1207 2037 1365 2068; x_wconf 89' lang='lat' dir='ltr'><em>utuntur</em></span> 
     </span>
    </p>
   </div>
   <div class='ocr_carea' id='block_1_18' title="bbox 290 2084 1368 2402">
    <p class='ocr_par' dir='ltr' id='par_1_19' title="bbox 290 2084 1366 2294">
     <span class='ocr_line' id='line_1_62' title="bbox 290 2084 1366 2134; baseline -0.004 -10"><span class='ocrx_word' id='word_1_468' title='bbox 290 2086 440 2124; x_wconf 88' lang='lat' dir='ltr'><em>infinito</em></span> <span class='ocrx_word' id='word_1_469' title='bbox 460 2086 675 2124; x_wconf 90' lang='lat' dir='ltr'><em>secundum</em></span> <span class='ocrx_word' id='word_1_470' title='bbox 696 2085 1016 2134; x_wconf 86' lang='lat' dir='ltr'><em>magnitudinem:</em></span> <span class='ocrx_word' id='word_1_471' title='bbox 1044 2085 1132 2122; x_wconf 89' lang='lat' dir='ltr'><em>dicit</em></span> <span class='ocrx_word' id='word_1_472' title='bbox 1153 2084 1255 2121; x_wconf 90' lang='lat' dir='ltr'><em>enim</em></span> <span class='ocrx_word' id='word_1_473' title='bbox 1277 2095 1366 2132; x_wconf 90' lang='lat' dir='ltr'><em>geo-</em></span> 
     </span>
     <span class='ocr_line' id='line_1_63' title="bbox 291 2137 1366 2185; baseline -0.005 -7"><span class='ocrx_word' id='word_1_474' title='bbox 291 2148 415 2178; x_wconf 89' lang='lat' dir='ltr'><em>metra</em></span> <span class='ocrx_word' id='word_1_475' title='bbox 449 2139 487 2177; x_wconf 91' lang='grc'><em>111</em></span> <span class='ocrx_word' id='word_1_476' title='bbox 526 2139 604 2177; x_wconf 86' lang='lat' dir='ltr'><em>suis</em></span> <span class='ocrx_word' id='word_1_477' title='bbox 640 2138 1051 2185; x_wconf 88' lang='lat' dir='ltr'><em>demonstrationibus,</em></span> <span class='ocrx_word' id='word_1_478' title='bbox 1081 2138 1128 2175; x_wconf 88' lang='lat' dir='ltr'><em>sit</em></span> <span class='ocrx_word' id='word_1_479' title='bbox 1154 2137 1253 2174; x_wconf 88' lang='lat' dir='ltr'><em>linea</em></span> <span class='ocrx_word' id='word_1_480' title='bbox 1282 2137 1366 2174; x_wconf 86' lang='lat' dir='ltr'><em>talis</em></span> 
     </span>
     <span class='ocr_line' id='line_1_64' title="bbox 291 2190 1365 2243; baseline -0.004 -12"><span class='ocrx_word' id='word_1_481' title='bbox 291 2194 450 2243; x_wconf 81' lang='lat' dir='ltr'><em>infinita.</em></span> <span class='ocrx_word' id='word_1_482' title='bbox 489 2193 593 2242; x_wconf 89' lang='lat' dir='ltr'><em>Ergo</em></span> <span class='ocrx_word' id='word_1_483' title='bbox 627 2205 706 2230; x_wconf 90' lang='lat' dir='ltr'><em>non</em></span> <span class='ocrx_word' id='word_1_484' title='bbox 745 2200 801 2230; x_wconf 92' lang='lat' dir='ltr'><em>est</em></span> <span class='ocrx_word' id='word_1_485' title='bbox 834 2191 1071 2241; x_wconf 91' lang='lat' dir='ltr'><em>impossibile</em></span> <span class='ocrx_word' id='word_1_486' title='bbox 1107 2190 1253 2240; x_wconf 90' lang='lat' dir='ltr'><em>aliquid</em></span> <span class='ocrx_word' id='word_1_487' title='bbox 1282 2202 1365 2227; x_wconf 91' lang='lat' dir='ltr'><em>esse</em></span> 
     </span>
     <span class='ocr_line' id='line_1_65' title="bbox 291 2245 1076 2294; baseline -0.005 -8"><span class='ocrx_word' id='word_1_488' title='bbox 291 2247 485 2286; x_wconf 83' lang='lat' dir='ltr'><em>infinitum</em></span> <span class='ocrx_word' id='word_1_489' title='bbox 514 2246 729 2284; x_wconf 91' lang='lat' dir='ltr'><em>secundum</em></span> <span class='ocrx_word' id='word_1_490' title='bbox 759 2245 1076 2294; x_wconf 89' lang='lat' dir='ltr'><em>magnitudinem.</em></span> 
     </span>
    </p>

    <p class='ocr_par' dir='ltr' id='par_1_20' title="bbox 292 2297 1368 2402">
     <span class='ocr_line' id='line_1_66' title="bbox 347 2297 1366 2349; baseline -0.006 -10"><span class='ocrx_word' id='word_1_491' title='bbox 347 2312 384 2339; x_wconf 81' lang='lat'><em>2.</em></span> <span class='ocrx_word' id='word_1_492' title='bbox 404 2297 640 2347; x_wconf 56' lang='lat' dir='ltr'><em>pum-nm,</em></span> <span class='ocrx_word' id='word_1_493' title='bbox 657 2299 696 2337; x_wconf 92' lang='lat' dir='ltr'><em>id</em></span> <span class='ocrx_word' id='word_1_494' title='bbox 715 2299 823 2349; x_wconf 90' lang='lat' dir='ltr'><em>quod</em></span> <span class='ocrx_word' id='word_1_495' title='bbox 842 2312 922 2337; x_wconf 89' lang='lat' dir='ltr'><em>non</em></span> <span class='ocrx_word' id='word_1_496' title='bbox 951 2307 1007 2336; x_wconf 91' lang='lat' dir='ltr'><em>est</em></span> <span class='ocrx_word' id='word_1_497' title='bbox 1027 2306 1159 2335; x_wconf 88' lang='lat' dir='ltr'><em>contra</em></span> <span class='ocrx_word' id='word_1_498' title='bbox 1179 2297 1366 2334; x_wconf 90' lang='lat' dir='ltr'><em>rationem</em></span> 
     </span>
     <span class='ocr_line' id='line_1_67' title="bbox 292 2350 1368 2402; baseline -0.006 -10"><span class='ocrx_word' id='word_1_499' title='bbox 292 2354 461 2402; x_wconf 84' lang='lat' dir='ltr'><em>alicuius,</em></span> <span class='ocrx_word' id='word_1_500' title='bbox 482 2366 561 2391; x_wconf 91' lang='lat' dir='ltr'><em>non</em></span> <span class='ocrx_word' id='word_1_501' title='bbox 590 2360 647 2390; x_wconf 91' lang='lat' dir='ltr'><em>est</em></span> <span class='ocrx_word' id='word_1_502' title='bbox 674 2353 911 2402; x_wconf 91' lang='lat' dir='ltr'><em>impossibile</em></span> <span class='ocrx_word' id='word_1_503' title='bbox 941 2351 1150 2390; x_wconf 90' lang='lat' dir='ltr'><em>convenire</em></span> <span class='ocrx_word' id='word_1_504' title='bbox 1174 2351 1257 2388; x_wconf 85' lang='lat' dir='ltr'><em>sibi.</em></span> <span class='ocrx_word' id='word_1_505' title='bbox 1289 2350 1368 2387; x_wconf 90' lang='lat' dir='ltr'><em>Sed</em></span> 
     </span>
    </p>
   </div>
   <div class='ocr_carea' id='block_1_19' title="bbox 285 2403 1368 2452">
    <p class='ocr_par' dir='ltr' id='par_1_21' title="bbox 285 2403 1368 2452">
     <span class='ocr_line' id='line_1_68' title="bbox 285 2403 1368 2452; baseline -0.006 -6"><span class='ocrx_word' id='word_1_506' title='bbox 285 2419 377 2446; x_wconf 75' lang='lat' dir='ltr'><em>esse</em></span> <span class='ocrx_word' id='word_1_507' title='bbox 405 2404 596 2446; x_wconf 88' lang='lat' dir='ltr'><em>infinitum</em></span> <span class='ocrx_word' id='word_1_508' title='bbox 625 2419 704 2444; x_wconf 90' lang='lat' dir='ltr'><em>non</em></span> <span class='ocrx_word' id='word_1_509' title='bbox 734 2414 790 2444; x_wconf 89' lang='lat' dir='ltr'><em>est</em></span> <span class='ocrx_word' id='word_1_510' title='bbox 813 2413 945 2443; x_wconf 91' lang='lat' dir='ltr'><em>contra</em></span> <span class='ocrx_word' id='word_1_511' title='bbox 965 2405 1153 2443; x_wconf 90' lang='lat' dir='ltr'><em>rationem</em></span> <span class='ocrx_word' id='word_1_512' title='bbox 1183 2403 1368 2452; x_wconf 88' lang='lat' dir='ltr'><em>magnitu-</em></span> 
     </span>
    </p>
   </div>
   <div class='ocr_carea' id='block_1_20' title="bbox 294 2457 1369 2508">
    <p class='ocr_par' dir='ltr' id='par_1_22' title="bbox 294 2457 1369 2508">
     <span class='ocr_line' id='line_1_69' title="bbox 294 2457 1369 2508; baseline -0.006 -8"><span class='ocrx_word' id='word_1_513' title='bbox 294 2461 412 2500; x_wconf 87' lang='lat' dir='ltr'><em>dinis:</em></span> <span class='ocrx_word' id='word_1_514' title='bbox 442 2460 511 2499; x_wconf 91' lang='lat' dir='ltr'><em>sed</em></span> <span class='ocrx_word' id='word_1_515' title='bbox 539 2459 661 2508; x_wconf 88' lang='lat' dir='ltr'><em>magis</em></span> <span class='ocrx_word' id='word_1_516' title='bbox 680 2466 697 2481; x_wconf 72' lang='lat'>⁸</span> <span class='ocrx_word' id='word_1_517' title='bbox 726 2459 878 2497; x_wconf 89' lang='lat' dir='ltr'><em>finitum</em></span> <span class='ocrx_word' id='word_1_518' title='bbox 908 2467 946 2496; x_wconf 91' lang='lat' dir='ltr'><em>et</em></span> <span class='ocrx_word' id='word_1_519' title='bbox 973 2459 1164 2496; x_wconf 90' lang='lat' dir='ltr'><em>infinitum</em></span> <span class='ocrx_word' id='word_1_520' title='bbox 1189 2457 1369 2495; x_wconf 91' lang='lat' dir='ltr'><em>videntur</em></span> 
     </span>
    </p>
   </div>
   <div class='ocr_carea' id='block_1_21' title="bbox 250 2511 1368 2565">
    <p class='ocr_par' dir='ltr' id='par_1_23' title="bbox 250 2511 1368 2565">
     <span class='ocr_line' id='line_1_70' title="bbox 250 2511 1368 2565; baseline -0.005 -12"><span class='ocrx_word' id='word_1_521' title='bbox 250 2550 252 2553; x_wconf 88' lang='lat'><em>.</em></span> <span class='ocrx_word' id='word_1_522' title='bbox 293 2527 376 2554; x_wconf 88' lang='lat' dir='ltr'><em>esse</em></span> <span class='ocrx_word' id='word_1_523' title='bbox 401 2514 600 2565; x_wconf 88' lang='lat' dir='ltr'><em>passiones</em></span> <span class='ocrx_word' id='word_1_524' title='bbox 629 2513 856 2563; x_wconf 86' lang='lat' dir='ltr'><em>quantitatis.</em></span> <span class='ocrx_word' id='word_1_525' title='bbox 888 2514 992 2562; x_wconf 85' lang='lat' dir='ltr'><em>Ergo</em></span> <span class='ocrx_word' id='word_1_526' title='bbox 1012 2525 1092 2550; x_wconf 90' lang='lat' dir='ltr'><em>non</em></span> <span class='ocrx_word' id='word_1_527' title='bbox 1112 2520 1169 2549; x_wconf 92' lang='lat' dir='ltr'><em>est</em></span> <span class='ocrx_word' id='word_1_528' title='bbox 1196 2511 1368 2560; x_wconf 91' lang='lat' dir='ltr'><em>impossi-</em></span> 
     </span>
    </p>
   </div>
   <div class='ocr_carea' id='block_1_22' title="bbox 293 2565 1369 2778">
    <p class='ocr_par' dir='ltr' id='par_1_24' title="bbox 293 2565 1240 2617">
     <span class='ocr_line' id='line_1_71' title="bbox 293 2565 1240 2617; baseline -0.004 -11"><span class='ocrx_word' id='word_1_529' title='bbox 293 2569 368 2607; x_wconf 88' lang='lat' dir='ltr'><em>bile</em></span> <span class='ocrx_word' id='word_1_530' title='bbox 397 2568 567 2617; x_wconf 87' lang='lat' dir='ltr'><em>aliquam</em></span> <span class='ocrx_word' id='word_1_531' title='bbox 596 2567 899 2615; x_wconf 84' lang='lat' dir='ltr'><em>magnitudinem</em></span> <span class='ocrx_word' id='word_1_532' title='bbox 929 2578 1012 2604; x_wconf 91' lang='lat' dir='ltr'><em>esse</em></span> <span class='ocrx_word' id='word_1_533' title='bbox 1040 2565 1240 2603; x_wconf 90' lang='lat' dir='ltr'><em>infinitam.</em></span> 
     </span>
    </p>

    <p class='ocr_par' dir='ltr' id='par_1_25' title="bbox 294 2617 1369 2778">
     <span class='ocr_line' id='line_1_72' title="bbox 350 2617 1369 2669; baseline -0.005 -11"><span class='ocrx_word' id='word_1_534' title='bbox 350 2623 385 2659; x_wconf 86' lang='lat'><em>3.</em></span> <span class='ocrx_word' id='word_1_535' title='bbox 415 2622 651 2668; x_wconf 51' lang='lat' dir='ltr'><em>Palmensis,</em></span> <span class='ocrx_word' id='word_1_536' title='bbox 672 2620 897 2669; x_wconf 89' lang='lat' dir='ltr'><em>magnitudo</em></span> <span class='ocrx_word' id='word_1_537' title='bbox 918 2619 1116 2658; x_wconf 88' lang='lat' dir='ltr'><em>divisibilis</em></span> <span class='ocrx_word' id='word_1_538' title='bbox 1136 2626 1192 2655; x_wconf 90' lang='lat' dir='ltr'><em>est</em></span> <span class='ocrx_word' id='word_1_539' title='bbox 1218 2619 1256 2655; x_wconf 91' lang='lat' dir='ltr'><em>in</em></span> <span class='ocrx_word' id='word_1_540' title='bbox 1284 2617 1369 2654; x_wconf 90' lang='lat' dir='ltr'><em>infi-</em></span> 
     </span>
     <span class='ocr_line' id='line_1_73' title="bbox 294 2671 1368 2721; baseline -0.005 -9"><span class='ocrx_word' id='word_1_541' title='bbox 294 2675 436 2713; x_wconf 88' lang='lat' dir='ltr'><em>nitum:</em></span> <span class='ocrx_word' id='word_1_542' title='bbox 467 2674 520 2711; x_wconf 92' lang='lat' dir='ltr'><em>sic</em></span> <span class='ocrx_word' id='word_1_543' title='bbox 549 2673 652 2711; x_wconf 89' lang='lat' dir='ltr'><em>enim</em></span> <span class='ocrx_word' id='word_1_544' title='bbox 677 2673 856 2711; x_wconf 90' lang='lat' dir='ltr'><em>definitur</em></span> <span class='ocrx_word' id='word_1_545' title='bbox 881 2673 1119 2720; x_wconf 87' lang='lat' dir='ltr'><em>continuum,</em></span> <span class='ocrx_word' id='word_1_546' title='bbox 1141 2672 1243 2721; x_wconf 86' lang='lat' dir='ltr'><em>quod</em></span> <span class='ocrx_word' id='word_1_547' title='bbox 1259 2677 1313 2708; x_wconf 89' lang='lat' dir='ltr'><em>est</em></span> <span class='ocrx_word' id='word_1_548' title='bbox 1331 2671 1368 2706; x_wconf 91' lang='lat' dir='ltr'><em>in</em></span> 
     </span>
     <span class='ocr_line' id='line_1_74' title="bbox 295 2724 1369 2778; baseline -0.005 -13"><span class='ocrx_word' id='word_1_549' title='bbox 295 2729 483 2778; x_wconf 84' lang='lat' dir='ltr'><em>infinitum</em></span> <span class='ocrx_word' id='word_1_550' title='bbox 502 2726 521 2756; x_wconf 73' lang='grc' dir='ltr'><em>Ρ</em></span> <span class='ocrx_word' id='word_1_551' title='bbox 547 2726 740 2773; x_wconf 74' lang='lat' dir='ltr'><em>divisibile,</em></span> <span class='ocrx_word' id='word_1_552' title='bbox 761 2735 803 2764; x_wconf 92' lang='lat' dir='ltr'><em>ut</em></span> <span class='ocrx_word' id='word_1_553' title='bbox 820 2734 924 2776; x_wconf 90' lang='lat' dir='ltr'><em>patet</em></span> <span class='ocrx_word' id='word_1_554' title='bbox 942 2726 981 2764; x_wconf 88' lang='lat' dir='ltr'><em>in</em></span> <span class='ocrx_word' id='word_1_555' title='bbox 1001 2727 1050 2763; x_wconf 94' lang='lat' dir='ltr'><em>III</em></span> <span class='ocrx_word' id='word_1_556' title='bbox 1071 2726 1220 2775; x_wconf 86' lang='lat' dir='ltr'><em>Physic.</em></span> <span class='ocrx_word' id='word_1_557' title='bbox 1242 2725 1262 2746; x_wconf 76' lang='lat'><em>‘¹‘</em></span> <span class='ocrx_word' id='word_1_558' title='bbox 1291 2724 1369 2761; x_wconf 91' lang='lat' dir='ltr'><em>Sed</em></span> 
     </span>
    </p>
   </div>
   <div class='ocr_carea' id='block_1_23' title="bbox 255 2777 1370 2937">
    <p class='ocr_par' dir='ltr' id='par_1_26' title="bbox 255 2777 1370 2937">
     <span class='ocr_line' id='line_1_75' title="bbox 255 2777 1369 2826; baseline -0.005 -6"><span class='ocrx_word' id='word_1_559' title='bbox 255 2783 266 2787; x_wconf 89' lang='grc'><em>“</em></span> <span class='ocrx_word' id='word_1_560' title='bbox 286 2781 484 2826; x_wconf 58' lang='lat' dir='ltr'><em>vcontraria</em></span> <span class='ocrx_word' id='word_1_561' title='bbox 503 2788 591 2818; x_wconf 90' lang='lat' dir='ltr'><em>nata</em></span> <span class='ocrx_word' id='word_1_562' title='bbox 610 2787 699 2818; x_wconf 91' lang='lat' dir='ltr'><em>sunt</em></span> <span class='ocrx_word' id='word_1_563' title='bbox 716 2781 799 2818; x_wconf 87' lang='lat' dir='ltr'><em>fieri</em></span> <span class='ocrx_word' id='word_1_564' title='bbox 819 2780 917 2818; x_wconf 91' lang='lat' dir='ltr'><em>circa</em></span> <span class='ocrx_word' id='word_1_565' title='bbox 936 2780 1053 2818; x_wconf 91' lang='lat' dir='ltr'><em>idem.</em></span> <span class='ocrx_word' id='word_1_566' title='bbox 1082 2780 1183 2817; x_wconf 89' lang='lat' dir='ltr'><em>Cum</em></span> <span class='ocrx_word' id='word_1_567' title='bbox 1204 2790 1294 2826; x_wconf 89' lang='lat' dir='ltr'><em>ergo</em></span> <span class='ocrx_word' id='word_1_568' title='bbox 1315 2777 1369 2815; x_wconf 94' lang='lat' dir='ltr'><em>di-</em></span> 
     </span>
     <span class='ocr_line' id='line_1_76' title="bbox 289 2833 1369 2890; baseline -0.007 -16"><span class='ocrx_word' id='word_1_569' title='bbox 289 2835 435 2874; x_wconf 75' lang='lat' dir='ltr'><em>visioni</em></span> <span class='ocrx_word' id='word_1_570' title='bbox 454 2842 674 2884; x_wconf 90' lang='lat' dir='ltr'><em>opponatur</em></span> <span class='ocrx_word' id='word_1_571' title='bbox 692 2834 848 2882; x_wconf 89' lang='lat' dir='ltr'><em>additio,</em></span> <span class='ocrx_word' id='word_1_572' title='bbox 869 2842 906 2871; x_wconf 89' lang='lat' dir='ltr'><em>et</em></span> <span class='ocrx_word' id='word_1_573' title='bbox 926 2833 1167 2872; x_wconf 87' lang='lat' dir='ltr'><em>diminutioni</em></span> <span class='ocrx_word' id='word_1_574' title='bbox 1187 2843 1369 2890; x_wconf 84' lang='lat' dir='ltr'><em>augmen-</em></span> 
     </span>
     <span class='ocr_line' id='line_1_77' title="bbox 287 2884 1370 2937; baseline -0.007 -9"><span class='ocrx_word' id='word_1_575' title='bbox 287 2898 390 2937; x_wconf 70' lang='lat' dir='ltr'><em>tum,</em></span> <span class='ocrx_word' id='word_1_576' title='bbox 419 2889 572 2926; x_wconf 90' lang='lat' dir='ltr'><em>videtur</em></span> <span class='ocrx_word' id='word_1_577' title='bbox 599 2889 706 2937; x_wconf 91' lang='lat' dir='ltr'><em>quod</em></span> <span class='ocrx_word' id='word_1_578' title='bbox 735 2887 957 2936; x_wconf 87' lang='lat' dir='ltr'><em>magnitudo</em></span> <span class='ocrx_word' id='word_1_579' title='bbox 986 2887 1106 2936; x_wconf 91' lang='lat' dir='ltr'><em>possit</em></span> <span class='ocrx_word' id='word_1_580' title='bbox 1135 2897 1303 2922; x_wconf 89' lang='lat' dir='ltr'><em>crescere</em></span> <span class='ocrx_word' id='word_1_581' title='bbox 1331 2884 1370 2921; x_wconf 90' lang='lat' dir='ltr'><em>in</em></span> 
     </span>
    </p>
   </div>
   <div class='ocr_carea' id='block_1_24' title="bbox 289 2938 1373 3473">
    <p class='ocr_par' dir='ltr' id='par_1_27' title="bbox 294 2938 1370 3035">
     <span class='ocr_line' id='line_1_78' title="bbox 294 2938 1370 2992; baseline -0.007 -11"><span class='ocrx_word' id='word_1_582' title='bbox 294 2942 500 2981; x_wconf 89' lang='lat' dir='ltr'><em>infinitum.</em></span> <span class='ocrx_word' id='word_1_583' title='bbox 530 2942 633 2990; x_wconf 88' lang='lat' dir='ltr'><em>Ergo</em></span> <span class='ocrx_word' id='word_1_584' title='bbox 661 2941 845 2992; x_wconf 91' lang='lat' dir='ltr'><em>possibile</em></span> <span class='ocrx_word' id='word_1_585' title='bbox 874 2948 1041 2979; x_wconf 85' lang='lat' dir='ltr'><em>estesse</em></span> <span class='ocrx_word' id='word_1_586' title='bbox 1067 2938 1370 2988; x_wconf 87' lang='lat' dir='ltr'><em>magnitudinem</em></span> 
     </span>
     <span class='ocr_line' id='line_1_79' title="bbox 295 2996 496 3035; baseline -0.005 0"><span class='ocrx_word' id='word_1_587' title='bbox 295 2996 496 3035; x_wconf 85' lang='lat' dir='ltr'><em>infinitam.</em></span> 
     </span>
    </p>

    <p class='ocr_par' dir='ltr' id='par_1_28' title="bbox 295 3043 1373 3473">
     <span class='ocr_line' id='line_1_80' title="bbox 349 3043 1370 3098; baseline -0.007 -10"><span class='ocrx_word' id='word_1_588' title='bbox 349 3062 388 3098; x_wconf 89' lang='lat'><em>4.</em></span> <span class='ocrx_word' id='word_1_589' title='bbox 403 3051 640 3098; x_wconf 65' lang='lat' dir='ltr'><em>PRAETEnm,</em></span> <span class='ocrx_word' id='word_1_590' title='bbox 656 3056 785 3086; x_wconf 92' lang='lat' dir='ltr'><em>motus</em></span> <span class='ocrx_word' id='word_1_591' title='bbox 799 3053 813 3075; x_wconf 81' lang='lat'>⁷</span> <span class='ocrx_word' id='word_1_592' title='bbox 834 3054 871 3085; x_wconf 90' lang='lat' dir='ltr'><em>et</em></span> <span class='ocrx_word' id='word_1_593' title='bbox 888 3054 1042 3097; x_wconf 91' lang='lat' dir='ltr'><em>tempus</em></span> <span class='ocrx_word' id='word_1_594' title='bbox 1061 3046 1204 3084; x_wconf 88' lang='lat' dir='ltr'><em>habent</em></span> <span class='ocrx_word' id='word_1_595' title='bbox 1223 3043 1370 3094; x_wconf 89' lang='lat' dir='ltr'><em>quanti-</em></span> 
     </span>
     <span class='ocr_line' id='line_1_81' title="bbox 295 3100 1369 3149; baseline -0.006 -9"><span class='ocrx_word' id='word_1_596' title='bbox 295 3109 414 3140; x_wconf 89' lang='lat' dir='ltr'><em>tatem</em></span> <span class='ocrx_word' id='word_1_597' title='bbox 435 3110 471 3142; x_wconf 90' lang='lat' dir='ltr'><em>et</em></span> <span class='ocrx_word' id='word_1_598' title='bbox 490 3103 779 3141; x_wconf 90' lang='lat' dir='ltr'><em>continuitatem</em></span> <span class='ocrx_word' id='word_1_599' title='bbox 798 3114 820 3139; x_wconf 89' lang='lat' dir='ltr'><em>a</em></span> <span class='ocrx_word' id='word_1_600' title='bbox 839 3100 1109 3149; x_wconf 28' lang='lat' dir='ltr'><em>magnitudine·</em></span> <span class='ocrx_word' id='word_1_601' title='bbox 1121 3111 1237 3148; x_wconf 88' lang='lat' dir='ltr'><em>super</em></span> <span class='ocrx_word' id='word_1_602' title='bbox 1251 3110 1369 3148; x_wconf 91' lang='lat' dir='ltr'><em>quam</em></span> 
     </span>
     <span class='ocr_line' id='line_1_82' title="bbox 289 3152 1371 3205; baseline -0.006 -10.961"><span class='ocrx_word' id='word_1_603' title='bbox 289 3156 428 3194; x_wconf 83' lang='lat' dir='ltr'><em>-transit</em></span> <span class='ocrx_word' id='word_1_604' title='bbox 455 3163 596 3205; x_wconf 89' lang='lat' dir='ltr'><em>motus,</em></span> <span class='ocrx_word' id='word_1_605' title='bbox 616 3165 659 3194; x_wconf 94' lang='lat' dir='ltr'><em>ut</em></span> <span class='ocrx_word' id='word_1_606' title='bbox 687 3155 822 3194; x_wconf 92' lang='lat' dir='ltr'><em>dicitur</em></span> <span class='ocrx_word' id='word_1_607' title='bbox 840 3155 880 3191; x_wconf 90' lang='lat' dir='ltr'><em>in</em></span> <span class='ocrx_word' id='word_1_608' title='bbox 899 3155 952 3191; x_wconf 91' lang='lat' dir='ltr'><em>IV</em></span> <span class='ocrx_word' id='word_1_609' title='bbox 969 3154 1120 3203; x_wconf 77' lang='lat' dir='ltr'><em>Hiysic.</em></span> <span class='ocrx_word' id='word_1_610' title='bbox 1136 3152 1157 3174; x_wconf 84' lang='grc'>*</span> <span class='ocrx_word' id='word_1_611' title='bbox 1186 3152 1263 3190; x_wconf 90' lang='lat' dir='ltr'><em>Sed</em></span> <span class='ocrx_word' id='word_1_612' title='bbox 1291 3163 1371 3188; x_wconf 90' lang='lat' dir='ltr'><em>non</em></span> 
     </span>
     <span class='ocr_line' id='line_1_83' title="bbox 297 3205 1372 3257; baseline -0.005 -10"><span class='ocrx_word' id='word_1_613' title='bbox 297 3217 354 3247; x_wconf 91' lang='lat' dir='ltr'><em>est</em></span> <span class='ocrx_word' id='word_1_614' title='bbox 373 3216 506 3247; x_wconf 90' lang='lat' dir='ltr'><em>contra</em></span> <span class='ocrx_word' id='word_1_615' title='bbox 531 3210 718 3248; x_wconf 89' lang='lat' dir='ltr'><em>rationem</em></span> <span class='ocrx_word' id='word_1_616' title='bbox 745 3207 931 3257; x_wconf 89' lang='lat' dir='ltr'><em>temporis</em></span> <span class='ocrx_word' id='word_1_617' title='bbox 959 3215 996 3245; x_wconf 90' lang='lat' dir='ltr'><em>et</em></span> <span class='ocrx_word' id='word_1_618' title='bbox 1014 3214 1144 3244; x_wconf 88' lang='lat' dir='ltr'><em>motus</em></span> <span class='ocrx_word' id='word_1_619' title='bbox 1163 3206 1270 3254; x_wconf 92' lang='lat' dir='ltr'><em>quod</em></span> <span class='ocrx_word' id='word_1_620' title='bbox 1299 3205 1372 3242; x_wconf 91' lang='lat' dir='ltr'><em>sint</em></span> 
     </span>
     <span class='ocr_line' id='line_1_84' title="bbox 297 3259 1371 3312; baseline -0.006 -11"><span class='ocrx_word' id='word_1_621' title='bbox 297 3262 460 3301; x_wconf 87' lang='lat' dir='ltr'><em>infinita:</em></span> <span class='ocrx_word' id='word_1_622' title='bbox 491 3275 580 3300; x_wconf 92' lang='lat' dir='ltr'><em>cum</em></span> <span class='ocrx_word' id='word_1_623' title='bbox 598 3262 908 3312; x_wconf 86' lang='lat' dir='ltr'><em>unumquodque</em></span> <span class='ocrx_word' id='word_1_624' title='bbox 931 3259 1160 3298; x_wconf 90' lang='lat' dir='ltr'><em>indivisibile</em></span> <span class='ocrx_word' id='word_1_625' title='bbox 1181 3259 1371 3307; x_wconf 87' lang='lat' dir='ltr'><em>signatum</em></span> 
     </span>
     <span class='ocr_line' id='line_1_85' title="bbox 296 3312 1373 3365; baseline -0.006 -11"><span class='ocrx_word' id='word_1_626' title='bbox 296 3318 337 3355; x_wconf 92' lang='lat' dir='ltr'><em>in</em></span> <span class='ocrx_word' id='word_1_627' title='bbox 364 3324 540 3365; x_wconf 87' lang='lat' dir='ltr'><em>tempore</em></span> <span class='ocrx_word' id='word_1_628' title='bbox 569 3324 606 3354; x_wconf 89' lang='lat' dir='ltr'><em>et</em></span> <span class='ocrx_word' id='word_1_629' title='bbox 637 3325 747 3355; x_wconf 92' lang='lat' dir='ltr'><em>motu</em></span> <span class='ocrx_word' id='word_1_630' title='bbox 785 3314 973 3361; x_wconf 89' lang='lat' dir='ltr'><em>circulari,</em></span> <span class='ocrx_word' id='word_1_631' title='bbox 1003 3314 1049 3351; x_wconf 91' lang='lat' dir='ltr'><em>sit</em></span> <span class='ocrx_word' id='word_1_632' title='bbox 1076 3312 1306 3363; x_wconf 89' lang='lat' dir='ltr'><em>principium</em></span> <span class='ocrx_word' id='word_1_633' title='bbox 1336 3319 1373 3348; x_wconf 91' lang='lat' dir='ltr'><em>et</em></span> 
     </span>
     <span class='ocr_line' id='line_1_86' title="bbox 297 3365 1372 3417; baseline -0.007 -9"><span class='ocrx_word' id='word_1_634' title='bbox 297 3371 396 3408; x_wconf 89' lang='lat' dir='ltr'><em>finis.</em></span> <span class='ocrx_word' id='word_1_635' title='bbox 427 3371 531 3417; x_wconf 86' lang='lat' dir='ltr'><em>Ergo</em></span> <span class='ocrx_word' id='word_1_636' title='bbox 560 3382 632 3407; x_wconf 91' lang='lat' dir='ltr'><em>nec</em></span> <span class='ocrx_word' id='word_1_637' title='bbox 652 3372 783 3408; x_wconf 88' lang='lat' dir='ltr'><em>contra</em></span> <span class='ocrx_word' id='word_1_638' title='bbox 802 3369 991 3407; x_wconf 88' lang='lat' dir='ltr'><em>rationem</em></span> <span class='ocrx_word' id='word_1_639' title='bbox 1012 3365 1284 3415; x_wconf 87' lang='lat' dir='ltr'><em>magnitudinis</em></span> <span class='ocrx_word' id='word_1_640' title='bbox 1305 3365 1372 3402; x_wconf 90' lang='lat' dir='ltr'><em>erit</em></span> 
     </span>
     <span class='ocr_line' id='line_1_87' title="bbox 298 3423 686 3473; baseline -0.003 -12"><span class='ocrx_word' id='word_1_641' title='bbox 298 3424 405 3473; x_wconf 93' lang='lat' dir='ltr'><em>quod</em></span> <span class='ocrx_word' id='word_1_642' title='bbox 435 3423 481 3460; x_wconf 93' lang='lat' dir='ltr'><em>sit</em></span> <span class='ocrx_word' id='word_1_643' title='bbox 508 3423 686 3460; x_wconf 51' lang='lat' dir='ltr'><em>infinita.</em></span> 
     </span>
    </p>
   </div>
   <div class='ocr_carea' id='block_1_25' title="bbox 352 3537 1019 3679">
    <p class='ocr_par' dir='ltr' id='par_1_29' title="bbox 352 3537 1019 3607">
     <span class='ocr_line' id='line_1_88' title="bbox 352 3537 1019 3572; baseline -0.004 -8"><span class='ocrx_word' id='word_1_644' title='bbox 352 3539 380 3572; x_wconf 78' lang='grc' dir='ltr'><em>α)</em></span> <span class='ocrx_word' id='word_1_645' title='bbox 399 3539 447 3564; x_wconf 84' lang='lat' dir='ltr'><em>sed</em></span> <span class='ocrx_word' id='word_1_646' title='bbox 466 3537 561 3571; x_wconf 83' lang='lat' dir='ltr'><em>magis.</em></span> <span class='ocrx_word' id='word_1_647' title='bbox 580 3551 597 3555; x_wconf 98' lang='lat'><em>-</em></span> <span class='ocrx_word' id='word_1_648' title='bbox 616 3544 677 3562; x_wconf 87' lang='lat' dir='ltr'><em>cum</em></span> <span class='ocrx_word' id='word_1_649' title='bbox 695 3537 802 3562; x_wconf 71' lang='lat' dir='ltr'><em>ratione</em></span> <span class='ocrx_word' id='word_1_650' title='bbox 819 3537 883 3570; x_wconf 80' lang='lat' dir='ltr'><em>quia</em></span> <span class='ocrx_word' id='word_1_651' title='bbox 902 3537 972 3562; x_wconf 90' lang='lat' dir='ltr'><em>addit</em></span> <span class='ocrx_word' id='word_1_652' title='bbox 990 3537 1019 3561; x_wconf 89' lang='lat' dir='ltr'><em>B.</em></span> 
     </span>
     <span class='ocr_line' id='line_1_89' title="bbox 354 3571 847 3607; baseline -0.004 -8"><span class='ocrx_word' id='word_1_653' title='bbox 354 3573 379 3607; x_wconf 88' lang='grc' dir='ltr'><em>β)</em></span> <span class='ocrx_word' id='word_1_654' title='bbox 399 3573 544 3607; x_wconf 81' lang='lat' dir='ltr'><em>infinitum.</em></span> <span class='ocrx_word' id='word_1_655' title='bbox 562 3586 581 3591; x_wconf 92' lang='lat'><em>—-</em></span> <span class='ocrx_word' id='word_1_656' title='bbox 600 3571 706 3605; x_wconf 81' lang='lat' dir='ltr'><em>infinita</em></span> <span class='ocrx_word' id='word_1_657' title='bbox 725 3571 847 3597; x_wconf 80' lang='lat' dir='ltr'><em>ACDEF.</em></span> 
     </span>
    </p>

    <p class='ocr_par' dir='ltr' id='par_1_30' title="bbox 353 3607 806 3644">
     <span class='ocr_line' id='line_1_90' title="bbox 353 3607 806 3644; baseline -0.009 -8"><span class='ocrx_word' id='word_1_658' title='bbox 353 3610 382 3644; x_wconf 82' lang='grc' dir='ltr'><em>γ)</em></span> <span class='ocrx_word' id='word_1_659' title='bbox 401 3613 498 3635; x_wconf 84' lang='lat' dir='ltr'><em>motus.</em></span> <span class='ocrx_word' id='word_1_660' title='bbox 515 3623 535 3629; x_wconf 87' lang='lat'>-</span> <span class='ocrx_word' id='word_1_661' title='bbox 554 3611 580 3634; x_wconf 82' lang='lat' dir='ltr'><em>et</em></span> <span class='ocrx_word' id='word_1_662' title='bbox 599 3610 687 3632; x_wconf 83' lang='lat' dir='ltr'><em>motus</em></span> <span class='ocrx_word' id='word_1_663' title='bbox 704 3607 806 3633; x_wconf 81' lang='lat' dir='ltr'><em>ACDE.</em></span> 
     </span>
    </p>

    <p class='ocr_par' dir='ltr' id='par_1_31' title="bbox 352 3643 859 3679">
     <span class='ocr_line' id='line_1_91' title="bbox 352 3643 859 3679; baseline -0.004 -10"><span class='ocrx_word' id='word_1_664' title='bbox 352 3644 378 3678; x_wconf 76' lang='grc' dir='ltr'><em>ὃ)</em></span> <span class='ocrx_word' id='word_1_665' title='bbox 389 3645 476 3679; x_wconf 84' lang='lat' dir='ltr'><em>finiti.</em></span> <span class='ocrx_word' id='word_1_666' title='bbox 493 3659 512 3663; x_wconf 98' lang='lat'>-</span> <span class='ocrx_word' id='word_1_667' title='bbox 531 3644 593 3669; x_wconf 89' lang='lat' dir='ltr'><em>Om.</em></span> <span class='ocrx_word' id='word_1_668' title='bbox 612 3643 714 3668; x_wconf 89' lang='lat' dir='ltr'><em>codices</em></span> <span class='ocrx_word' id='word_1_669' title='bbox 733 3647 759 3667; x_wconf 87' lang='lat' dir='ltr'><em>et</em></span> <span class='ocrx_word' id='word_1_670' title='bbox 778 3643 818 3668; x_wconf 87' lang='lat' dir='ltr'><em>ed.</em></span> <span class='ocrx_word' id='word_1_671' title='bbox 832 3650 859 3668; x_wconf 84' lang='lat' dir='ltr'><em>a.</em></span> 
     </span>
    </p>
   </div>
   <div class='ocr_carea' id='block_1_26' title="bbox 1421 1759 2498 3466">
    <p class='ocr_par' dir='ltr' id='par_1_32' title="bbox 1421 1759 2493 2077">
     <span class='ocr_line' id='line_1_92' title="bbox 1474 1759 2491 1810; baseline -0.002 -11"><span class='ocrx_word' id='word_1_672' title='bbox 1474 1763 1549 1799; x_wconf 79' lang='lat' dir='ltr'><em>SED</em></span> <span class='ocrx_word' id='word_1_673' title='bbox 1583 1774 1747 1809; x_wconf 78' lang='lat' dir='ltr'><em>CONTRA,</em></span> <span class='ocrx_word' id='word_1_674' title='bbox 1777 1774 1895 1799; x_wconf 92' lang='lat' dir='ltr'><em>omne</em></span> <span class='ocrx_word' id='word_1_675' title='bbox 1925 1773 2064 1810; x_wconf 90' lang='lat' dir='ltr'><em>corpus</em></span> <span class='ocrx_word' id='word_1_676' title='bbox 2092 1759 2337 1810; x_wconf 90' lang='lat' dir='ltr'><em>superficiem</em></span> <span class='ocrx_word' id='word_1_677' title='bbox 2365 1761 2491 1797; x_wconf 88' lang='lat' dir='ltr'><em>habet.</em></span> 
     </span>
     <span class='ocr_line' id='line_1_93' title="bbox 1421 1813 2492 1864; baseline -0.002 -12"><span class='ocrx_word' id='word_1_678' title='bbox 1421 1815 1499 1852; x_wconf 89' lang='lat' dir='ltr'><em>Sed</em></span> <span class='ocrx_word' id='word_1_679' title='bbox 1519 1828 1637 1852; x_wconf 90' lang='lat' dir='ltr'><em>omne</em></span> <span class='ocrx_word' id='word_1_680' title='bbox 1658 1827 1797 1864; x_wconf 90' lang='lat' dir='ltr'><em>corpus</em></span> <span class='ocrx_word' id='word_1_681' title='bbox 1817 1814 2062 1864; x_wconf 89' lang='lat' dir='ltr'><em>superficiem</em></span> <span class='ocrx_word' id='word_1_682' title='bbox 2081 1814 2229 1851; x_wconf 90' lang='lat' dir='ltr'><em>habens</em></span> <span class='ocrx_word' id='word_1_683' title='bbox 2249 1821 2305 1851; x_wconf 89' lang='lat' dir='ltr'><em>est</em></span> <span class='ocrx_word' id='word_1_684' title='bbox 2322 1813 2492 1850; x_wconf 90' lang='lat' dir='ltr'><em>finitum:</em></span> 
     </span>
     <span class='ocr_line' id='line_1_94' title="bbox 1421 1864 2492 1918; baseline -0.004 -12"><span class='ocrx_word' id='word_1_685' title='bbox 1421 1869 1508 1918; x_wconf 87' lang='lat' dir='ltr'><em>quia</em></span> <span class='ocrx_word' id='word_1_686' title='bbox 1524 1869 1747 1918; x_wconf 90' lang='lat' dir='ltr'><em>superficies</em></span> <span class='ocrx_word' id='word_1_687' title='bbox 1763 1876 1819 1906; x_wconf 90' lang='lat' dir='ltr'><em>est</em></span> <span class='ocrx_word' id='word_1_688' title='bbox 1836 1868 2022 1905; x_wconf 90' lang='lat' dir='ltr'><em>terminus</em></span> <span class='ocrx_word' id='word_1_689' title='bbox 2043 1867 2214 1916; x_wconf 90' lang='lat' dir='ltr'><em>corporis</em></span> <span class='ocrx_word' id='word_1_690' title='bbox 2233 1866 2328 1904; x_wconf 90' lang='lat' dir='ltr'><em>finiti</em></span> <span class='ocrx_word' id='word_1_691' title='bbox 2345 1864 2368 1903; x_wconf 61' lang='grc' dir='ltr'><em>ὃ.</em></span> <span class='ocrx_word' id='word_1_692' title='bbox 2391 1867 2492 1914; x_wconf 91' lang='lat' dir='ltr'><em>Ergo</em></span> 
     </span>
     <span class='ocr_line' id='line_1_95' title="bbox 1421 1919 2493 1971; baseline -0.003 -12"><span class='ocrx_word' id='word_1_693' title='bbox 1421 1934 1538 1959; x_wconf 89' lang='lat' dir='ltr'><em>omne</em></span> <span class='ocrx_word' id='word_1_694' title='bbox 1559 1934 1699 1971; x_wconf 92' lang='lat' dir='ltr'><em>corpus</em></span> <span class='ocrx_word' id='word_1_695' title='bbox 1720 1929 1776 1959; x_wconf 90' lang='lat' dir='ltr'><em>est</em></span> <span class='ocrx_word' id='word_1_696' title='bbox 1798 1922 1962 1959; x_wconf 90' lang='lat' dir='ltr'><em>finitum.</em></span> <span class='ocrx_word' id='word_1_697' title='bbox 1993 1922 2042 1958; x_wconf 89' lang='lat' dir='ltr'><em>Et</em></span> <span class='ocrx_word' id='word_1_698' title='bbox 2061 1920 2233 1958; x_wconf 89' lang='lat' dir='ltr'><em>similiter</em></span> <span class='ocrx_word' id='word_1_699' title='bbox 2250 1926 2376 1970; x_wconf 85' lang='lat' dir='ltr'><em>potest</em></span> <span class='ocrx_word' id='word_1_700' title='bbox 2395 1919 2467 1957; x_wconf 91' lang='lat' dir='ltr'><em>dici</em></span> <span class='ocrx_word' id='word_1_701' title='bbox 2483 1925 2493 1939; x_wconf 77' lang='lat'>²</span> 
     </span>
     <span class='ocr_line' id='line_1_96' title="bbox 1422 1973 2493 2024; baseline -0.002 -12"><span class='ocrx_word' id='word_1_702' title='bbox 1422 1975 1468 2013; x_wconf 89' lang='lat' dir='ltr'><em>de</em></span> <span class='ocrx_word' id='word_1_703' title='bbox 1490 1975 1692 2024; x_wconf 89' lang='lat' dir='ltr'><em>superficie</em></span> <span class='ocrx_word' id='word_1_704' title='bbox 1714 1983 1750 2012; x_wconf 92' lang='lat' dir='ltr'><em>et</em></span> <span class='ocrx_word' id='word_1_705' title='bbox 1769 1974 1881 2012; x_wconf 86' lang='lat' dir='ltr'><em>linea.</em></span> <span class='ocrx_word' id='word_1_706' title='bbox 1912 1974 2016 2012; x_wconf 92' lang='lat' dir='ltr'><em>Nihil</em></span> <span class='ocrx_word' id='word_1_707' title='bbox 2037 1982 2092 2011; x_wconf 92' lang='lat' dir='ltr'><em>est</em></span> <span class='ocrx_word' id='word_1_708' title='bbox 2112 1986 2201 2022; x_wconf 89' lang='lat' dir='ltr'><em>ergo</em></span> <span class='ocrx_word' id='word_1_709' title='bbox 2226 1973 2416 2011; x_wconf 90' lang='lat' dir='ltr'><em>infinitum</em></span> <span class='ocrx_word' id='word_1_710' title='bbox 2436 1984 2493 2010; x_wconf 88' lang='lat' dir='ltr'><em>se-</em></span> 
     </span>
     <span class='ocr_line' id='line_1_97' title="bbox 1422 2028 1936 2077; baseline -0.002 -11"><span class='ocrx_word' id='word_1_711' title='bbox 1422 2029 1592 2066; x_wconf 90' lang='lat' dir='ltr'><em>cundum</em></span> <span class='ocrx_word' id='word_1_712' title='bbox 1620 2028 1936 2077; x_wconf 90' lang='lat' dir='ltr'><em>magnitudinem.</em></span> 
     </span>
    </p>

    <p class='ocr_par' dir='ltr' id='par_1_33' title="bbox 1422 2078 2497 2660">
     <span class='ocr_line' id='line_1_98' title="bbox 1477 2078 2494 2129; baseline -0.004 -10"><span class='ocrx_word' id='word_1_713' title='bbox 1477 2083 1704 2119; x_wconf 65' lang='lat' dir='ltr'><em>Responnsso</em></span> <span class='ocrx_word' id='word_1_714' title='bbox 1733 2094 1919 2119; x_wconf 72' lang='lat' dir='ltr'><em>Dici-:noum</em></span> <span class='ocrx_word' id='word_1_715' title='bbox 1948 2081 2055 2129; x_wconf 90' lang='lat' dir='ltr'><em>quod</em></span> <span class='ocrx_word' id='word_1_716' title='bbox 2084 2080 2185 2117; x_wconf 92' lang='lat' dir='ltr'><em>aliud</em></span> <span class='ocrx_word' id='word_1_717' title='bbox 2214 2087 2269 2116; x_wconf 90' lang='lat' dir='ltr'><em>est</em></span> <span class='ocrx_word' id='word_1_718' title='bbox 2298 2091 2380 2116; x_wconf 91' lang='lat' dir='ltr'><em>esse</em></span> <span class='ocrx_word' id='word_1_719' title='bbox 2410 2078 2494 2116; x_wconf 90' lang='lat' dir='ltr'><em>infi-</em></span> 
     </span>
     <span class='ocr_line' id='line_1_99' title="bbox 1422 2132 2493 2181; baseline -0.005 -8"><span class='ocrx_word' id='word_1_720' title='bbox 1422 2135 1544 2172; x_wconf 89' lang='lat' dir='ltr'><em>nitum</em></span> <span class='ocrx_word' id='word_1_721' title='bbox 1574 2135 1789 2172; x_wconf 90' lang='lat' dir='ltr'><em>secundum</em></span> <span class='ocrx_word' id='word_1_722' title='bbox 1819 2147 1928 2172; x_wconf 89' lang='lat' dir='ltr'><em>suam</em></span> <span class='ocrx_word' id='word_1_723' title='bbox 1954 2134 2169 2181; x_wconf 81' lang='lat' dir='ltr'><em>essentiam,</em></span> <span class='ocrx_word' id='word_1_724' title='bbox 2191 2142 2226 2170; x_wconf 90' lang='grc'><em>01</em></span> <span class='ocrx_word' id='word_1_725' title='bbox 2242 2133 2255 2159; x_wconf 59' lang='lat'><em>³</em></span> <span class='ocrx_word' id='word_1_726' title='bbox 2283 2132 2493 2170; x_wconf 91' lang='lat' dir='ltr'><em>secundum</em></span> 
     </span>
     <span class='ocr_line' id='line_1_100' title="bbox 1423 2185 2495 2237; baseline -0.003 -12"><span class='ocrx_word' id='word_1_727' title='bbox 1423 2188 1742 2237; x_wconf 89' lang='lat' dir='ltr'><em>magnitudinem.</em></span> <span class='ocrx_word' id='word_1_728' title='bbox 1782 2189 1882 2225; x_wconf 89' lang='lat' dir='ltr'><em>Dato</em></span> <span class='ocrx_word' id='word_1_729' title='bbox 1922 2187 2025 2224; x_wconf 90' lang='lat' dir='ltr'><em>enim</em></span> <span class='ocrx_word' id='word_1_730' title='bbox 2064 2186 2169 2236; x_wconf 91' lang='lat' dir='ltr'><em>quod</em></span> <span class='ocrx_word' id='word_1_731' title='bbox 2207 2194 2305 2223; x_wconf 91' lang='lat' dir='ltr'><em>esset</em></span> <span class='ocrx_word' id='word_1_732' title='bbox 2342 2185 2495 2234; x_wconf 90' lang='lat' dir='ltr'><em>aliquod</em></span> 
     </span>
     <span class='ocr_line' id='line_1_101' title="bbox 1424 2239 2496 2292; baseline -0.004 -13"><span class='ocrx_word' id='word_1_733' title='bbox 1424 2255 1563 2292; x_wconf 90' lang='lat' dir='ltr'><em>corpus</em></span> <span class='ocrx_word' id='word_1_734' title='bbox 1583 2241 1775 2279; x_wconf 89' lang='lat' dir='ltr'><em>infinitum</em></span> <span class='ocrx_word' id='word_1_735' title='bbox 1796 2241 2009 2278; x_wconf 89' lang='lat' dir='ltr'><em>secundum</em></span> <span class='ocrx_word' id='word_1_736' title='bbox 2029 2239 2344 2289; x_wconf 82' lang='lat' dir='ltr'><em>magnitudinem,</em></span> <span class='ocrx_word' id='word_1_737' title='bbox 2363 2246 2496 2288; x_wconf 91' lang='lat' dir='ltr'><em>utpote</em></span> 
     </span>
     <span class='ocr_line' id='line_1_102' title="bbox 1423 2292 2495 2344; baseline -0.004 -11"><span class='ocrx_word' id='word_1_738' title='bbox 1423 2295 1519 2344; x_wconf 87' lang='lat' dir='ltr'><em>ignis</em></span> <span class='ocrx_word' id='word_1_739' title='bbox 1547 2295 1610 2333; x_wconf 90' lang='lat' dir='ltr'><em>vel</em></span> <span class='ocrx_word' id='word_1_740' title='bbox 1642 2308 1718 2342; x_wconf 90' lang='lat' dir='ltr'><em>aer,</em></span> <span class='ocrx_word' id='word_1_741' title='bbox 1748 2307 1827 2337; x_wconf 85' lang='lat' dir='ltr'><em>non</em></span> <span class='ocrx_word' id='word_1_742' title='bbox 1856 2302 1987 2332; x_wconf 86' lang='lat' dir='ltr'><em>tamen</em></span> <span class='ocrx_word' id='word_1_743' title='bbox 2017 2302 2115 2331; x_wconf 86' lang='lat' dir='ltr'><em>esset</em></span> <span class='ocrx_word' id='word_1_744' title='bbox 2143 2292 2334 2330; x_wconf 91' lang='lat' dir='ltr'><em>infinitum</em></span> <span class='ocrx_word' id='word_1_745' title='bbox 2364 2304 2495 2329; x_wconf 90' lang='lat' dir='ltr'><em>secun-</em></span> 
     </span>
     <span class='ocr_line' id='line_1_103' title="bbox 1425 2346 2497 2397; baseline -0.004 -11"><span class='ocrx_word' id='word_1_746' title='bbox 1425 2349 1518 2386; x_wconf 89' lang='lat' dir='ltr'><em>dum</em></span> <span class='ocrx_word' id='word_1_747' title='bbox 1541 2349 1761 2386; x_wconf 85' lang='lat' dir='ltr'><em>essentiam:</em></span> <span class='ocrx_word' id='word_1_748' title='bbox 1792 2348 1880 2397; x_wconf 92' lang='lat' dir='ltr'><em>quia</em></span> <span class='ocrx_word' id='word_1_749' title='bbox 1901 2348 2063 2385; x_wconf 85' lang='lat' dir='ltr'><em>essentia</em></span> <span class='ocrx_word' id='word_1_750' title='bbox 2091 2359 2159 2383; x_wconf 91' lang='lat' dir='ltr'><em>sua</em></span> <span class='ocrx_word' id='word_1_751' title='bbox 2180 2354 2278 2383; x_wconf 90' lang='lat' dir='ltr'><em>esset</em></span> <span class='ocrx_word' id='word_1_752' title='bbox 2296 2346 2497 2383; x_wconf 87' lang='lat' dir='ltr'><em>terminata</em></span> 
     </span>
     <span class='ocr_line' id='line_1_104' title="bbox 1425 2398 2496 2452; baseline -0.005 -12"><span class='ocrx_word' id='word_1_753' title='bbox 1425 2402 1473 2440; x_wconf 90' lang='lat' dir='ltr'><em>ad</em></span> <span class='ocrx_word' id='word_1_754' title='bbox 1505 2402 1671 2452; x_wconf 90' lang='lat' dir='ltr'><em>aliquam</em></span> <span class='ocrx_word' id='word_1_755' title='bbox 1702 2402 1871 2451; x_wconf 89' lang='lat' dir='ltr'><em>speciem</em></span> <span class='ocrx_word' id='word_1_756' title='bbox 1898 2413 1968 2450; x_wconf 92' lang='lat' dir='ltr'><em>per</em></span> <span class='ocrx_word' id='word_1_757' title='bbox 1995 2401 2173 2448; x_wconf 86' lang='lat' dir='ltr'><em>formam,</em></span> <span class='ocrx_word' id='word_1_758' title='bbox 2202 2408 2238 2436; x_wconf 90' lang='lat' dir='ltr'><em>et</em></span> <span class='ocrx_word' id='word_1_759' title='bbox 2266 2399 2314 2436; x_wconf 91' lang='lat' dir='ltr'><em>ad</em></span> <span class='ocrx_word' id='word_1_760' title='bbox 2344 2398 2496 2448; x_wconf 88' lang='lat' dir='ltr'><em>aliquod</em></span> 
     </span>
     <span class='ocr_line' id='line_1_105' title="bbox 1425 2452 2496 2505; baseline -0.006 -12"><span class='ocrx_word' id='word_1_761' title='bbox 1425 2455 1667 2494; x_wconf 88' lang='lat' dir='ltr'><em>individuum</em></span> <span class='ocrx_word' id='word_1_762' title='bbox 1683 2467 1754 2505; x_wconf 89' lang='lat' dir='ltr'><em>per</em></span> <span class='ocrx_word' id='word_1_763' title='bbox 1769 2454 1979 2492; x_wconf 85' lang='lat' dir='ltr'><em>materiam.</em></span> <span class='ocrx_word' id='word_1_764' title='bbox 2001 2454 2051 2490; x_wconf 92' lang='lat' dir='ltr'><em>Et</em></span> <span class='ocrx_word' id='word_1_765' title='bbox 2064 2453 2165 2499; x_wconf 90' lang='lat' dir='ltr'><em>ideo,</em></span> <span class='ocrx_word' id='word_1_766' title='bbox 2182 2452 2311 2489; x_wconf 91' lang='lat' dir='ltr'><em>habito</em></span> <span class='ocrx_word' id='word_1_767' title='bbox 2329 2464 2374 2488; x_wconf 85' lang='lat' dir='ltr'><em>ex</em></span> <span class='ocrx_word' id='word_1_768' title='bbox 2388 2463 2496 2501; x_wconf 90' lang='lat' dir='ltr'><em>prae-</em></span> 
     </span>
     <span class='ocr_line' id='line_1_106' title="bbox 1425 2505 2495 2558; baseline -0.006 -11"><span class='ocrx_word' id='word_1_769' title='bbox 1425 2509 1550 2547; x_wconf 92' lang='lat' dir='ltr'><em>missis</em></span> <span class='ocrx_word' id='word_1_770' title='bbox 1565 2509 1585 2531; x_wconf 75' lang='grc'><strong>*</strong></span> <span class='ocrx_word' id='word_1_771' title='bbox 1605 2509 1710 2558; x_wconf 93' lang='lat' dir='ltr'><em>quod</em></span> <span class='ocrx_word' id='word_1_772' title='bbox 1730 2509 1833 2546; x_wconf 89' lang='lat' dir='ltr'><em>nulla</em></span> <span class='ocrx_word' id='word_1_773' title='bbox 1853 2515 2024 2544; x_wconf 86' lang='lat' dir='ltr'><em>creatura</em></span> <span class='ocrx_word' id='word_1_774' title='bbox 2043 2514 2099 2544; x_wconf 91' lang='lat' dir='ltr'><em>est</em></span> <span class='ocrx_word' id='word_1_775' title='bbox 2117 2506 2264 2543; x_wconf 90' lang='lat' dir='ltr'><em>infinita</em></span> <span class='ocrx_word' id='word_1_776' title='bbox 2283 2505 2495 2542; x_wconf 89' lang='lat' dir='ltr'><em>secundum</em></span> 
     </span>
     <span class='ocr_line' id='line_1_107' title="bbox 1427 2558 2497 2609; baseline -0.005 -9"><span class='ocrx_word' id='word_1_777' title='bbox 1427 2563 1653 2609; x_wconf 77' lang='lat' dir='ltr'><em>essentiam,</em></span> <span class='ocrx_word' id='word_1_778' title='bbox 1683 2561 1809 2599; x_wconf 92' lang='lat' dir='ltr'><em>adhuc</em></span> <span class='ocrx_word' id='word_1_779' title='bbox 1838 2568 1951 2598; x_wconf 90' lang='lat' dir='ltr'><em>restat</em></span> <span class='ocrx_word' id='word_1_780' title='bbox 1979 2559 2169 2608; x_wconf 88' lang='lat' dir='ltr'><em>inquirere</em></span> <span class='ocrx_word' id='word_1_781' title='bbox 2197 2567 2327 2596; x_wconf 88' lang='lat' dir='ltr'><em>utrum</em></span> <span class='ocrx_word' id='word_1_782' title='bbox 2356 2558 2497 2607; x_wconf 91' lang='lat' dir='ltr'><em>aliquid</em></span> 
     </span>
     <span class='ocr_line' id='line_1_108' title="bbox 1427 2611 2474 2660; baseline -0.005 -7"><span class='ocrx_word' id='word_1_783' title='bbox 1427 2624 1596 2653; x_wconf 88' lang='lat' dir='ltr'><em>creatum</em></span> <span class='ocrx_word' id='word_1_784' title='bbox 1625 2615 1671 2652; x_wconf 89' lang='lat' dir='ltr'><em>sit</em></span> <span class='ocrx_word' id='word_1_785' title='bbox 1698 2614 1889 2652; x_wconf 91' lang='lat' dir='ltr'><em>infinitum</em></span> <span class='ocrx_word' id='word_1_786' title='bbox 1918 2613 2132 2650; x_wconf 91' lang='lat' dir='ltr'><em>secundum</em></span> <span class='ocrx_word' id='word_1_787' title='bbox 2160 2611 2474 2660; x_wconf 89' lang='lat' dir='ltr'><em>magnitudinem.</em></span> 
     </span>
    </p>

    <p class='ocr_par' dir='ltr' id='par_1_34' title="bbox 1425 2665 2498 3466">
     <span class='ocr_line' id='line_1_109' title="bbox 1481 2665 2497 2715; baseline -0.006 -8"><span class='ocrx_word' id='word_1_788' title='bbox 1481 2669 1690 2706; x_wconf 89' lang='lat' dir='ltr'><em>Sciendum</em></span> <span class='ocrx_word' id='word_1_789' title='bbox 1721 2675 1776 2704; x_wconf 92' lang='lat' dir='ltr'><em>est</em></span> <span class='ocrx_word' id='word_1_790' title='bbox 1812 2667 1924 2715; x_wconf 89' lang='lat' dir='ltr'><em>igitur</em></span> <span class='ocrx_word' id='word_1_791' title='bbox 1960 2666 2067 2715; x_wconf 92' lang='lat' dir='ltr'><em>quod</em></span> <span class='ocrx_word' id='word_1_792' title='bbox 2105 2678 2266 2715; x_wconf 91' lang='lat' dir='ltr'><em>corpus,</em></span> <span class='ocrx_word' id='word_1_793' title='bbox 2305 2665 2411 2714; x_wconf 92' lang='lat' dir='ltr'><em>quod</em></span> <span class='ocrx_word' id='word_1_794' title='bbox 2442 2672 2497 2701; x_wconf 87' lang='lat' dir='ltr'><em>est</em></span> 
     </span>
     <span class='ocr_line' id='line_1_110' title="bbox 1426 2718 2497 2772; baseline -0.006 -12"><span class='ocrx_word' id='word_1_795' title='bbox 1426 2722 1648 2772; x_wconf 87' lang='lat' dir='ltr'><em>magnitudo</em></span> <span class='ocrx_word' id='word_1_796' title='bbox 1679 2721 1889 2770; x_wconf 88' lang='lat' dir='ltr'><em>completa,</em></span> <span class='ocrx_word' id='word_1_797' title='bbox 1921 2719 2118 2769; x_wconf 89' lang='lat' dir='ltr'><em>dupliciter</em></span> <span class='ocrx_word' id='word_1_798' title='bbox 2145 2719 2328 2756; x_wconf 87' lang='lat' dir='ltr'><em>sumitur.</em></span> <span class='ocrx_word' id='word_1_799' title='bbox 2358 2718 2497 2755; x_wconf 91' lang='lat' dir='ltr'><em>scilicet</em></span> 
     </span>
     <span class='ocr_line' id='line_1_111' title="bbox 1426 2771 2496 2822; baseline -0.007 -8"><span class='ocrx_word' id='word_1_800' title='bbox 1426 2775 1707 2822; x_wconf 87' lang='lat' dir='ltr'><em>mathematice,</em></span> <span class='ocrx_word' id='word_1_801' title='bbox 1737 2773 1952 2811; x_wconf 91' lang='lat' dir='ltr'><em>secundum</em></span> <span class='ocrx_word' id='word_1_802' title='bbox 1976 2773 2082 2822; x_wconf 92' lang='lat' dir='ltr'><em>quod</em></span> <span class='ocrx_word' id='word_1_803' title='bbox 2102 2772 2364 2810; x_wconf 90' lang='lat' dir='ltr'><em>consideratur</em></span> <span class='ocrx_word' id='word_1_804' title='bbox 2391 2771 2430 2808; x_wconf 91' lang='lat' dir='ltr'><em>in</em></span> <span class='ocrx_word' id='word_1_805' title='bbox 2451 2783 2496 2807; x_wconf 90' lang='lat' dir='ltr'><em>eo</em></span> 
     </span>
     <span class='ocr_line' id='line_1_112' title="bbox 1426 2824 2497 2877; baseline -0.006 -10"><span class='ocrx_word' id='word_1_806' title='bbox 1426 2830 1508 2867; x_wconf 91' lang='lat' dir='ltr'><em>sola</em></span> <span class='ocrx_word' id='word_1_807' title='bbox 1541 2828 1751 2877; x_wconf 90' lang='lat' dir='ltr'><em>quantitas·</em></span> <span class='ocrx_word' id='word_1_808' title='bbox 1743 2857 1752 2874; x_wconf 92' lang='lat'><em>,</em></span> <span class='ocrx_word' id='word_1_809' title='bbox 1790 2835 1828 2864; x_wconf 93' lang='lat' dir='ltr'><em>et</em></span> <span class='ocrx_word' id='word_1_810' title='bbox 1863 2826 2102 2872; x_wconf 89' lang='lat' dir='ltr'><em>naturaliter,</em></span> <span class='ocrx_word' id='word_1_811' title='bbox 2141 2826 2355 2863; x_wconf 89' lang='lat' dir='ltr'><em>secundum</em></span> <span class='ocrx_word' id='word_1_812' title='bbox 2393 2824 2497 2873; x_wconf 92' lang='lat' dir='ltr'><em>quod</em></span> 
     </span>
     <span class='ocr_line' id='line_1_113' title="bbox 1427 2878 2498 2920; baseline -0.006 0"><span class='ocrx_word' id='word_1_813' title='bbox 1427 2883 1689 2920; x_wconf 89' lang='lat' dir='ltr'><em>consideratur</em></span> <span class='ocrx_word' id='word_1_814' title='bbox 1715 2881 1755 2918; x_wconf 92' lang='lat' dir='ltr'><em>in</em></span> <span class='ocrx_word' id='word_1_815' title='bbox 1774 2893 1821 2917; x_wconf 92' lang='lat' dir='ltr'><em>eo</em></span> <span class='ocrx_word' id='word_1_816' title='bbox 1851 2879 2012 2917; x_wconf 83' lang='lat' dir='ltr'><em>materia</em></span> <span class='ocrx_word' id='word_1_817' title='bbox 2039 2887 2077 2917; x_wconf 89' lang='lat' dir='ltr'><em>et</em></span> <span class='ocrx_word' id='word_1_818' title='bbox 2096 2880 2231 2916; x_wconf 88' lang='lat' dir='ltr'><em>forma.</em></span> <span class='ocrx_word' id='word_1_819' title='bbox 2261 2879 2311 2915; x_wconf 90' lang='lat' dir='ltr'><em>Et</em></span> <span class='ocrx_word' id='word_1_820' title='bbox 2339 2878 2387 2915; x_wconf 92' lang='lat' dir='ltr'><em>de</em></span> <span class='ocrx_word' id='word_1_821' title='bbox 2416 2890 2498 2914; x_wconf 94' lang='lat' dir='ltr'><em>cor-</em></span> 
     </span>
     <span class='ocr_line' id='line_1_114' title="bbox 1425 2931 2496 2986; baseline -0.007 -13"><span class='ocrx_word' id='word_1_822' title='bbox 1425 2949 1519 2986; x_wconf 93' lang='lat' dir='ltr'><em>pore</em></span> <span class='ocrx_word' id='word_1_823' title='bbox 1549 2935 1706 2985; x_wconf 90' lang='lat' dir='ltr'><em>quidem</em></span> <span class='ocrx_word' id='word_1_824' title='bbox 1734 2934 1906 2981; x_wconf 91' lang='lat' dir='ltr'><em>naturali,</em></span> <span class='ocrx_word' id='word_1_825' title='bbox 1937 2933 2042 2983; x_wconf 91' lang='lat' dir='ltr'><em>quod</em></span> <span class='ocrx_word' id='word_1_826' title='bbox 2070 2945 2150 2970; x_wconf 88' lang='lat' dir='ltr'><em>non</em></span> <span class='ocrx_word' id='word_1_827' title='bbox 2173 2931 2293 2981; x_wconf 91' lang='lat' dir='ltr'><em>possit</em></span> <span class='ocrx_word' id='word_1_828' title='bbox 2311 2943 2393 2968; x_wconf 90' lang='grc'><strong>0550</strong></span> <span class='ocrx_word' id='word_1_829' title='bbox 2414 2931 2496 2967; x_wconf 90' lang='lat' dir='ltr'><em>infi-</em></span> 
     </span>
     <span class='ocr_line' id='line_1_115' title="bbox 1427 2986 2495 3036; baseline -0.007 -10"><span class='ocrx_word' id='word_1_830' title='bbox 1427 2990 1548 3027; x_wconf 91' lang='lat' dir='ltr'><em>nitum</em></span> <span class='ocrx_word' id='word_1_831' title='bbox 1569 2989 1607 3025; x_wconf 91' lang='lat' dir='ltr'><em>in</em></span> <span class='ocrx_word' id='word_1_832' title='bbox 1627 2995 1725 3036; x_wconf 90' lang='lat' dir='ltr'><em>actu,</em></span> <span class='ocrx_word' id='word_1_833' title='bbox 1740 2987 1986 3025; x_wconf 85' lang='lat' dir='ltr'><em>manifestum</em></span> <span class='ocrx_word' id='word_1_834' title='bbox 2008 2994 2073 3023; x_wconf 91' lang='lat' dir='ltr'><em>est.</em></span> <span class='ocrx_word' id='word_1_835' title='bbox 2100 2986 2203 3022; x_wconf 92' lang='lat' dir='ltr'><em>Nam</em></span> <span class='ocrx_word' id='word_1_836' title='bbox 2224 2996 2341 3021; x_wconf 88' lang='lat' dir='ltr'><em>omne</em></span> <span class='ocrx_word' id='word_1_837' title='bbox 2357 2995 2495 3032; x_wconf 90' lang='lat' dir='ltr'><em>corpus</em></span> 
     </span>
     <span class='ocr_line' id='line_1_116' title="bbox 1427 3037 2497 3090; baseline -0.007 -10"><span class='ocrx_word' id='word_1_838' title='bbox 1427 3043 1596 3080; x_wconf 89' lang='lat' dir='ltr'><em>naturale</em></span> <span class='ocrx_word' id='word_1_839' title='bbox 1634 3041 1804 3090; x_wconf 89' lang='lat' dir='ltr'><em>aliquam</em></span> <span class='ocrx_word' id='word_1_840' title='bbox 1832 3041 2007 3078; x_wconf 85' lang='lat' dir='ltr'><em>formam</em></span> <span class='ocrx_word' id='word_1_841' title='bbox 2037 3038 2322 3076; x_wconf 87' lang='lat' dir='ltr'><em>substantialem</em></span> <span class='ocrx_word' id='word_1_842' title='bbox 2354 3037 2497 3074; x_wconf 81' lang='lat' dir='ltr'><em>habet&#39;¹</em></span> 
     </span>
     <span class='ocr_line' id='line_1_117' title="bbox 1428 3089 2494 3142; baseline -0.008 -8"><span class='ocrx_word' id='word_1_843' title='bbox 1428 3095 1741 3135; x_wconf 89' lang='lat' dir='ltr'><em>determinatam:</em></span> <span class='ocrx_word' id='word_1_844' title='bbox 1772 3106 1862 3131; x_wconf 91' lang='lat' dir='ltr'><em>cum</em></span> <span class='ocrx_word' id='word_1_845' title='bbox 1891 3093 2001 3142; x_wconf 91' lang='lat' dir='ltr'><em>igitur</em></span> <span class='ocrx_word' id='word_1_846' title='bbox 2020 3093 2069 3130; x_wconf 89' lang='lat' dir='ltr'><em>ad</em></span> <span class='ocrx_word' id='word_1_847' title='bbox 2087 3093 2252 3129; x_wconf 87' lang='lat' dir='ltr'><em>formam</em></span> <span class='ocrx_word' id='word_1_848' title='bbox 2272 3089 2494 3128; x_wconf 91' lang='lat' dir='ltr'><em>substantia-</em></span> 
     </span>
     <span class='ocr_line' id='line_1_118' title="bbox 1427 3143 2495 3197; baseline -0.007 -10"><span class='ocrx_word' id='word_1_849' title='bbox 1427 3151 1504 3187; x_wconf 91' lang='lat' dir='ltr'><em>lem</em></span> <span class='ocrx_word' id='word_1_850' title='bbox 1525 3154 1808 3197; x_wconf 89' lang='lat' dir='ltr'><em>consequantur</em></span> <span class='ocrx_word' id='word_1_851' title='bbox 1831 3146 2051 3193; x_wconf 74' lang='lat' dir='ltr'><em>accidenfia,</em></span> <span class='ocrx_word' id='word_1_852' title='bbox 2072 3157 2227 3182; x_wconf 91' lang='lat' dir='ltr'><em>necesse</em></span> <span class='ocrx_word' id='word_1_853' title='bbox 2247 3151 2304 3181; x_wconf 88' lang='lat' dir='ltr'><em>est</em></span> <span class='ocrx_word' id='word_1_854' title='bbox 2321 3143 2426 3192; x_wconf 92' lang='lat' dir='ltr'><em>quod</em></span> <span class='ocrx_word' id='word_1_855' title='bbox 2446 3143 2495 3180; x_wconf 90' lang='lat' dir='ltr'><em>ad</em></span> 
     </span>
     <span class='ocr_line' id='line_1_119' title="bbox 1428 3196 2496 3257; baseline -0.008 -17"><span class='ocrx_word' id='word_1_856' title='bbox 1428 3202 1720 3241; x_wconf 89' lang='lat' dir='ltr'><em>determinatam</em></span> <span class='ocrx_word' id='word_1_857' title='bbox 1749 3201 1915 3238; x_wconf 86' lang='lat' dir='ltr'><em>formam</em></span> <span class='ocrx_word' id='word_1_858' title='bbox 1946 3205 2227 3257; x_wconf 90' lang='lat' dir='ltr'><em>consequantur</em></span> <span class='ocrx_word' id='word_1_859' title='bbox 2246 3196 2496 3234; x_wconf 86' lang='lat' dir='ltr'><em>determinata</em></span> 
     </span>
     <span class='ocr_line' id='line_1_120' title="bbox 1427 3249 2496 3303; baseline -0.008 -9"><span class='ocrx_word' id='word_1_860' title='bbox 1427 3255 1655 3302; x_wconf 89' lang='lat' dir='ltr'><em>accidentia;</em></span> <span class='ocrx_word' id='word_1_861' title='bbox 1685 3255 1781 3292; x_wconf 89' lang='grc'><strong>111101</strong></span> <span class='ocrx_word' id='word_1_862' title='bbox 1799 3266 1897 3303; x_wconf 88' lang='lat' dir='ltr'><em>quae</em></span> <span class='ocrx_word' id='word_1_863' title='bbox 1927 3260 1983 3290; x_wconf 91' lang='lat' dir='ltr'><em>est</em></span> <span class='ocrx_word' id='word_1_864' title='bbox 2012 3251 2209 3302; x_wconf 85' lang='lat' dir='ltr'><em>quantitas.</em></span> <span class='ocrx_word' id='word_1_865' title='bbox 2239 3249 2351 3288; x_wconf 92' lang='lat' dir='ltr'><em>Unde</em></span> <span class='ocrx_word' id='word_1_866' title='bbox 2381 3261 2496 3286; x_wconf 89' lang='lat' dir='ltr'><em>omne</em></span> 
     </span>
     <span class='ocr_line' id='line_1_121' title="bbox 1428 3302 2496 3369; baseline -0.008 -22"><span class='ocrx_word' id='word_1_867' title='bbox 1428 3322 1566 3369; x_wconf 82' lang='lat' dir='ltr'><em>corpus</em></span> <span class='ocrx_word' id='word_1_868' title='bbox 1595 3308 1765 3345; x_wconf 85' lang='lat' dir='ltr'><em>naturale</em></span> <span class='ocrx_word' id='word_1_869' title='bbox 1793 3307 1909 3344; x_wconf 87' lang='lat' dir='ltr'><em>habet</em></span> <span class='ocrx_word' id='word_1_870' title='bbox 1933 3305 2222 3343; x_wconf 88' lang='lat' dir='ltr'><em>determinatam</em></span> <span class='ocrx_word' id='word_1_871' title='bbox 2249 3302 2496 3351; x_wconf 89' lang='lat' dir='ltr'><em>quantitatem</em></span> 
     </span>
     <span class='ocr_line' id='line_1_122' title="bbox 1428 3355 2495 3406; baseline -0.009 -6"><span class='ocrx_word' id='word_1_872' title='bbox 1428 3372 1463 3400; x_wconf 90' lang='lat' dir='ltr'><em>et</em></span> <span class='ocrx_word' id='word_1_873' title='bbox 1482 3364 1520 3400; x_wconf 91' lang='lat' dir='ltr'><em>in</em></span> <span class='ocrx_word' id='word_1_874' title='bbox 1540 3362 1664 3399; x_wconf 86' lang='lat' dir='ltr'><em>maius</em></span> <span class='ocrx_word' id='word_1_875' title='bbox 1684 3368 1721 3398; x_wconf 90' lang='lat' dir='ltr'><em>et</em></span> <span class='ocrx_word' id='word_1_876' title='bbox 1743 3361 1783 3398; x_wconf 90' lang='lat' dir='ltr'><em>in</em></span> <span class='ocrx_word' id='word_1_877' title='bbox 1802 3361 1942 3397; x_wconf 88' lang='lat' dir='ltr'><em>minus.</em></span> <span class='ocrx_word' id='word_1_878' title='bbox 1973 3358 2083 3396; x_wconf 87' lang='lat' dir='ltr'><em>Unde</em></span> <span class='ocrx_word' id='word_1_879' title='bbox 2103 3356 2337 3406; x_wconf 90' lang='lat' dir='ltr'><em>impossibile</em></span> <span class='ocrx_word' id='word_1_880' title='bbox 2358 3363 2413 3393; x_wconf 90' lang='lat' dir='ltr'><em>est</em></span> <span class='ocrx_word' id='word_1_881' title='bbox 2432 3355 2495 3392; x_wconf 91' lang='lat' dir='ltr'><em>ali-</em></span> 
     </span>
     <span class='ocr_line' id='line_1_123' title="bbox 1427 3409 2495 3466; baseline -0.007 -13"><span class='ocrx_word' id='word_1_882' title='bbox 1427 3416 1531 3466; x_wconf 91' lang='lat' dir='ltr'><em>quod</em></span> <span class='ocrx_word' id='word_1_883' title='bbox 1552 3427 1690 3463; x_wconf 92' lang='lat' dir='ltr'><em>corpus</em></span> <span class='ocrx_word' id='word_1_884' title='bbox 1710 3414 1879 3451; x_wconf 90' lang='lat' dir='ltr'><em>naturale</em></span> <span class='ocrx_word' id='word_1_885' title='bbox 1904 3412 2094 3449; x_wconf 90' lang='lat' dir='ltr'><em>infinitum</em></span> <span class='ocrx_word' id='word_1_886' title='bbox 2115 3422 2209 3447; x_wconf 90' lang='lat' dir='ltr'><em>esse.</em></span> <span class='ocrx_word' id='word_1_887' title='bbox 2230 3430 2254 3437; x_wconf 99' lang='lat'><em>-</em></span> <span class='ocrx_word' id='word_1_888' title='bbox 2276 3410 2362 3446; x_wconf 91' lang='lat' dir='ltr'><em>Hoc</em></span> <span class='ocrx_word' id='word_1_889' title='bbox 2383 3409 2495 3446; x_wconf 89' lang='lat' dir='ltr'><em>etiarn</em></span> 
     </span>
    </p>
   </div>
   <div class='ocr_carea' id='block_1_27' title="bbox 1430 3525 2496 3664">
    <p class='ocr_par' dir='ltr' id='par_1_35' title="bbox 1482 3525 2028 3564">
     <span class='ocr_line' id='line_1_124' title="bbox 1482 3525 2028 3564; baseline -0.011 -9"><span class='ocrx_word' id='word_1_890' title='bbox 1482 3532 1502 3564; x_wconf 83' lang='grc' dir='ltr'><em>ε)</em></span> <span class='ocrx_word' id='word_1_891' title='bbox 1524 3530 1583 3555; x_wconf 80' lang='lat' dir='ltr'><em>dici.</em></span> <span class='ocrx_word' id='word_1_892' title='bbox 1602 3543 1620 3550; x_wconf 85' lang='lat'><em>—-</em></span> <span class='ocrx_word' id='word_1_893' title='bbox 1638 3529 1716 3555; x_wconf 84' lang='lat' dir='ltr'><em>obiici</em></span> <span class='ocrx_word' id='word_1_894' title='bbox 1735 3529 1837 3554; x_wconf 91' lang='lat' dir='ltr'><em>codices</em></span> <span class='ocrx_word' id='word_1_895' title='bbox 1857 3533 1882 3552; x_wconf 91' lang='lat' dir='ltr'><em>et</em></span> <span class='ocrx_word' id='word_1_896' title='bbox 1901 3527 1958 3551; x_wconf 89' lang='lat' dir='ltr'><em>edd.</em></span> <span class='ocrx_word' id='word_1_897' title='bbox 1977 3525 2028 3550; x_wconf 79' lang='lat' dir='ltr'><em>ab.</em></span> 
     </span>
    </p>

    <p class='ocr_par' dir='ltr' id='par_1_36' title="bbox 1481 3565 1782 3599">
     <span class='ocr_line' id='line_1_125' title="bbox 1481 3565 1782 3599; baseline -0.01 -7"><span class='ocrx_word' id='word_1_898' title='bbox 1481 3567 1506 3599; x_wconf 87' lang='grc' dir='ltr'><em>ζ)</em></span> <span class='ocrx_word' id='word_1_899' title='bbox 1525 3569 1560 3591; x_wconf 84' lang='lat' dir='ltr'><em>et.</em></span> <span class='ocrx_word' id='word_1_900' title='bbox 1578 3579 1597 3584; x_wconf 93' lang='lat'>—</span> <span class='ocrx_word' id='word_1_901' title='bbox 1615 3567 1642 3590; x_wconf 82' lang='lat' dir='ltr'><em>et</em></span> <span class='ocrx_word' id='word_1_902' title='bbox 1659 3565 1735 3590; x_wconf 77' lang='lat' dir='ltr'><em>aliud</em></span> <span class='ocrx_word' id='word_1_903' title='bbox 1753 3565 1782 3589; x_wconf 93' lang='grc' dir='ltr'><em>Ρ.</em></span> 
     </span>
    </p>

    <p class='ocr_par' dir='ltr' id='par_1_37' title="bbox 1430 3593 2496 3664">
     <span class='ocr_line' id='line_1_126' title="bbox 1482 3593 2496 3634; baseline -0.011 -7"><span class='ocrx_word' id='word_1_904' title='bbox 1482 3602 1509 3634; x_wconf 90' lang='grc' dir='ltr'><em>η)</em></span> <span class='ocrx_word' id='word_1_905' title='bbox 1528 3601 1646 3633; x_wconf 83' lang='lat' dir='ltr'><em>aliquam</em></span> <span class='ocrx_word' id='word_1_906' title='bbox 1659 3600 1781 3634; x_wconf 80' lang='lat' dir='ltr'><em>sormam</em></span> <span class='ocrx_word' id='word_1_907' title='bbox 1801 3597 2001 3624; x_wconf 83' lang='lat' dir='ltr'><em>substantialem</em></span> <span class='ocrx_word' id='word_1_908' title='bbox 2018 3595 2136 3622; x_wconf 83' lang='lat' dir='ltr'><em>habet.-</em></span> <span class='ocrx_word' id='word_1_909' title='bbox 2150 3595 2267 3627; x_wconf 83' lang='lat' dir='ltr'><em>aliquam</em></span> <span class='ocrx_word' id='word_1_910' title='bbox 2281 3595 2401 3628; x_wconf 81' lang='lat' dir='ltr'><em>formam</em></span> <span class='ocrx_word' id='word_1_911' title='bbox 2420 3593 2496 3618; x_wconf 84' lang='lat' dir='ltr'><em>habet</em></span> 
     </span>
     <span class='ocr_line' id='line_1_127' title="bbox 1430 3636 1723 3664; baseline -0.018 0"><span class='ocrx_word' id='word_1_912' title='bbox 1430 3639 1531 3664; x_wconf 89' lang='lat' dir='ltr'><em>codices</em></span> <span class='ocrx_word' id='word_1_913' title='bbox 1551 3642 1576 3661; x_wconf 87' lang='lat' dir='ltr'><em>et</em></span> <span class='ocrx_word' id='word_1_914' title='bbox 1595 3636 1652 3661; x_wconf 84' lang='lat' dir='ltr'><em>edd.</em></span> <span class='ocrx_word' id='word_1_915' title='bbox 1671 3636 1723 3660; x_wconf 82' lang='lat' dir='ltr'><em>ab.</em></span> 
     </span>
    </p>
   </div>
   <div class='ocr_carea' id='block_1_28' title="bbox 2518 1160 2683 1187">
    <p class='ocr_par' dir='ltr' id='par_1_38' title="bbox 2518 1160 2683 1187">
     <span class='ocr_line' id='line_1_128' title="bbox 2518 1160 2683 1187; baseline -0.006 -6"><span class='ocrx_word' id='word_1_916' title='bbox 2518 1160 2527 1170; x_wconf 79' lang='lat'>⁸</span> <span class='ocrx_word' id='word_1_917' title='bbox 2542 1160 2594 1181; x_wconf 80' lang='lat' dir='ltr'><em>Art.</em></span> <span class='ocrx_word' id='word_1_918' title='bbox 2606 1165 2683 1187; x_wconf 84' lang='lat' dir='ltr'><em>praec.</em></span> 
     </span>
    </p>
   </div>
   <div class='ocr_carea' id='block_1_29' title="bbox 2518 1244 2628 1271">
    <p class='ocr_par' dir='ltr' id='par_1_39' title="bbox 2518 1244 2628 1271">
     <span class='ocr_line' id='line_1_129' title="bbox 2518 1244 2628 1271; baseline -0.009 -6"><span class='ocrx_word' id='word_1_919' title='bbox 2518 1245 2528 1255; x_wconf 76' lang='lat'><em>&#39;¹</em></span> <span class='ocrx_word' id='word_1_920' title='bbox 2545 1244 2592 1271; x_wconf 91' lang='lat' dir='ltr'><em>Qu.</em></span> <span class='ocrx_word' id='word_1_921' title='bbox 2605 1249 2628 1264; x_wconf 85' lang='lat'><em>1..</em></span> 
     </span>
    </p>
   </div>
   <div class='ocr_carea' id='block_1_30' title="bbox 2525 2509 2688 2536">
    <p class='ocr_par' dir='ltr' id='par_1_40' title="bbox 2525 2509 2688 2536">
     <span class='ocr_line' id='line_1_130' title="bbox 2525 2509 2688 2536; baseline 0 -6"><span class='ocrx_word' id='word_1_922' title='bbox 2525 2510 2533 2518; x_wconf 90' lang='grc'><strong>”</strong></span> <span class='ocrx_word' id='word_1_923' title='bbox 2548 2509 2599 2530; x_wconf 88' lang='lat' dir='ltr'><em>Art.</em></span> <span class='ocrx_word' id='word_1_924' title='bbox 2611 2514 2688 2536; x_wconf 84' lang='lat' dir='ltr'><em>praec.</em></span> 
     </span>
    </p>
   </div>
  </div>
 </body>
</html>
