2768 4178
963 240 1232 287 QUAESTIO
1261 241 1367 288 VIII,
1397 242 1694 280 ARTICULUS
1726 246 1774 281 III

263 331 335 369 per
363 319 568 356 essentiam
598 326 635 356 et
661 318 930 368 praesentiam.
968 319 1219 368 Superfluum
1249 331 1338 368 ergo

124 376 140 405 ζ
265 373 332 410 fuit
359 373 486 410 dicere
515 374 622 421 quod
657 374 764 410 Deus
791 372 838 409 sit
863 371 876 398 t
899 372 939 409 in
968 372 1084 409 rebus
1111 384 1182 421 per
1211 384 1338 410 essen-

0 430 9 485 i
265 426 370 475 tiam,
399 426 659 476 praesentiam
683 433 724 463 'et
749 425 974 476 potentiam.

0 486 5 531 f
323 481 358 517 3.
389 480 623 528 Puni-snm,
653 479 749 517 sieut
775 480 883 516 Deus
912 486 968 516 est
994 478 1226 528 principium
1256 492 1338 516 om-

267 533 376 570 niurn
404 545 535 571 rerum
560 545 631 582 per
658 544 771 570 suam
798 533 1023 582 potentiam,
1052 532 1104 570 ita
1130 545 1201 581 per
1219 533 1341 570 scien-

267 586 360 624 tiam
389 594 426 624 et
451 587 704 625 voluntatem.
735 586 814 624 Sed
842 599 922 623 non
951 586 1086 623 dicitur
1105 587 1240 623 Deus*
1257 599 1339 623 esse

266 640 307 692 in
334 641 449 678 rebus
476 652 547 690 per
573 638 771 692 scientiam
798 647 835 677 et
851 640 1105 677 voluntatem.
1136 640 1239 688 Ergo
1270 652 1340 678 nec

265 706 339 742 per
361 693 586 743 potentiam.

317 758 356 794 4.
386 747 622 794 PRAETEREA,
648 745 745 783 sicut
771 745 890 794 gratia
919 753 976 783 est
995 745 1190 805 quaedam
1215 732 1339 796 perfe-

265 799 340 837 ctio
368 799 615 849 superaddita
643 799 876 836 substantiae
896 799 971 848 rei,
1000 799 1052 836 ita
1080 800 1223 837 multae
1251 807 1340 837 sunt

263 852 360 890 aliae
388 853 642 903 perfectiones
670 853 950 902 superadditae.
982 852 1022 890 Si
1049 865 1139 901 ergo
1159 854 1265 890 Deus
1285 853 1340 891 di-

264 906 360 957 citur
389 918 472 944 esse
500 906 655 956 speciali
683 907 804 944 modo
833 906 872 944 in
901 906 1133 957 quibusdam
1159 919 1230 956 per
1257 919 1338 955 gra-

263 960 378 1008 tiam,
406 960 559 998 videtur
591 959 697 1010 quod
730 961 946 998 secundum
979 960 1190 1010 quamlibet
1216 961 1339 1010 perfe-

263 1013 432 1052 ctionem
460 1014 599 1053 debeat
625 1012 639 1035 ⁰
667 1014 788 1064 accipi
815 1012 988 1064 specialis
1020 1014 1160 1052 modus
1189 1014 1340 1052 essendi

263 1069 395 1106 Deum
422 1068 463 1105 in
491 1069 617 1106 rebus.

319 1122 394 1159 SED
424 1133 572 1159 CONTRA
604 1133 671 1159 EST
704 1122 812 1170 quod
841 1120 1048 1170 Gregorius
1077 1121 1186 1168 dicit,
1225 1133 1341 1171 super

108 1180 123 1195 ·'
150 1188 236 1232 'a'
269 1175 378 1213 Cant.
404 1176 576 1213 Cantic.
595 1174 631 1223 *,
661 1175 767 1224 quod
794 1176 901 1212 Deus
928 1175 1123 1211 communi
1144 1174 1257 1211 modo
1286 1180 1342 1211 est

90 1239 242 1286 αὔξῃ
263 1228 303 1266 in
308 1229 501 1277 omnibus
525 1229 637 1266 rebus
658 1228 889 1278 praesentia,
912 1227 1082 1276 potentia
1110 1233 1146 1264 et
1170 1227 1340 1265 substan-

59 1273 79 1287 ’
78 1289 237 1343 ‚mus
247 1272 334 1325 iia:
354 1288 480 1320 tamen
490 1282 693 1331 familiari
708 1281 821 1318 modo
840 1281 978 1318 dicitur
1000 1292 1079 1318 esse
1097 1280 1134 1317 in
1154 1279 1341 1329 aliquibus

51 1371 53 1374 Α
89 1348 236 1371 mun-n
258 1346 332 1386 per
357 1336 539 1386 gratiam.

45 1396 54 1410 ⁷
319 1390 548 1428 Respounzo
577 1399 763 1426 mci-:unum
792 1387 899 1436 quod
918 1387 1026 1424 Deus
1047 1386 1182 1424 dicitur
1201 1398 1284 1424 esse
1303 1387 1342 1424 in

265 1454 314 1484 re
325 1442 453 1492 aliqua
472 1436 683 1492 dupliciter.
713 1441 802 1478 Uno
823 1440 957 1488 modo,
977 1452 1048 1490 per
1069 1440 1233 1478 modurn
1255 1453 1342 1478 cau-

121 1508 137 1526 ·
265 1498 331 1535 sae
349 1495 517 1545 agentis:
549 1503 585 1532 et
613 1494 668 1532 sic
696 1502 753 1532 est
771 1494 810 1532 in
830 1493 1010 1532 omnibus
1039 1495 1154 1532 rebus
1179 1495 1342 1532 creatis

265 1548 315 1590 ab
342 1550 440 1600 ipso.
478 1549 566 1587 Alio
595 1548 728 1597 modo,
758 1548 856 1586 sicut
884 1548 1080 1586 obiectum
1096 1548 1342 1608 operationis

265 1611 323 1642 est
349 1603 389 1641 in
417 1610 622 1664 operante:
652 1602 760 1652 quod
787 1602 991 1652 proprium
1021 1609 1077 1639 est
1094 1601 1134 1639 in
1154 1602 1343 1661 operatio-

265 1657 378 1696 nibus
406 1657 580 1706 animae,
609 1655 826 1694 secundum
858 1656 966 1705 quod
994 1655 1190 1704 cognitum
1219 1663 1276 1693 est
1303 1656 1342 1693 in

264 1718 533 1761 cognoscente,
564 1717 601 1748 et
629 1710 889 1748 desideratum
910 1709 949 1746 in
970 1708 1223 1747 desiderante.
1254 1710 1342 1746 Hoc

263 1764 377 1814 igitur
403 1764 575 1803 secundo
604 1763 739 1812 modo,
768 1764 876 1801 Deus
905 1762 1118 1812 specialiter
1147 1770 1204 1800 est
1227 1763 1266 1800 in
1286 1775 1341 1800 ra-

60 1819 62 1822 ’
119 1823 140 1850 λ
263 1818 395 1858 tionali
423 1826 614 1866 creatura,
644 1829 743 1867 quae
773 1817 970 1866 cognoscit
998 1824 1034 1854 et
1062 1816 1180 1865 diligit
1204 1816 1310 1854 illum
1329 1814 1342 1837 λ

40 1917 44 1920 Α
117 1911 121 1914 ,
265 1879 352 1910 actu
387 1874 451 1910 vel
487 1871 631 1909 habitu.
671 1871 721 1908 Et
757 1871 847 1920 quia
888 1871 964 1907 hoc
996 1871 1113 1907 habet
1149 1870 1342 1907 rationalis

41 1942 107 1970 «⁶.
122 1926 237 1968 ,nih-sis:
265 1933 438 1964 creatura
474 1938 544 1975 per
576 1924 758 1974 gratiam,
787 1932 829 1961 ut
858 1924 955 1971 infra
982 1923 1126 1973 patebit
1143 1923 1176 1972 ¹¹⁸,
1207 1923 1343 1961 dicitur

46 1983 48 1986 ⁴
75 1973 124 1999 ι’·
265 1990 348 2018 esse
377 1980 454 2017 hoe
481 1978 602 2016 modo
631 1978 671 2015 in
699 1977 838 2016 sanctis
864 1989 936 2027 per
963 1977 1134 2026 gratiam.

319 2035 364 2072 In
383 2033 497 2070 rebus
516 2044 612 2070 vero
632 2031 712 2069 aliis
731 2032 780 2069 ab
799 2031 884 2081 ipso
905 2031 1039 2068 creatis
1059 2029 1261 2080 quomodo
1282 2030 1340 2078 sit,

265 2086 591 2126 considerandum
615 2093 673 2123 est
692 2097 739 2122 ex
757 2085 816 2122 his
839 2096 940 2134 quae
964 2084 1005 2123 in
1023 2085 1138 2122 rebus
1161 2082 1341 2120 humanis

47 1755 60 1789 Ι·
108 1754 238 1774 marist*

124 2152 144 2179 ι*
266 2154 350 2179 esse
378 2147 398 2168 Ι·
427 2139 616 2178 dicuntur.
655 2140 739 2176 Rex
767 2138 870 2175 enirn
902 2137 1037 2174 dicitur
1071 2149 1154 2175 esse
1193 2137 1231 2174 in
1259 2145 1340 2174 toto

125 2206 139 2223 v
266 2206 386 2244 regno
405 2199 504 2231 suo·
518 2205 588 2242 per
607 2204 719 2229 suam
738 2191 962 2241 potentiam,
983 2191 1070 2228 licet
1089 2202 1169 2228 non
1193 2190 1240 2227 sit
1258 2190 1341 2227 ubi-

265 2256 342 2298 que
365 2258 559 2297 praesens
581 2246 656 2283 Per
674 2244 931 2295 praesentiam
948 2256 1043 2282 vero
1064 2256 1186 2292 suam,
1209 2243 1342 2281 dicitur

122 2301 137 2334 Ε
267 2299 411 2352 aliquid
424 2297 438 2324 ε
458 2312 540 2338 esse
560 2299 599 2337 in
619 2298 799 2337 omnibus
819 2310 918 2348 quae
938 2297 978 2335 in
995 2305 1204 2347 prospectu
1223 2297 1342 2346 ipsius

267 2363 376 2402 sunt;
405 2355 502 2392 sicut
529 2353 662 2391 omnia
685 2365 785 2401 quae
809 2359 897 2389 sunt
915 2351 956 2388 in
974 2351 1103 2400 aliqua
1132 2352 1264 2398 domo,
1287 2350 1340 2388 di-

124 2417 140 2436 0
268 2416 404 2446 cuntur
428 2413 543 2445 esse⁶
563 2406 777 2456 praesentia
796 2405 916 2464 alicui,
947 2405 1012 2454 qui
1036 2412 1167 2442 tamen
1186 2417 1266 2442 non
1287 2412 1343 2441 est

267 2462 482 2500 secundum
502 2460 753 2498 substantiam
773 2471 884 2496 suam
904 2459 943 2495 in
963 2459 1132 2507 qualibet
1150 2466 1258 2507 parte
1273 2458 1341 2495 do-

267 2528 367 2555 mus·
399 2515 622 2553 Secundum
645 2525 740 2551 vero
765 2512 1015 2550 substantiam
1035 2513 1098 2549 vel
1123 2512 1340 2559 essentiam,

268 2570 404 2608 dicitur
431 2568 574 2618 aliquid
605 2580 687 2605 esse
707 2567 746 2604 in
765 2567 852 2603 loco
873 2566 911 2603 in
932 2579 1009 2615 quo
1031 2566 1113 2603 eius
1133 2565 1341 2604 substantia

267 2624 493 2713 hagztgunt
522 2686 613 2722 ergo
643 2673 772 2722 aliqui,
793 2672 932 2710 scilicet
951 2672 1181 2720 Manichaei,
1202 2672 1267 2723 qui
1288 2672 1341 2709 di-

124 2736 145 2753 ’'
268 2737 407 2767 xerunt
427 2728 580 2766 divinae
607 2726 787 2776 potestati
805 2726 976 2764 subiecta
995 2726 1202 2776 spiritualia
1222 2738 1304 2763 esse
1323 2731 1342 2747 π

269 2791 308 2820 et
326 2781 604 2832 incorporalia:
634 2779 796 2818 visibilia
822 2791 918 2817 vero
948 2787 984 2817 et
1013 2780 1226 2829 corporalia
1254 2779 1342 2816 sub-

268 2837 366 2885 iecta
400 2848 482 2873 esse
521 2835 699 2872 dicebant
730 2833 907 2883 potestati
941 2833 1115 2883 principii
1151 2832 1339 2870 contrarii.

37 2984 57 3019 s*
88 2979 144 3020 3³3,
159 2984 180 3003 ’ἶ
196 3005 197 3009 ,
276 3002 280 3007 ,
322 2983 350 3018 ζ)
368 2986 412 3011 sit.
430 2998 449 3004 —
467 2988 536 3011 esset
554 2984 677 3010 ABCDE.

322 3021 351 3054 η)
370 3021 453 3047 Deus.
471 3034 490 3040 -
509 3021 572 3045 Om.
584 3020 707 3046 ABCDE.

324 3054 350 3089 θ)
369 3056 471 3081 debeat.
488 3070 508 3076 -
527 3056 603 3081 debet
621 3054 742 3080 ABCDE.

326 3091 344 3124 ι)
366 3091 469 3117 Cantic.
486 3105 506 3110 —
524 3092 586 3117 Om.
601 3091 724 3116 ABCDE.

325 3127 352 3159 κ)
369 3127 478 3152 creatis.
495 3140 515 3146 -·
531 3126 649 3152 causatis
667 3126 721 3151 FG.
740 3140 759 3145 —
778 3126 843 3150 Post
859 3125 921 3150 Alio
939 3126 960 3150 B
979 3125 1050 3150 addit
1067 3131 1140 3150 vero.

323 3161 353 3195 λ)
374 3161 456 3187 illum.
474 3175 493 3181 —
511 3161 598 3194 ipsum
618 3161 763 3186 ABCDEF.

273 3197 440 3293 ΑΒὲἰέκῖε
443 3197 663 3259 -εῗϋῖεῗξαῗξ
677 3196 856 3266 edidaeraslicam
870 3231 1023 3264 potentiam
1042 3236 1101 3256 ante
1120 3231 1147 3256 in
1167 3234 1223 3256 toto
1243 3236 1344 3264 ponunt

328 3302 351 3335 ξ)
371 3302 482 3335 aliquid.
500 3315 520 3323 -·
537 3303 634 3336 aliquis
653 3304 698 3328 sB.

328 3339 355 3371 ο)
373 3345 438 3364 esse.
456 3351 476 3357 —-
494 3338 558 3364 Om.
569 3338 692 3364 ABCDE.

328 3374 357 3407 π)
376 3373 531 3406 spiritualia
549 3380 613 3399 esse.
630 3387 650 3394 —·
666 3381 723 3400 esse
741 3365 895 3407 spiritualia
916 3372 1027 3398 codices.
1045 3387 1064 3392 -
1083 3372 1134 3397 Pro
1153 3372 1343 3405 incorporalia,

275 3409 491 3441 incorruptibilia
508 3407 672 3442 Acosffim
691 3417 739 3442 pro
756 3409 918 3442 corporalia,
937 3408 1124 3441 corruptibilia
1142 3407 1285 3440 ACDEsB·
1304 3409 1344 3441 ΡΒ

273 3453 328 3471 om.
347 3444 461 3470 visibilia
479 3451 542 3469 vero
560 3447 587 3470 et
603 3445 765 3477 corporalia.

2412 247 2460 294 87

1395 321 1540 359 Contra
1559 323 1631 359 hos
1650 329 1665 353 Ρ
1685 336 1774 372 ergo
1795 333 1945 373 oportet
1965 327 2090 364 dicere
2110 327 2215 377 quod
2234 329 2340 364 Deus
2360 328 2404 365 sit
2423 328 2461 365 in

1395 374 1575 412 omnibus
1608 387 1678 425 per
1710 378 1920 426 potentiam
1954 393 2075 418 suam.
2104 402 2128 408 -
2163 382 2333 418 Fuerunt
2365 393 2460 418 vero

1394 428 1473 476 alii,
1503 429 1569 477 qui
1596 429 1682 467 licet
1710 431 1908 468 crederent
1936 434 2067 471 omnia
2095 446 2177 471 esse
2210 434 2379 471 subiecta
2408 434 2461 472 di-

1394 481 1506 519 vinae
1533 483 1728 531 potentiae
1756 490 1768 504 ⁰
1781 492 1950 526 tamen
1980 486 2261 535 providentiam
2291 487 2459 525 divinam

1393 548 1516 584 usque
1545 536 1594 574 ad
1620 538 1717 575 haec
1744 527 1922 575 inferiora
1944 546 1959 560 τ
1988 552 2149 589 corpora
2176 553 2256 578 non
2285 541 2461 578 extende-

1395 588 1502 626 bant:
1533 601 1579 627 ex
1598 602 1766 640 quorum
1784 603 1950 641 persona
1970 593 2104 630 dicitur
2122 595 2192 631 Iob
2209 606 2282 631 xxti
2300 594 2338 616 ²⁸·
2329 594 2460 631 .circa

1394 643 1568 680 cardines
1595 643 1692 681 caeli
1711 645 1965 694 perambulat,
1995 658 2063 683 nec
2086 653 2214 684 nostra
2237 647 2458 685 considerat.

1394 696 1444 732 Et
1458 702 1471 716 ⁹
1492 704 1623 734 contra
1640 698 1713 735 hos
1736 698 1905 747 oportuit
1929 699 2054 736 dicere
2083 701 2193 748 quod·
2216 700 2319 738 sitin
2338 700 2460 738 omni-

1394 749 1466 786 bus
1493 762 1563 799 per
1590 763 1702 788 suam
1728 752 1995 812 praesentiam.
2015 774 2039 780 -
2069 754 2236 790 Fuerunt
2262 766 2357 791 vero
2386 753 2460 801 alii,

1394 802 1460 863 qui
1478 803 1566 841 licet
1583 804 1753 842 dicerent
1771 805 1902 843 omnia
1921 806 1971 843 ad
1985 806 2059 842 Dei
2077 806 2358 866 providentiam
2376 819 2461 855 per-

1393 856 1513 894 tinere
1531 862 1564 902 P,
1594 865 1724 895 tamen
1751 866 1964 908 posuerunt
1991 859 2121 896 omnia
2143 871 2222 897 non
2241 859 2461 898 immediate

1395 922 1478 947 esse
1507 922 1530 947 a
1556 912 1642 948 Deo
1672 919 1815 949 creata:
1844 912 1913 949 sed
1942 912 2047 962 quod
2075 912 2296 950 immediate
2320 913 2463 950 creavit

1393 963 1538 1013 primas
1571 971 1782 1013 creaturas,
1812 973 1848 1002 et
1875 965 1959 1003 illae
1988 974 2214 1004 creaverunt
2241 966 2342 1004 alias.
2373 967 2422 1004 Et
2444 971 2463 993 χ

1394 1025 1526 1054 contra
1557 1018 1629 1055 hos
1663 1026 1814 1067 oportet
1842 1018 1967 1056 dicere
2002 1020 2108 1067 quod
2143 1019 2189 1057 sit
2215 1020 2254 1057 in
2282 1019 2462 1057 omnibus

1394 1083 1464 1119 per
1492 1071 1706 1108 essentiam.

1450 1124 1513 1161 Sic
1547 1136 1637 1172 ergo
1671 1132 1726 1161 est
1754 1125 1793 1162 in
1829 1125 2009 1163 omnibus
2040 1138 2111 1175 per
2133 1111 2368 1174 potentiam,
2406 1126 2462 1163 in·

1395 1185 1582 1226 quantum
1603 1178 1732 1215 omnia
1752 1178 1832 1215 eius
1850 1178 2028 1228 potestati
2050 1179 2276 1216 subduntur.
2306 1179 2376 1216 Est
2392 1192 2463 1229 per
2508 1199 2513 1203 -

1394 1230 1651 1280 praesentiam
1675 1231 1714 1270 in
1739 1231 1931 1279 omnibus,
1952 1232 2179 1282 inquantum
2208 1232 2340 1270 omnia
2358 1233 2462 1270 nuda

1396 1291 1484 1321 sunt
1517 1292 1553 1321 et
1586 1291 1717 1333 aperta
1740 1284 1860 1321 oculis
1890 1284 1981 1322 eius.
2019 1286 2088 1322 Est
2119 1285 2158 1323 in
2186 1285 2367 1323 omnibus
2394 1298 2463 1334 per

1397 1337 1601 1375 essentiam
1617 1367 1628 1383 ,
1656 1338 1884 1386 inquantum
1920 1338 2028 1375 adest
2059 1338 2240 1376 omnibus
2272 1346 2314 1376 ut
2347 1351 2462 1376 causa

1397 1391 1565 1439 essendi,
1591 1391 1686 1428 sicut
1714 1391 1858 1428 dictum
1888 1398 1943 1428 est
1961 1391 1992 1428 ²¹⁶.

1450 1446 1508 1482 An
1537 1455 1675 1482 pannum
1704 1456 1802 1482 ERGO
1831 1455 2015 1482 mcaNDUM
2049 1445 2155 1494 quod
2188 1445 2294 1482 Deus
2329 1445 2463 1482 dicitur

1397 1510 1480 1535 esse
1499 1496 1515 1526 ψ
1535 1498 1574 1535 in
1593 1498 1774 1535 omnibus
1801 1510 1871 1547 per
1890 1497 2107 1547 essentiam,
2127 1510 2207 1536 non
2227 1498 2384 1548 quidem
2406 1511 2462 1536 re-

1396 1564 1495 1599 rum,
1525 1551 1633 1600 quasi
1661 1551 1708 1589 sit
1727 1551 1775 1589 de
1795 1551 1956 1588 essentia
1980 1563 2132 1589 earum:
2163 1551 2232 1589 sed
2249 1564 2318 1601 per
2337 1563 2463 1590 essen-

1395 1605 1488 1642 tiam
1517 1617 1650 1652 suam,
1679 1605 1770 1654 quia
1804 1604 2012 1642 substantia
2040 1617 2110 1642 sua
2143 1605 2251 1642 adest
2284 1605 2464 1643 omnibus

1396 1666 1437 1695 ut
1465 1670 1581 1696 causa
1609 1658 1772 1706 essendi,
1802 1658 1897 1695 sicut
1925 1658 2068 1695 dictum
2098 1666 2155 1696 est
2171 1658 2203 1696 ²¹².

1450 1713 1509 1749 An
1537 1723 1728 1750 SECUNDUM
1757 1723 1941 1749 DICENDUM
1961 1712 2067 1760 quod
2086 1711 2228 1761 aliquid
2246 1719 2372 1761 potest
2391 1712 2463 1750 dici

1395 1778 1578 1815 praesens
1598 1765 1721 1813 alicui,
1741 1765 1969 1814 inquantum
1997 1765 2168 1803 subiacet
2195 1766 2276 1803 eius
2305 1778 2463 1816 conspe-

1397 1819 1484 1867 ctui,
1505 1818 1612 1868 quod
1639 1827 1769 1856 tamen
1797 1818 1910 1856 distat
1936 1819 1985 1856 ab
2011 1831 2057 1856 eo
2086 1819 2300 1857 secundum
2320 1831 2431 1857 suam
2445 1825 2464 1841 ‘⁸

1395 1873 1668 1920 substantiam,
1697 1879 1739 1909 ut
1767 1872 1910 1910 dictum
1946 1880 2001 1909 est
2027 1872 2058 1909 ⁹¹³.
2095 1873 2143 1910 Et
2171 1872 2258 1910 ideo
2297 1873 2465 1922 oportuit

1396 1926 1494 1963 duos
1523 1926 1664 1963 modos
1682 1925 1792 1975 poni:
1817 1925 1957 1963 scilicet
1974 1938 2044 1974 per
2063 1926 2278 1974 essentiam,
2299 1933 2336 1962 et
2354 1939 2463 1975 prae-

1396 1979 1570 2017 sentiam.

1449 2035 1508 2070 AD
1527 2044 1688 2070 TER-rium
1716 2043 1900 2069 DxcENDUM
1920 2031 2027 2081 quod
2047 2032 2094 2069 de
2114 2032 2258 2070 ratione
2284 2032 2463 2070 scientiae

1397 2094 1434 2124 et
1451 2085 1657 2123 voluntatis
1686 2093 1752 2132 est,
1773 2085 1879 2134 quod
1907 2085 2044 2122 scitum
2073 2085 2119 2123 sit
2132 2092 2168 2107 ‘²⁰‘
2190 2085 2228 2122 in
2253 2085 2406 2134 sciente,
2427 2094 2464 2123 et

1395 2139 1558 2176 volitum
1588 2139 1626 2176 in
1654 2139 1826 2175 volente:
1855 2138 1958 2175 unde
1978 2139 2190 2176 secundum
2211 2139 2408 2176 scientiam
2429 2147 2466 2176 et

1395 2193 1648 2239 voluntatem,
1669 2192 1790 2240 magis
1818 2203 1878 2228 res
1907 2199 1992 2228 sunt
2021 2192 2059 2228 in
2087 2194 2186 2240 Deo,
2211 2204 2329 2240 quam
2359 2193 2465 2229 Deus

1395 2245 1434 2283 in
1463 2246 1588 2283 rebus.
1619 2245 1698 2282 Sed
1727 2245 1774 2282 de
1803 2244 1948 2282 ratione
1975 2245 2168 2294 potentiae
2199 2253 2266 2293 est,
2296 2246 2401 2294 quod
2421 2245 2466 2283 sit

1395 2299 1623 2349 principium
1652 2298 1789 2347 agendi
1817 2298 1856 2335 in
1884 2298 2002 2335 aliud:
2031 2299 2135 2336 unde
2163 2300 2379 2337 secundum
2397 2312 2466 2348 po-

1395 2353 1552 2390 tentiam
1581 2364 1697 2400 agens
1726 2359 1969 2401 comparatur
1998 2360 2034 2388 et
2062 2352 2272 2402 applicatur
2291 2352 2345 2390 rei
2366 2361 2465 2390 exte-

1396 2407 1497 2444 riori.
1528 2407 1576 2443 Et
1604 2406 1658 2443 sic
1676 2418 1745 2455 per
1772 2405 1981 2454 potentiam
2001 2413 2127 2454 potest
2145 2405 2217 2442 dici
2237 2418 2353 2454 agens
2383 2418 2466 2443 esse

1395 2460 1435 2497 in
1463 2461 1582 2497 altero
1602 2457 1648 2496 1³²³.

1450 2516 1508 2550 An
1539 2524 1712 2556 QUARTUM
1741 2524 1924 2549 DICENDUM
1945 2512 2050 2561 quod
2070 2512 2172 2548 nulla
2192 2512 2263 2549 alia
2283 2512 2464 2561 perfectio

1396 2566 1640 2616 superaddita
1660 2565 1903 2613 substantiae,
1920 2565 2007 2602 facit
2026 2566 2154 2602 Deum
2176 2578 2258 2602 esse
2278 2566 2317 2603 in
2336 2566 2463 2614 aliquo

1396 2620 1492 2657 sicut
1521 2619 1715 2656 obiectum
1745 2618 1939 2666 cognitum
1969 2627 2006 2656 et
2033 2626 2217 2666 amatum,
2238 2618 2310 2656 nisi
2329 2619 2463 2668 gratia:

1396 2673 1433 2710 et
1451 2673 1540 2711 ideo
1561 2673 1642 2709 sola
1661 2672 1779 2719 gratia
1798 2672 1887 2709 facit
1904 2672 2136 2720 singularem
2155 2673 2319 2710 modum
2340 2685 2465 2710 essen-

1398 2727 1436 2764 di
1465 2727 1592 2764 Deum
1622 2725 1660 2762 in
1687 2726 1814 2762 rebus
1844 2726 1913 2762 Est
1940 2733 2070 2763 autem
2098 2726 2191 2763 alius
2210 2731 2241 2753 ⁷⁷
2271 2726 2465 2774 singularis

1396 2779 1537 2817 modus
1567 2778 1716 2816 essendi
1753 2779 1881 2816 Deum
1908 2778 1948 2816 in
1975 2779 2133 2816 homine
2161 2792 2231 2829 per
2258 2779 2463 2817 unionem:

1397 2833 1445 2871 de
1465 2846 1543 2882 quo
1563 2831 1683 2869 modo
1713 2844 1783 2868 suo
1812 2832 1898 2869 loco
1918 2832 1938 2854 '³‘
1966 2840 2107 2881 agetur.

1451 2982 1476 3016 ρ)
1495 2982 1551 3007 hos.
1569 2995 1588 3000 —
1606 2982 1655 3007 hoc
1674 2982 1769 3015 CDpA,
1787 2989 1841 3007 om.
1854 2982 1886 3007 E.
1902 2995 1922 3002 ·—
1939 2989 2005 3015 ergo
2023 2989 2077 3006 om.
2096 2981 2217 3006 ABCDE.

1451 3018 1477 3050 σ)
1492 3017 1639 3050 potentiae.
1656 3031 1675 3036 -
1689 3017 1821 3049 potestati
1838 3017 1962 3043 ABCDE.

1450 3054 1475 3085 τ)
1495 3053 1633 3087 inferiora.
1650 3067 1670 3072 —
1688 3052 1751 3077 Om.
1764 3053 1841 3078 ACE.
1858 3067 1878 3072 -
1895 3053 1923 3078 In
1938 3058 2007 3078 textu
2023 3053 2064 3078 cit.
2079 3060 2126 3085 pro
2140 3052 2319 3084 perambulat,
2339 3056 2465 3078 versatur

1365 3125 1367 3127 ι
1398 3088 1536 3120 BDFGsA,
1555 3091 1699 3113 versantur
1717 3087 1810 3121 CEpA.

1451 3124 1477 3157 u)
1498 3125 1541 3149 Et.
1559 3138 1578 3144 -
1596 3124 1658 3149 Om.
1673 3123 1784 3149 codices.
1796 3138 1815 3143 -
1834 3124 1884 3149 Pro
1896 3124 1952 3153 hos,
1972 3124 2021 3149 hoc
2035 3124 2135 3148 ACDE.
2149 3137 2167 3142 -
2179 3123 2229 3148 Pro
2244 3123 2370 3155 oportuit,
2385 3130 2463 3155 opor-

1398 3162 1436 3184 tet
1454 3159 1576 3184 ABCDE.

1452 3195 1480 3228 φ)
1494 3195 1585 3220 omnia
1597 3195 1635 3219 ad
1651 3195 1704 3220 Dei
1717 3194 1920 3227 providentiam
1934 3195 2083 3227 pertinere.
2094 3209 2113 3214 -
2126 3194 2216 3219 omnia
2230 3197 2351 3225 spectare
2363 3194 2400 3218 ad
2413 3194 2466 3220 Dei

1394 3230 1594 3263 providentiam
1614 3230 1758 3255 ABCDEF.

1451 3266 1480 3300 χ)
1501 3266 1544 3290 Et.
1562 3279 1580 3284 -
1599 3265 1654 3290 Sed
1672 3266 1751 3290 ADE.
1769 3279 1787 3284 —
1806 3266 1856 3290 Pro
1875 3266 1929 3295 hos,
1950 3266 1999 3291 hoc
2017 3265 2155 3297 ACDEpF.

1452 3301 1481 3335 ψ)
1501 3301 1601 3326 dicitur
1617 3307 1682 3326 esse.
1699 3315 1719 3320 —
1738 3304 1779 3326 αἱ
1795 3301 1917 3326 ABCDE.

1452 3338 1484 3369 ω)
1503 3344 1587 3361 suam.
1605 3350 1624 3363 -ι-
1642 3336 1704 3361 Om.
1718 3337 1828 3362 codices.

1453 3372 1498 3404 αα)
1517 3372 1560 3396 sit.
1578 3386 1596 3390 -
1614 3374 1654 3397 est
1672 3372 1735 3397 Pab.

1453 3406 1495 3440 ββ)
1514 3408 1608 3432 altero.
1626 3421 1645 3426 —
1662 3407 1718 3433 alio
1735 3407 1858 3432 ABCDE.

1451 3444 1493 3476 γγ)
1513 3443 1590 3467 alius.
1609 3456 1626 3461 —
1645 3443 1706 3468 Om.
1719 3443 1797 3468 ABD.

2489 1401 2496 1408 ”
2514 1401 2565 1423 Art.
2580 1407 2596 1423 1.

2490 1666 2501 1677 ⁸
2516 1666 2574 1688 Ibid.

2586 1829 2607 1843 ω

2492 1882 2500 1889 ·
2514 1881 2540 1902 In
2554 1885 2661 1908 corpore.

2581 2098 2615 2115 αα

2583 2467 2614 2501 ββ

2581 2742 2614 2768 ΥΥ

2493 2838 2503 2848 “
2510 2837 2542 2859 111
2549 2837 2618 2864 Part„
2627 2843 2666 2865 qu.
2675 2843 2692 2859 11
2698 2853 2705 2859 .
