2768 4178
150 402 166 427 ο)

58 1898 67 1906 ·
86 1896 154 1918 Vers.
165 1902 196 1923 14.

70 3070 117 3092 ”Ad
124 3071 278 3099 Hebr.111‚29.

73 3205 81 3213 ·
96 3203 153 3231 cap.
162 3209 203 3230 tu,
214 3210 235 3225 n.
245 3204 280 3225 26.

298 280 350 316 24

297 347 376 385 Sed
412 359 481 396 per
513 345 735 383 huiusmodi
773 345 1035 382 similitudines
1067 345 1207 382 veritas
1243 344 1368 382 occul-

295 408 394 438 tatur
408 397 433 438 ⁸.
463 401 556 437 Non
581 411 670 448 ergo
701 399 883 448 competit
910 399 999 436 huic
1025 398 1219 436 doctrinae
1239 397 1368 435 divina

296 454 446 492 tradere
475 454 546 490 sub
571 452 814 490 similitudine
844 452 1099 502 corporalium
1121 463 1259 488 rerum.

352 509 386 545 3.
418 509 661 554 PRAETEREA,
692 511 836 555 quanto
874 506 1022 555 aliquae
1061 512 1254 549 creaturae
1283 512 1371 541 sunt

297 560 550 607 sublimiores,
566 567 670 597 tanto
691 559 812 608 magis
827 559 876 596 ad
893 558 1063 597 divinam
1083 557 1369 595 similitudinem

296 614 493 651 accedunt.
515 613 556 651 Si
575 613 684 661 igitur
703 613 850 662 aliquae
866 618 876 632 ¹
898 625 943 649 ex
958 611 1138 649 creaturis
1157 619 1370 648 transume-

296 674 427 704 rentur
454 666 504 704 ad
531 667 671 714 Deum,
698 674 788 704 tunc
817 673 1011 715 oporteret
1038 665 1154 702 talem
1183 672 1371 702 transum-

295 720 468 770 ptionem
497 719 664 757 maxime
693 720 777 757 fieri
797 732 841 756 ex
862 718 1148 756 sublimioribus
1178 717 1370 766 creaturis,

297 782 334 811 et
361 786 441 820 non
470 785 516 810 ex
544 773 699 810 infimis.
731 773 849 820 Quod
868 780 999 810 tamen
1018 772 1057 809 in
1078 771 1282 820 Scripturis
1301 771 1372 808 fre-

297 834 458 876 quenter
477 826 491 853 ⁵
519 826 721 864 invenitur.
1235 842 1238 844 ·

352 881 427 917 SED
456 891 603 917 CONTRA
631 892 698 917 EST
727 880 831 929 quod
861 879 996 916 dicitur
1026 879 1130 915 Osee
1149 878 1252 915 xn*:
1282 878 1370 927 Ego

296 934 477 970 visionem
507 933 754 982 multiplicavi
780 933 847 979 eis,
878 938 913 969 et
940 933 977 969 in
1006 932 1181 969 manibus
1207 932 1371 980 prophe-

297 993 423 1024 tarum
442 986 669 1023 assimilatus
686 999 783 1023 sum.
805 986 977 1023 Tradere
992 993 1122 1022 autem
1137 984 1280 1033 aliquid
1300 985 1371 1022 sub

297 1040 552 1087 similitudine,
580 1047 635 1077 est
662 1039 982 1089 metaphoricum.
1013 1040 1115 1087 Ergo
1146 1039 1194 1076 ad
1223 1050 1371 1076 sacram

298 1093 510 1130 doctrinam
538 1093 701 1142 pertinet
727 1093 781 1130 uti
810 1093 1043 1142 metaphoris
1063 1099 1087 1129 '⁷.

351 1148 578 1183 Responm-:o
607 1158 793 1183 oicENDUM
822 1147 928 1195 quod
966 1145 1200 1183 conveniens
1231 1152 1286 1182 est
1314 1157 1372 1182 sa-

298 1211 383 1236 crae
404 1199 619 1248 Scripturae
650 1199 778 1236 divina
808 1207 844 1236 et
872 1199 1078 1249 spiritualia
1106 1200 1177 1236 sub
1205 1199 1372 1236 similitu-

298 1253 385 1290 dine
416 1253 673 1302 corporalium
691 1251 705 1273 ⁰
733 1253 893 1290 tradere.
923 1255 1031 1290 Deus
1060 1253 1163 1290 enim
1191 1252 1373 1290 omnibus

296 1306 475 1355 providet
502 1306 723 1344 secundum·
746 1307 852 1355 quod
882 1306 1065 1356 competit
1099 1319 1235 1344 eorum
1265 1302 1373 1344 natu-

298 1372 373 1397 rae.
405 1360 473 1397 Est
501 1367 630 1397 autem
659 1361 829 1398 naturale
848 1360 996 1398 homini
1025 1368 1067 1398 ut
1094 1373 1165 1410 per
1183 1359 1374 1398 sensibilia

298 1413 346 1450 ad
374 1413 616 1462 intelligibilia
635 1414 786 1451 veniat:
816 1414 904 1464 quia
934 1414 1060 1451 omnis
1089 1422 1218 1451 nostra
1247 1414 1373 1462 cogni-

296 1466 349 1503 tio
379 1479 401 1503 a
429 1479 544 1504 sensu
572 1467 719 1504 initium
747 1467 874 1505 habet.
905 1468 1017 1505 Unde
1043 1467 1316 1505 convenienter
1335 1467 1374 1504 in

298 1532 405 1557 sacra
435 1520 628 1570 Scriptura
652 1528 659 1541 ¹
689 1521 890 1558 traduntur
927 1521 1039 1559 nobis
1067 1521 1274 1570 spiritualia
1302 1521 1372 1558 sub

298 1574 532 1622 metaphoris
570 1574 838 1624 corporalium.
874 1575 922 1612 Et
953 1575 1029 1612 ho'c
1058 1583 1114 1612 est
1145 1575 1252 1624 quod
1286 1574 1375 1613 dicit

298 1627 518 1675 Dionysius,
545 1640 658 1676 1cap.
689 1628 865 1665 Caelestis
892 1629 1169 1666 Hierarchiae:
1197 1629 1374 1677 Impossi-

297 1680 370 1717 bile
397 1686 451 1717 est
478 1681 584 1718 nobis
616 1681 727 1718 aliter
754 1682 880 1719 lucere
907 1682 1077 1719 divinum
1106 1682 1270 1728 radium,
1301 1683 1375 1719 nisi

297 1734 479 1771 varietate
507 1741 519 1755 ¹‘
547 1747 746 1772 sacrorum
774 1734 1007 1773 velaminum
1046 1736 1370 1773 circumvelatum.

353 1787 545 1824 Convenit
574 1787 687 1825 etiarn
717 1801 845 1826 sacrae
875 1789 1104 1838 Scripturae,
1135 1801 1233 1838 quae
1268 1802 1373 1827 corn-

298 1840 463 1877 muniter
492 1841 672 1879 omnibus
699 1842 925 1892 proponitur
954 1842 1183 1889 (secundum
1212 1843 1305 1880 illud
1323 1843 1376 1880 ad

296 1895 409 1931 Rom.
428 1906 437 1930 1
452 1894 492 1931 *ε
521 1895 749 1943 sapientibus
767 1901 802 1932 et
823 1896 1076 1944 insipientibus
1094 1896 1240 1933 debitor
1257 1899 1370 1943 sum),

296 1954 338 1984 ut
352 1947 557 1996 spiritualia
571 1949 643 1985 sub
658 1948 966 1986 similitudinibus
981 1948 993 1970 λ
1014 1949 1269 1998 corporalium
1283 1962 1371 1999 pro-

294 2008 508 2049 ponantur3
537 2009 579 2038 ut
598 2002 732 2039 saltem
752 2003 814 2039 vel
844 2002 898 2039 sic
927 2003 1041 2040 rudes
1070 2015 1157 2040 eam
1197 2003 1369 2053 capiant,

295 2054 359 2102 qui
389 2054 438 2091 ad
476 2054 719 2103 intelligibilia
757 2056 971 2093 secundum
1006 2069 1046 2093 se
1076 2056 1262 2106 capienda
1291 2069 1369 2095 non

297 2114 385 2144 sunt
413 2107 553 2145 idonei.

349 2162 408 2197 An
438 2173 575 2198 PRIMUM
604 2173 702 2199 ERGO
731 2174 916 2201 mcauuuu
945 2163 1052 2212 quod
1070 2171 1186 2213 poeta
1206 2171 1224 2191 μ
1253 2164 1369 2202 utitur

298 2214 532 2263 metaphoris
546 2223 703 2264 propter
718 2217 1123 2265 repraesentationem:
1146 2230 1366 2265 repraesen-

351 2353 376 2386 δ)
396 2354 554 2380 occultatur.
571 2368 591 2374 -
608 2355 764 2388 obfuscatur
781 2357 814 2382 Α.

352 2390 374 2422 ε)
393 2390 508 2422 aliquae.
520 2403 538 2410 —-
549 2390 641 2423 aliqua
653 2391 818 2416 ABDEFGa.
831 2406 849 2411 -
862 2392 912 2417 Pro
932 2395 1172 2424 transumerentur‚
1190 2397 1370 2419 transumere-

300 2428 345 2449 tur
357 2425 444 2458 BpFa.
457 2439 476 2444 -
489 2429 552 2451 tunc
563 2433 616 2451 om.
631 2427 732 2452 codices
746 2433 772 2452 et
790 2434 807 2452 a
818 2427 841 2452 b.
855 2442 874 2447 -
888 2428 938 2453 Pro
951 2432 1095 2461 oporteret,
1111 2433 1217 2462 oportet
1230 2429 1370 2462 BCDEpA.

352 2460 377 2493 ζ)
391 2461 557 2494 frequenter.
577 2475 595 2480 -
615 2462 676 2486 Om.
690 2463 741 2495 pA.

353 2497 380 2529 η)
400 2497 571 2529 metaphoris.
589 2510 608 2518 -
626 2498 814 2530 metaphoricis
833 2499 864 2524 Α.

354 2531 378 2564 Θ)
397 2532 573 2558 similitudine
591 2534 780 2565 corporalium.
798 2548 816 2554 -
834 2536 1015 2567 corporalium
1035 2536 1199 2568 metaphoris
1218 2537 1329 2562 codices.

356 2569 374 2600 ι)
395 2568 546 2600 Scriptura.
564 2583 583 2588 -
601 2569 726 2594 doctrina
745 2570 856 2596 codices.

355 2604 381 2636 κ)
401 2603 539 2629 varietate.
557 2618 577 2624 -
595 2605 708 2630 veritate
725 2606 757 2630 Α.

355 2637 383 2672 λ)
403 2639 450 2664 sub
469 2639 696 2666 similitudinibus.
715 2654 733 2660 —
751 2641 798 2666 sub
817 2641 992 2667 similitudine
1008 2642 1084 2668 ACE.
1102 2657 1120 2662 -
1139 2643 1177 2668 sic
1195 2644 1289 2668 omittit
1308 2644 1338 2668 B.
1356 2656 1374 2662 -

305 2674 355 2698 Pro
373 2681 440 2703 eam,
460 2682 492 2700 ea
511 2676 556 2700 sA.

357 2710 385 2743 μ)
402 2714 490 2742 poeta.
509 2724 527 2730 —
541 2711 648 2743 poetica
668 2713 779 2737 codices.
797 2726 816 2732 -
835 2713 886 2737 Pro
902 2714 1113 2746 repraesentatio
1132 2715 1210 2744 enim,
1226 2718 1252 2740 et
1265 2721 1373 2747 reprae-

1023 266 1292 314 QuAEsTlo
1323 266 1356 313 1,
1387 265 1687 311 ART1CULus
1718 265 1770 301 ix

1422 344 1513 382 tatio
1543 344 1648 381 enim
1668 343 1887 381 naturaliter
1905 341 2053 380 homini
2074 340 2304 379 delectabilis
2325 347 2391 394 est.
2425 340 2504 377 Sed

1424 410 1532 435 sacra
1560 397 1732 435 doctrina
1759 396 1876 434 utitur
1902 394 2136 445 metaphoris
2155 401 2312 444 propter
2339 393 2505 431 necessi-

1423 459 1541 489 tatem
1570 459 1607 488 et
1633 450 1845 498 utilitatem,
1874 458 1916 487 ut
1944 449 2090 487 dictum
2120 455 2175 485 est
2193 447 2225 485 ²¹².

1477 507 1537 541 An
1556 516 1748 542 secunaum
1777 515 1962 541 meauuum
1992 502 2099 552 quod
2124 501 2252 539 radius
2273 500 2427 545 divinae
2446 513 2505 538 re-

1423 558 1624 596 velationis
1652 570 1732 595 non
1771 557 1975 594 destruitur
2013 563 2170 606 propter
2207 555 2349 603 figuras
2387 554 2506 591 sensi—

1425 612 1520 649 biles
1545 611 1684 660 quibus
1714 611 2025 658 circumvelatur,
2055 618 2096 647 ut
2125 608 2214 646 dicit
2242 607 2454 656 Dionysius
2472 607 2505 655 ⁸²,

1425 665 1494 702 sed
1523 672 1695 702 remanet
1713 664 1752 702 in
1772 677 1843 701 sua
1866 664 2045 710 veritate;
2075 670 2116 700 ut
2135 670 2285 700 mentes
2305 661 2444 711 quibus
2463 661 2507 698 fit

1425 718 1621 765 revelatio,
1638 730 1717 755 non
1731 717 1926 767 permittat
1940 724 1951 737 ¹·
1971 718 2009 755 in
2025 716 2334 755 similitudinibus
2353 727 2507 764 perma-

1425 784 1529 819 nere,
1546 771 1614 809 sed
1631 772 1755 809 elevet
1774 783 1839 808 eas
1855 771 1904 809 ad
1921 771 2181 820 cognitionem
2195 768 2505 818 intelligibilium;

1426 833 1462 862 et
1489 837 1559 874 per
1587 837 1654 862 eos
1682 825 1822 874 quibus
1852 824 2034 862 revelatio
2063 825 2163 862 facta
2192 831 2263 871 est,
2294 822 2355 860 alii
2389 822 2505 860 etiam

1426 878 1525 915 circa
1540 878 1635 915 haec
1651 876 1664 901 ξ
1683 878 1928 916 instruantur.
1950 879 2063 916 Unde
2084 890 2129 915 ea
2149 877 2303 927 quaein
2317 889 2397 914 uno
2418 877 2505 914 loco

1427 931 1645 980 Scripturae
1672 931 1873 969 traduntur
1892 932 1963 969 sub
1984 931 2234 981 metaphoris,
2254 930 2294 967 in
2313 929 2394 967 aliis
2413 929 2507 967 locis

1427 984 1641 1034 expressius
1671 993 1925 1034 exponuntur.
1965 986 2014 1022 Et
2042 985 2124 1034 ipsa
2157 984 2274 1022 etiam
2303 983 2506 1021 occultatio

1426 1039 1637 1087 figurarum
1666 1038 1766 1075 utilis
1795 1046 1871 1085 est,
1901 1038 1952 1076 ad
1981 1038 2203 1076 exercitium
2232 1037 2506 1085 studiosorum,

1427 1100 1465 1130 et
1484 1100 1616 1130 contra
1643 1091 1837 1129 irrisiones
1865 1091 2094 1139 infidelium,
2115 1091 2164 1129 de
2188 1090 2328 1140 quibus
2357 1090 2506 1138 dicitur,

1428 1146 1563 1184 Matth.
1584 1158 1633 1183 vu
1652 1145 1692 1182 *ε
1723 1146 1836 1182 nolite
1862 1150 2035 1183 sanctum
2064 1146 2159 1182 dare
2185 1146 2354 1182 canibus.

1480 1202 1540 1237 Ao
1569 1211 1729 1237 reanum
1758 1211 1944 1236 mensuum
1964 1199 2083 1248 quod,
2114 1198 2208 1236 sicut
2229 1198 2343 1236 docet
2361 1197 2508 1247 Diony-

1427 1253 1526 1301 sius,
1562 1265 1645 1302 cap.
1671 1265 1694 1290 11
1729 1253 1831 1290 Cael.
1857 1253 1989 1299 Hier.‚
2020 1252 2141 1300 magis
2179 1259 2235 1289 est
2269 1251 2507 1294 conveniens

1428 1307 1535 1356 quod
1563 1306 1695 1344 divina
1724 1306 1762 1343 in
1797 1305 2000 1355 Scripturis
2035 1305 2232 1343 tradantur
2265 1305 2338 1342 sub
2374 1304 2508 1354 figuris

1426 1361 1562 1398 vilium
1592 1372 1822 1410 corporum,
1861 1372 1979 1409 quam
2017 1371 2225 1409 corporum
2265 1358 2454 1396 nobilium
2480 1363 2506 1396 ⁶.

1428 1416 1477 1452 Et
1499 1415 1575 1451 hoc
1602 1421 1759 1464 propter
1786 1413 1868 1451 tria.
1899 1413 2044 1462 Primo,
2065 1413 2155 1463 quia
2182 1425 2253 1462 per
2281 1413 2357 1450 hoc
2383 1411 2509 1460 magis

1427 1468 1606 1505 liberatur
1634 1468 1827 1505 humanus
1847 1467 1999 1504 animus
2024 1467 2072 1504 ab
2094 1478 2235 1504 errore.
2257 1459 2507 1504 Manifestum

1428 1521 1531 1559 enirn
1557 1529 1715 1571 apparet
1744 1521 1848 1570 quod
1873 1522 1969 1558 haec
1997 1520 2212 1558 secundum
2231 1519 2507 1570 proprietatem

1427 1587 1507 1613 non
1541 1575 1718 1612 dicuntur
1756 1575 1804 1612 de
1839 1574 1998 1612 divinis:
2028 1574 2135 1624 quod
2163 1581 2294 1624 posset
2322 1586 2407 1611 esse
2436 1574 2507 1611 du-

1427 1629 1559 1676 bium,
1599 1629 1629 1666 si
1658 1629 1729 1666 sub
1762 1628 1894 1676 figuris
1932 1627 2121 1666 nobilium
2147 1633 2166 1650 ⁷¹
2195 1639 2406 1677 corporum
2441 1626 2508 1665 de·

1426 1683 1681 1720 scriberentur
1710 1681 1858 1728 divina;
1887 1681 2057 1720 maxime
2086 1682 2190 1731 apud
2219 1681 2303 1719 illos
2324 1681 2389 1730 qui
2413 1679 2508 1719 nihil

1426 1736 1528 1774 aliud
1556 1749 1579 1773 a
1608 1735 1834 1785 corporibus
1863 1735 2027 1773 nobilius
2057 1735 2271 1784 excogitare
2300 1742 2505 1772 noverunt.

1425 1811 1449 1817 -
1467 1790 1660 1837 Secundo,
1681 1789 1771 1838 quia
1790 1789 1851 1826 hic
1871 1789 2012 1827 modus
2037 1788 2329 1827 convenientior
2358 1795 2415 1826 est
2442 1800 2506 1826 co-

1425 1843 1584 1892 gnitioni
1605 1855 1724 1892 quam
1745 1843 1792 1880 de
1813 1844 1899 1880 Deo
1921 1843 2111 1880 habemus
2139 1842 2179 1891 in
2207 1843 2281 1880 hac
2299 1842 2391 1880 vita.
2421 1842 2508 1880 Ma-

1425 1897 1480 1945 gis
1510 1897 1614 1934 enim
1653 1896 1916 1934 manifestatur
1953 1895 2064 1934 nobis
2099 1897 2147 1934 de
2181 1896 2266 1946 ipso
2303 1895 2398 1945 quid
2425 1907 2506 1934 non

1425 1958 1493 1996 est,
1514 1962 1633 2000 quam
1653 1949 1745 1999 quid
1776 1958 1850 1987 est:
1880 1957 1918 1986 et
1942 1949 2031 1987 ideo
2060 1949 2326 1988 similitudines
2353 1949 2506 1987 illarum

1424 2016 1553 2041 rerum
1573 2010 1588 2034 Ρ
1617 2016 1716 2053 quae
1746 2003 1868 2052 magis
1887 2003 2123 2052 elongantur
2147 2015 2170 2040 a
2189 2004 2288 2052 Deo,
2308 2002 2504 2041 veriorem

1425 2057 1536 2095 nobis
1565 2057 1708 2095 faciunt
1727 2057 2035 2094 aestimationem
2065 2057 2171 2107 quod
2200 2056 2247 2095 sit
2269 2068 2385 2107 supra
2413 2055 2507 2095 illud

1423 2112 1530 2160 quod
1565 2111 1612 2148 de
1646 2112 1731 2148 Deo
1767 2110 1929 2149 dicimus
1961 2111 2024 2148 vel
2059 2110 2280 2159 cogitamus.
2302 2132 2326 2139 -
2356 2109 2505 2158 Tertio,

1423 2165 1511 2214 quia
1544 2177 1613 2214 per
1640 2164 1879 2212 huiusmodi,
1911 2164 2041 2202 divina
2074 2163 2196 2213 magis
2220 2170 2234 2184 '
2267 2165 2507 2204 occultantur

1422 2218 1594 2266 indignis.

1423 2359 1538 2384 sentatio
1558 2359 1588 2389 B,
1602 2358 1814 2391 repraesentatio
1832 2361 1922 2383 autem
1943 2358 1971 2389 C,
1991 2358 2036 2391 qui
2056 2358 2151 2383 omittit
2170 2358 2342 2384 naturaliter.
2356 2372 2375 2378 -
2388 2358 2439 2383 Pro
2459 2358 2505 2385 de-

1425 2394 1562 2424 lectabilis,
1582 2393 1763 2420 delectabilius
1782 2394 1811 2419 F.

1479 2429 1503 2461 ν)
1519 2430 1672 2462 permittat.
1690 2443 1708 2448 -
1722 2429 1921 2462 permittantur
1947 2429 2058 2455 codices.
2077 2443 2096 2448 -
2115 2429 2179 2455 ltem
2198 2437 2247 2463 pro
2267 2436 2442 2462 permanere,
2462 2436 2506 2456 re—

1427 2472 1543 2491 manere.
1676 2478 1678 2480 v

1480 2499 1504 2533 ξ)
1524 2500 1596 2526 haec.
1615 2514 1634 2520 -
1652 2501 1700 2526 hoc
1719 2501 1831 2526 codices.
1850 2514 1869 2520 -
1887 2501 1939 2525 Pro
1957 2501 2138 2531 instruantur,
2157 2501 2330 2526 instruuntur
2348 2500 2472 2526 CDEFG.

1481 2538 1507 2568 o)
1527 2537 1663 2562 nobilium.
1682 2550 1701 2556 -
1719 2537 1879 2562 nobiliorum
1898 2536 2064 2562 ACDEFGa.

1481 2573 1509 2604 π)
1530 2572 1666 2598 nobilium.
1678 2586 1697 2592 -
1711 2572 1871 2598 nobiliorum
1888 2573 1990 2597 codices
2003 2578 2029 2598 et
2043 2573 2084 2597 ed.
2099 2580 2124 2598 a.
2139 2586 2157 2591 -
2172 2573 2328 2598 Particulam
2341 2580 2358 2597 a
2371 2577 2432 2598 ante
2443 2579 2506 2599 cor-

1423 2607 1536 2640 poribus
1554 2615 1609 2633 om.
1622 2608 1733 2633 codices.
1750 2622 1770 2627 -
1788 2609 1838 2633 Pro
1858 2611 1997 2638 noverunt.
2013 2611 2129 2640 possunt
2148 2608 2189 2633 uel
2208 2611 2342 2633 noverunt
2359 2608 2389 2633 Β.

1482 2645 1507 2677 ρ)
1527 2643 1635 2669 illa'rum
1661 2651 1761 2668 rerum.
1779 2657 1798 2662 —
1816 2650 1908 2669 eorum
1931 2644 2013 2674 ΑΒΕ,
2038 2644 2146 2669 illorum
2172 2643 2267 2674 DEsF,
2293 2643 2401 2669 illarum
2420 2642 2469 2677 pr.
2486 2657 2507 2663 -

1429 2680 1492 2704 Post
1510 2679 1724 2704 aestimationem
1739 2680 1841 2704 codices
1857 2679 1955 2705 addunt
1970 2679 2003 2705 de
2018 2679 2086 2705 Deo.
2098 2692 2116 2699 —-
2130 2679 2182 2704 Pro
2197 2679 2230 2705 de
2244 2679 2311 2708 Deo.
2325 2679 2359 2705 de
2370 2685 2402 2705 eo
2415 2678 2506 2705 GnFa.

1483 2715 1508 2747 o)
1529 2715 1624 2748 magis.
1642 2728 1661 2734 -
1680 2715 1742 2740 Om.
1756 2715 1784 2739 Β.
1838 2731 1841 2733 Α

995 2802 1330 2835 Commentariis
1353 2802 1604 2835 cardinalis
1628 2802 1829 2835 Caietam

337 2899 357 2918 u
383 2888 494 2924 titulo,
524 2890 570 2919 uti
593 2889 787 2929 metaphoris
811 2896 856 2920 est
881 2890 925 2920 uti
953 2891 1168 2922 locutionibus
1197 2902 1278 2933 quae
1309 2902 1374 2922 non

309 2901 537 2964 Iverificantur
560 2933 598 2964 de
619 2933 667 2964 his
691 2934 729 2964 de
753 2934 869 2974 quibus
900 2934 1063 2972 dicuntur¹
1094 2937 1272 2967 secundum
1301 2946 1374 2977 pro-

307 2977 408 3017 priam
425 2976 696 3017 significafionem,
714 2978 768 3008 sed
785 2979 962 3010 secundum
976 2980 1115 3021 aliquam
1132 2980 1375 3012 similitudinem

307 3021 347 3052 ad
370 3021 498 3062 proprie
522 3021 709 3062 significata:
735 3029 770 3053 ut
793 3032 867 3053 cum
897 3023 1010 3055 dicitur
1033 3025 1122 3066 quod
1151 3026 1243 3056 Deus
1267 3031 1376 3057 noster

308 3067 394 3107 ignis
417 3075 606 3097 consumens
625 3071 671 3097 est
686 3066 713 3104 *,
744 3067 864 3098 utimur
884 3068 1085 3109 metaphora;
1110 3069 1186 3110 quia
1201 3070 1288 3101 Deus
1308 3080 1374 3100 non

308 3117 354 3141 est
372 3120 442 3141 vere
467 3110 556 3151 ignis,
575 3111 630 3141 sed
653 3121 685 3141 se
709 3111 803 3142 habet
819 3112 858 3142 ad
881 3113 1016 3143 modum
1040 3114 1120 3154 ignis
1145 3115 1374 3145 consumentis.

309 3154 348 3185 Et
375 3154 418 3185 sic
444 3155 482 3185 de
507 3155 585 3186 aliis.
610 3155 651 3186 Et
678 3156 879 3187 occasionem
899 3157 997 3188 sumit
1019 3158 1162 3199 quaestio
1190 3158 1267 3190 haec
1291 3159 1373 3190 exli

308 3199 428 3230 Poster.
445 3198 471 3235 *,
498 3199 551 3230 ubi
575 3199 783 3240 prohibentur
806 3201 1010 3242 metaphorae
1030 3202 1062 3233 in
1086 3203 1232 3234 scientiis.

365 3243 401 3274 Il.
427 3243 462 3273 In
487 3253 619 3284 corpore
636 3254 700 3275 una
717 3245 889 3281 conclusio,
915 3247 1098 3287 responsiva
1121 3247 1267 3288 quaesito
1291 3246 1373 3278 affir-

309 3287 439 3317 mative:
464 3287 556 3318 Sacra
580 3288 722 3319 doctrina
746 3298 885 3330 congrue
909 3290 1008 3321 utitur
1031 3291 1225 3332 metaphoris
1258 3301 1373 3333 corpo·

309 3330 422 3361 ralium
447 3332 485 3361 ad
509 3332 614 3362 divina
637 3339 668 3364 et
690 3332 874 3374 spiritualia.

363 3375 516 3406 Probatur
532 3377 707 3417 dupliciter.
723 3378 842 3409 Primo.
858 3378 945 3409 Deus
960 3379 1109 3411 omnibus
1122 3380 1266 3421 providet
1278 3386 1375 3422 prout

310 3419 456 3459 congruit
472 3430 583 3451 eorum
599 3428 739 3453 naturae.
756 3422 841 3463 Ergo
861 3423 1083 3455 convenienter
1098 3424 1222 3456 homini
1240 3425 1273 3456 in
1289 3434 1375 3456 sacra

310 3463 452 3494 doctrina
471 3464 642 3504 spiritualia
661 3467 720 3496 sub
736 3466 958 3507 ‘corporalibus
973 3467 1231 3500 similitudinibus
1247 3466 1374 3501 tradun-

311 3514 372 3538 tur.
389 3525 408 3530 —
424 3509 620 3540 Antecedens
645 3517 739 3550 patet.
765 3510 1003 3552 Consequentia
1018 3522 1092 3544 vero
1110 3514 1275 3554 probatur:
1300 3513 1376 3555 quia

311 3552 452 3582 naturale
486 3559 531 3583 est
558 3553 679 3584 homini
710 3555 750 3585 ad
780 3555 985 3596 intelligibilia
1016 3566 1071 3597 per
1104 3557 1262 3589 sensibilia
1291 3557 1375 3589 duci.

311 3596 480 3627 Probatur:
506 3597 580 3638 quia
604 3598 708 3628 omnis
733 3606 839 3630 nostra
866 3600 1005 3640 cognitio
1034 3601 1134 3633 oritur
1157 3612 1175 3633 a
1198 3611 1303 3633 sensu.
1336 3602 1377 3632 Et

311 3639 517 3671 confirmatur
540 3641 615 3672 haec
639 3642 718 3674 ratio
743 3643 927 3676 auctoritate
951 3644 1112 3686 Dionysii,
1137 3653 1195 3678 etc.

1485 2891 1643 2923 Secundo.
1674 2892 1767 2923 Sacra
1791 2892 1933 2923 doctrina
1957 2893 2150 2934 proponitur
2181 2893 2333 2924 omnibus
2364 2892 2505 2925 homini-

1429 2937 1489 2968 bus
1519 2937 1743 2968 communiter.
1778 2937 1863 2978 Ergo
1894 2946 2034 2977 congrue
2065 2937 2240 2979 spiritualia
2270 2937 2330 2968 sub
2354 2936 2504 2969 similitu-

1430 2980 1557 3012 dinibus
1582 2981 1798 3022 corporalium
1826 2981 2003 3013 traduntur.
2024 3000 2044 3005 —
2063 2981 2263 3013 Antecedens
2286 2981 2440 3023 probatur
2461 2982 2506 3013 ad

1429 3025 1521 3057 Rom.
1544 3025 1567 3056 Ι.
1591 3025 1831 3067 Consequentia
1859 3032 1966 3056 autem
1998 3027 2167 3068 probatur:
2197 3025 2274 3068 quia
2301 3026 2408 3067 plures
2437 3035 2504 3057 non

1429 3076 1504 3101 sunt
1534 3069 1641 3101 idonei
1665 3071 1704 3101 ad
1731 3069 1938 3110 intelligibilia
1968 3071 2146 3103 secundum
2170 3079 2219 3107 se,
2245 3070 2301 3111 qui
2326 3071 2376 3102 vel
2400 3069 2444 3102 sic
2468 3080 2505 3102 ea

1430 3124 1541 3155 capere
1566 3122 1712 3155 possunt.

1486 3158 1539 3190 111.
1565 3159 1598 3189 ln
1624 3159 1830 3200 responsione
1854 3161 1894 3191 ad
1914 3160 2066 3200 primum,
2091 3160 2227 3191 dubium
2251 3159 2398 3197 occurrit,
2422 3169 2504 3203 qno-

1429 3203 1530 3234 modo
1560 3203 1738 3235 verificetur
1767 3205 1857 3246 quod
1887 3205 1964 3236 haec
1994 3204 2138 3236 doctrina
2171 3211 2278 3236 utatur
2308 3203 2506 3246 metaphoris

1430 3254 1560 3288 propter
1591 3249 1810 3280 necessitatem
1834 3255 1864 3280 et
1889 3250 2077 3288 utilitatem,
2110 3256 2146 3280 ut
2169 3249 2290 3280 dictum
2318 3256 2375 3281 est.
2407 3248 2504 3283 Nulla

1429 3292 1588 3333 siquidem
1605 3292 1771 3324 necessitas
1789 3300 1844 3330 est,
1865 3301 1920 3325 aut
1935 3293 1968 3324 in
1983 3303 2117 3334 corpore
2134 3300 2260 3325 ostensa
2276 3300 2333 3325 est.
2358 3293 2505 3327 secund·

1430 3346 1569 3378 namque
1600 3337 1679 3368 ratio
1711 3337 1880 3370 utilitatem
1909 3344 2035 3370 tantum
2065 3337 2175 3374 infert,
2208 3345 2244 3369 ut
2266 3345 2368 3379 patet:
2400 3337 2504 3381 prima

1430 3390 1504 3412 vero
1529 3381 1800 3419 convenientiam,
1827 3390 1862 3414 ut
1893 3382 1961 3423 ipsa
1984 3381 2087 3414 littera
2117 3389 2265 3419 testatur,
2298 3390 2329 3415 et
2357 3381 2504 3420 convinci

1430 3432 1535 3466 potest
1559 3436 1595 3456 ex
1615 3435 1654 3456 eo
1677 3427 1767 3468 quod
1791 3426 2038 3458 connaturalitas
2062 3434 2169 3458 nostra
2192 3428 2232 3458 ad
2255 3426 2415 3459 sensibilia
2436 3435 2504 3457 non

1430 3469 1523 3500 infert
1546 3470 1763 3502 necessitatem
1783 3471 1822 3502 ad
1840 3471 1920 3511 talia
1935 3471 2103 3508 sensibilia,
2122 3472 2239 3504 scilicet
2253 3471 2466 3512 metaphoras.
2483 3488 2504 3494 -

1431 3514 1472 3545 Et
1488 3521 1621 3554 augetur
1637 3515 1787 3546 dubium:
1813 3515 1889 3556 quia
1905 3515 1983 3546 nihil
1999 3523 2046 3547 est
2061 3517 2278 3558 metaphorice
2293 3515 2327 3547 in
2343 3514 2505 3556 Scriptura

1431 3557 1591 3594 traditum,
1617 3559 1706 3599 quod
1730 3569 1796 3590 non
1820 3559 1921 3600 possit
1944 3561 2072 3601 proprie
2096 3561 2214 3593 doceri.
2237 3559 2334 3592 Nulla
2358 3569 2433 3600 ergo
2458 3566 2504 3590 est

1431 3602 1598 3634 necessitas
1622 3603 1730 3634 utendi
1747 3604 1941 3645 metaphoris
1964 3604 1997 3636 in
2013 3605 2071 3637 hac
2087 3605 2240 3643 doctrina,
2265 3603 2412 3647 quamvis
2428 3612 2504 3635 con-

1430 3646 1591 3678 venienter
1614 3654 1645 3678 et
1668 3647 1785 3679 utiliter
1809 3648 1852 3679 eis
1877 3656 1992 3680 utatur.

2533 455 2543 464 ¹·
2559 454 2584 476 ln
2601 459 2668 482 corp.

2534 611 2542 620 ·
2549 609 2623 641 'Loco
2639 610 2662 632 in

2534 640 2574 658 cit.

2536 1148 2547 1159 '
2562 1147 2629 1171 Vero.
2640 1147 2665 1170 6.
