2768 4178
96 931 107 941 ⁸
123 930 171 958 Qu.
182 936 231 952 vni.

100 1782 154 1804 *ca
174 1788 310 1808 .νι,ιι.ιι.-

99 1810 124 1831 S.
132 1809 154 1831 T
172 1824 178 1830 .
189 1810 241 1831 lect.
252 1815 283 1830 xi.

99 1946 180 1968 ¹Ca.
192 1952 216 1971 ιι,
227 1952 250 1967 n.
262 1952 293 1967 ιο.

98 1973 123 1995 S.
132 1972 176 1994 T.
189 1973 239 1994 lect.
250 1978 283 1995 ιιι,

99 2059 110 2069 ’
125 2059 173 2086 Qu.
189 2064 223 2086 ιιι,
239 2062 280 2080 art.
294 2065 310 2079 1.

199 2271 215 2287 α

198 2369 213 2402 β

103 2485 111 2493 ·
123 2483 159 2504 De
167 2482 226 2504 Fide
235 2482 312 2509 Orth„

102 2510 142 2531 lib.
153 2510 170 2535 1,
185 2515 236 2537 cap.
246 2515 276 2531 ιν.

197 2648 212 2673 ἵ

99 2695 210 2744 ,⁰³ssss
213 2701 290 2742 1¹¹
260 2701 280 2721 ²

226 2725 268 2743 eet.

201 2798 214 2823 δ

331 276 380 312 72

1055 266 1323 313 QUAESTIO
1352 266 1439 314 VII,
1469 266 1766 304 ARTICULUS
1797 269 1811 304 Ι

934 493 1440 572 QUAESTIO
1491 494 1935 552 SEPTIMA

1128 614 1213 654 DE
1245 613 1597 672 INFINITATE
1630 615 1734 656 DEI

1076 722 1114 746 ΙΝ

406 828 476 854 05τ
497 815 842 854 considerationem
864 815 1016 854 divinae
1036 815 1292 865 perfectionis,
1318 827 1408 852 con-

338 826 654 909 psiderandum
684 877 739 907 est
767 870 815 907 de
845 870 925 907 eius
957 869 1159 917 infinitate,
1191 876 1227 906 et
1256 869 1302 906 de
1332 868 1408 906 exi-

337 923 471 961 stentia
490 923 570 961 eius
594 924 633 961 in
652 924 765 960 rebus
779 923 815 960 *τ
840 923 1054 960 attribuitur
1073 923 1175 960 enim
1195 923 1281 960 Deo
1301 922 1408 971 quod

337 977 384 1014 sit
410 977 554 1026 ubique
584 985 620 1014 et
647 977 686 1014 in
715 976 893 1014 omnibus
931 977 1066 1024 rebUS,
1097 977 1323 1026 inquantum
1354 982 1409 1012 est

337 1030 737 1079 incircumscriptibilis
767 1038 803 1067 et
829 1030 1011 1067 infinitus.

338 1084 448 1121 Circa
475 1083 646 1133 primurn
675 1091 910 1133 quaeruntur
938 1090 1111 1132 quatuor.

391 1137 543 1174 Primo:
573 1145 702 1174 utrum
731 1138 837 1175 Deus
866 1137 911 1174 sit
939 1136 1119 1174 infinitus.

1154 721 1354 752 QUATUOR
1382 722 1624 748 ARTICULOS
1658 723 1800 749 DIVISA

1518 816 1720 854 Secundo:
1749 825 1879 855 utrum
1908 817 2051 867 aliquid
2076 826 2228 868 praeter
2254 819 2380 868 ipsum
2410 819 2456 857 sit
2478 820 2535 857 in-

1570 870 1722 907 finitum
1751 871 1965 909 secundum
1995 872 2212 910 essentiam.

1517 923 1670 960 Tertio:
1699 930 1830 961 utrum
1850 924 1993 973 aliquid
2011 925 2133 975 possit
2152 937 2236 963 esse
2264 926 2458 964 infinitum
2478 938 2537 963 se-

1571 976 1742 1014 cundum
1771 977 2087 1026 magnitudinem.

1518 1030 1687 1076 Quarto:
1715 1037 1846 1068 utrum
1873 1031 1994 1080 possit
2020 1044 2104 1069 esse
2133 1032 2324 1070 infinitum
2353 1032 2392 1070 in
2421 1033 2536 1070 rebus

1571 1083 1786 1121 secundum
1814 1083 2109 1122 multitudinem.

1089 1302 1094 1304 ⁷
1154 1254 1479 1297 ARTICULUS
1511 1255 1717 1298 PRIMUS

1077 1347 1252 1378 UTRUM
1282 1347 1408 1378 DEUS
1438 1346 1514 1378 st‘r
1544 1347 1797 1379 INFINITUS

408 1438 484 1463 Parte
499 1438 538 1469 111,
554 1446 599 1471 qu.
613 1446 636 1469 x,
652 1442 698 1462 art.
715 1437 738 1468 3,
753 1437 785 1461 ad
804 1445 830 1468 ις
851 1437 958 1467 1Sent.‚
979 1437 1037 1461 dist.
1051 1444 1121 1467 mit,
1141 1444 1185 1469 qu.
1198 1444 1216 1467 ι,
1236 1441 1283 1461 art.
1301 1443 1327 1466 1;
1347 1436 1449 1461 ICont.
1467 1437 1555 1468 Gene„
1575 1444 1631 1469 cap.
1645 1444 1718 1467 xum
1739 1437 1781 1462 De
1799 1437 1887 1468 Verit„
1908 1446 1954 1471 qu.
1968 1446 1996 1470 n,
2015 1443 2063 1464 art.
2077 1445 2100 1468 2,
2121 1439 2153 1464 ad
2169 1438 2199 1470 53
2219 1447 2263 1472 qu.
2278 1447 2343 1471 xxix,
2364 1446 2410 1466 art.
2427 1439 2456 1471 3,

852 1473 893 1497 De
911 1473 978 1502 Ρο1.,
999 1480 1044 1505 qu.
1063 1480 1080 1503 1,
1099 1477 1145 1497 art.
1167 1479 1194 1502 23
1217 1472 1340 1502 Quodlib.
1354 1471 1394 1502 111,
1413 1477 1459 1497 an.
1474 1471 1501 1503 3;
1524 1473 1669 1504 Compend.
1686 1455 1783 1503 77'1201..
1802 1481 1858 1506 cap.
1877 1481 1946 1504 xvm,
1965 1482 2005 1499 xx.

380 1582 436 1611 [ιι
463 1600 476 1613 .,
479 1587 511 1605 ,-
557 1575 578 1599 D
608 1574 745 1599 PR1MUM
774 1574 827 1599 su:
856 1573 1096 1599 PROCEDITUR.
1127 1560 1286 1598 Videtur
1305 1561 1411 1620 quod

370 1608 425 1663 Ἐξὲι
469 1621 471 1624 “
487 1617 534 1664 ’“’““χ,
556 1617 663 1653 Deus
691 1628 771 1652 non
798 1615 845 1652 sit
873 1615 1052 1652 infinitus.
1084 1614 1213 1652 Omne
1234 1614 1336 1651 enim
1355 1614 1411 1651 in-

361 1652 482 1719 ’βίην
493 1664 495 1667 ⁴
514 1669 544 1719 .’
556 1669 708 1706 finitum
727 1677 783 1706 est
801 1669 1083 1728 imperfectum.
1113 1668 1201 1717 quia
1219 1668 1336 1704 habet
1355 1680 1412 1704 ra-

362 1701 375 1729 1
401 1692 523 1751 (13²
512 1716 701 1760 &tionem
730 1722 845 1772 partis
866 1730 903 1759 et
926 1721 1119 1769 materiae,
1149 1730 1190 1758 ut
1219 1721 1380 1758 dicitur
1373 1733 1411 1758 in

341 1779 389 1815 ΙΙΙ
419 1778 568 1826 Physic.
589 1777 609 1798 ’¹‘
638 1776 716 1813 Sed
745 1778 850 1813 Deus
880 1783 935 1812 est
963 1751 1272 1824 perfectissimus.
1308 1775 1410 1822 Ergo

340 1844 418 1869 non
448 1838 503 1867 est
530 1830 710 1867 infinitus.

395 1897 429 1921 2.
469 1885 712 1931 PRAETEREA,
750 1882 964 1919 secundum
1003 1882 1281 1930 Philosophum
1319 1881 1357 1918 in
1396 1882 1408 1916 I

301 1938 487 1987 -Physia
509 1937 539 1984 ²¹²,
570 1937 720 1974 finitum
751 1943 786 1972 et
814 1936 1006 1973 infinitum
1036 1935 1270 1972 conveniunt
1290 1946 1409 1983 quan-

337 1991 441 2028 titati.
474 1990 549 2028 Sed
579 1990 617 2027 in
646 1991 731 2027 Deo
760 2001 838 2026 non
860 1997 915 2026 est
934 1989 1135 2037 quantitas,
1157 2001 1246 2025 cum
1267 2000 1346 2028 non
1366 1987 1412 2024 sit

339 2057 490 2093 corpus,
510 2051 552 2081 ut
580 2055 695 2092 supra
713 2042 733 2064 ’¹‘
761 2050 958 2080 ostensum
979 2050 1045 2079 est.
1078 2042 1179 2090 Ergo
1206 2054 1285 2079 non
1306 2053 1410 2078 com-

339 2098 431 2147 petit
459 2097 529 2135 sibi
559 2109 641 2134 esse
670 2096 871 2134 infinitum.

397 2153 430 2189 3.
461 2153 695 2197 PRAETEREA,
726 2150 831 2199 quod
859 2150 909 2186 ita
929 2157 986 2186 est
1005 2149 1065 2186 hic
1086 2149 1191 2198 quod
1211 2161 1290 2186 non
1310 2148 1410 2195 alibi,

342 2212 396 2242 est
425 2204 575 2242 finitum
606 2203 819 2240 secundum
850 2204 999 2240 locum:
1031 2214 1120 2250 ergo
1150 2202 1257 2250 quod
1286 2202 1336 2238 ita
1356 2209 1411 2238 est

340 2260 415 2295 hoc
443 2258 548 2307 quod
577 2269 656 2294 non
685 2263 772 2293 est⁰‘
792 2256 904 2302 aliud,
936 2263 991 2292 est
1014 2255 1166 2292 finitum
1195 2255 1410 2292 secundum

341 2310 602 2349 substantiam.
633 2310 711 2347 Sed
740 2311 846 2347 Deus
872 2317 928 2346 est
947 2309 1034 2356 hoc,
1057 2317 1092 2345 et
1111 2321 1190 2357 non
1211 2317 1266 2346 est
1289 2308 1410 2346 aliud:

340 2378 419 2402 non
448 2364 551 2401 enim
573 2371 629 2401 est
650 2363 744 2412 lapis
772 2375 842 2400 nec
857 2361 874 2391 β
893 2362 1048 2411 lignum.
1080 2363 1182 2411 Ergo
1206 2363 1313 2399 Deus
1333 2374 1411 2399 non

341 2426 396 2456 est
424 2418 593 2455 infinitus
621 2417 834 2454 secundum
864 2416 1126 2453 substantiam.

395 2472 469 2509 SED
490 2483 636 2508 CONTRA
656 2482 722 2508 EST
741 2470 846 2520 quod
866 2470 953 2507 dicit
971 2471 1238 2507 Damascenus
1252 2469 1283 2517 *,
1305 2469 1410 2519 quod

340 2527 446 2562 Deus
460 2533 516 2562 est
533 2524 698 2573 infinitus
712 2530 749 2561 et
761 2529 935 2561 aeternus
950 2529 986 2559 et
1004 2522 1409 2571 incircumscriptibilis.

395 2580 619 2615 RESPONDEO
649 2589 833 2615 DICENDUM
862 2577 968 2626 quod
993 2589 1130 2614 omnes
1159 2576 1302 2625 antiqui
1331 2576 1411 2626 phi-

340 2631 490 2680 losophi
519 2631 752 2668 attribuunt⁷
772 2630 963 2668 infinitum
993 2630 1118 2679 primo
1142 2630 1341 2679 principio,
1371 2637 1412 2666 ut

291 2685 475 2722 7dicitur
494 2685 532 2722 in
553 2686 601 2721 111
621 2685 770 2733 Physic.
791 2684 828 2720 *ι
860 2691 895 2720 et
914 2685 988 2721 hoc
1018 2683 1298 2730 rationabiliter,
1322 2696 1410 2720 con-

306 2738 549 2776 siderantes
579 2751 638 2775 res
668 2738 823 2775 effluere
844 2750 866 2774 a
890 2737 1014 2786 primo
1043 2737 1229 2787 principio
1260 2737 1298 2774 in
1327 2737 1411 2774 infi-

341 2792 473 2829 nitum.
505 2792 582 2829 Sed
611 2791 698 2840 quia
726 2789 917 2850 quidam⁰
942 2798 1166 2828 erraverunt
1185 2790 1284 2828 circa
1304 2799 1410 2827 natu-

340 2858 422 2883 ram
451 2845 565 2895 primi
593 2844 780 2904 principii,
812 2856 1050 2893 consequens
1078 2845 1144 2881 fuit
1171 2852 1214 2881 ut
1241 2852 1410 2881 errarent

339 2899 437 2936 circa
462 2898 688 2936 infinitatem
718 2897 846 2947 ipsius.
878 2897 979 2945 Quia
1000 2898 1101 2935 enim
1121 2898 1318 2947 ponebant
1336 2898 1408 2947 pri-

339 2965 447 2990 mum
485 2951 714 3001 principium
753 2951 972 2996 materiam,
1003 2959 1282 3000 consequenter
1310 2951 1408 2988 attri-

339 3007 502 3043 buerunt
530 3006 655 3055 primo
684 3004 869 3054 principio
900 3005 1126 3042 infinitatem
1147 3005 1406 3051 materialem

339 3061 507 3098 dicentes
542 3058 698 3108 aliquod
727 3071 866 3108 corpus
904 3058 1091 3096 infinitum
1129 3071 1210 3096 esse
1239 3034 1406 3108 primuni

337 3113 567 3162 principium
597 3124 737 3149 rerum.

391 3165 724 3204 Considerandum
761 3173 816 3202 est
844 3165 954 3213 igitur
988 3165 1093 3213 quod
1132 3165 1323 3202 infinitum
1353 3164 1406 3202 di-

338 3220 431 3257 citur
460 3219 602 3268 aliquid
622 3231 667 3256 ex
689 3231 734 3255 eo
765 3219 871 3268 quod
891 3231 969 3255 non
991 3226 1045 3255 est
1069 3219 1230 3256 finitum.
1261 3219 1290 3255 F
1295 3218 1407 3255 initur

337 3281 466 3311 autem
495 3273 789 3322 quodammodo
820 3279 855 3309 et
883 3272 1041 3309 materia
1070 3284 1138 3321 per
1167 3273 1344 3319 formam,
1372 3278 1407 3308 et

337 3327 461 3364 forma
490 3339 558 3376 per
587 3325 799 3364 materiam.
840 3325 1001 3362 Materia
1040 3325 1197 3374 quidem
1234 3337 1303 3375 per
1332 3325 1406 3362 for-

337 3392 453 3428 mam,
483 3380 709 3429 inquantum
739 3379 910 3426 materia,
932 3386 1137 3427 antequam
1158 3378 1313 3427 recipiat
1332 3378 1405 3415 for-

1465 1573 1584 1610 mam,
1606 1570 1661 1599 est
1679 1562 1718 1599 in
1736 1562 1907 1611 potentIa
1931 1563 1979 1600 ad
2009 1563 2148 1601 multas
2167 1564 2328 1603 formas:
2359 1564 2429 1602 sed
2448 1577 2538 1603 cum

1465 1615 1596 1664 recipit
1623 1628 1755 1664 unam,
1785 1616 2009 1654 terminatur
2036 1629 2106 1666 per
2133 1617 2248 1654 illam.
2280 1618 2423 1655 Forma
2442 1630 2536 1656 vero

1464 1668 1594 1706 finitur
1611 1681 1681 1718 per
1700 1669 1912 1718 materiam,
1929 1670 2156 1719 inquantum
2177 1671 2312 1719 forma,
2329 1671 2368 1708 in
2387 1683 2428 1708 se
2449 1683 2539 1709 con-

1465 1722 1638 1770 siderata,
1664 1723 1883 1760 communis
1911 1731 1967 1761 est
1993 1723 2042 1761 ad
2070 1725 2190 1762 multa
2209 1724 2244 1761 *z
2274 1724 2342 1762 sed
2366 1737 2437 1774 per
2463 1725 2540 1763 hoc

1465 1776 1570 1825 quod
1600 1777 1776 1826 recipitur
1803 1777 1842 1813 in
1871 1777 2042 1826 materia,
2062 1777 2106 1815 fit
2129 1778 2254 1815 forma
2288 1778 2538 1816 determinate

1464 1829 1577 1867 huius
1597 1830 1661 1866 rei.
1683 1851 1707 1858 -
1728 1830 1890 1867 Materia
1909 1838 2039 1868 autem
2058 1831 2255 1880 perficitur
2272 1843 2344 1882 per
2371 1832 2538 1870 formam

1464 1895 1533 1932 per
1571 1895 1688 1931 quam
1725 1883 1874 1920 finitur:
1906 1891 1943 1921 et
1970 1883 2058 1922 ideo
2096 1884 2286 1922 infinitum
2323 1885 2537 1924 secundum

1464 1937 1572 1984 quod
1600 1936 1812 1974 attribuitur
1836 1937 2031 1985 materiae,
2057 1938 2174 1975 habet
2192 1939 2380 1976 rationem
2398 1939 2538 1988 imper-

1465 1990 1570 2036 fecti;
1601 1997 1656 2027 est
1685 1990 1788 2027 enim
1817 1990 1926 2039 quasi
1955 1991 2114 2028 materia
2142 1997 2161 2027 ‘,
2181 2004 2260 2029 non
2287 1992 2436 2030 habens
2463 1992 2538 2030 for-

1465 2055 1582 2081 mam.
1615 2044 1757 2081 Forma
1778 2052 1907 2081 autem
1927 2056 2006 2081 non
2025 2044 2220 2094 perficitur
2237 2057 2307 2095 per
2326 2045 2537 2094 materiam,

1465 2097 1533 2135 sed
1560 2097 1681 2145 magis
1708 2110 1778 2146 per
1807 2110 1894 2134 eam
1923 2097 2004 2134 eius
2039 2098 2252 2147 amplitudo
2282 2096 2537 2136 contrahitur:

1464 2150 1567 2188 unde
1597 2150 1787 2188 infinitum
1818 2150 2032 2188 secundum
2059 2152 2165 2201 quod
2184 2164 2225 2189 se
2245 2159 2347 2190 tenet
2367 2164 2412 2190 ex
2430 2160 2538 2202 parte

1465 2204 1612 2241 formae
1646 2216 1725 2241 non
1763 2203 2038 2241 determinatae
2072 2217 2142 2254 per
2170 2205 2392 2254 materiam,
2422 2206 2540 2244 habet

1465 2257 1653 2294 rationem
1682 2257 1850 2306 perfecti.

1520 2311 1614 2348 Illud
1629 2318 1759 2347 autem
1776 2310 1882 2359 quod
1903 2318 1958 2348 est
1977 2310 2144 2348 maxime
2166 2311 2326 2349 formale
2347 2311 2536 2360 omniurn,

1465 2372 1521 2401 est
1548 2363 1676 2413 ipsum
1707 2376 1802 2411 esse,
1822 2372 1864 2401 ut
1889 2376 1933 2401 ex
1962 2364 2222 2414 superioribus
2241 2364 2261 2387 '¹‘
2289 2373 2403 2414 patet.
2434 2365 2574 2403 Cum·

1465 2417 1575 2466 igitur
1603 2429 1686 2455 esse
1715 2417 1891 2455 divinum
1920 2429 2000 2455 non
2027 2417 2073 2455 sit
2092 2430 2175 2455 esse
2196 2426 2393 2468 receptum
2413 2418 2453 2456 in
2471 2419 2536 2456 ali-

1465 2483 1555 2520 quo,
1582 2471 1650 2508 sed
1673 2470 1754 2520 ipse
1775 2471 1820 2508 sit
1840 2471 1853 2497 ς
1882 2483 1996 2508 suum
2027 2483 2109 2508 esse
2138 2471 2348 2509 subsistens
2361 2471 2393 2519 *,
2414 2479 2456 2509 ut
2475 2485 2536 2510 su-

1463 2537 1533 2574 pra
1557 2524 1578 2546 *
1606 2531 1803 2562 ostensum
1838 2532 1914 2571 est;
1945 2524 2188 2562 manifestum
2228 2533 2283 2562 est
2320 2525 2426 2574 quod
2454 2525 2535 2575 ipse

1465 2579 1570 2615 Deus
1598 2578 1644 2615 sit
1672 2577 1840 2615 infinitus
1871 2585 1907 2614 et
1932 2578 2134 2627 perfectus.

1518 2633 1567 2669 Et
1594 2638 1663 2681 per
1690 2632 1764 2668 hoc
1792 2639 1896 2681 patet
1925 2631 2124 2681 responsio
2154 2631 2202 2668 ad
2230 2631 2413 2681 primum.

1518 2687 1576 2722 Αι)
1601 2697 1790 2722 SECUNDUM
1812 2696 1995 2722 DlCENDUM
2016 2685 2121 2734 quod
2141 2685 2325 2723 terminus
2349 2684 2535 2735 quantita-

1463 2738 1509 2776 tis
1529 2747 1585 2776 est
1604 2738 1700 2775 sicut
1722 2739 1845 2775 forma
1865 2738 2000 2787 ipsius:
2032 2738 2138 2775 cuius
2158 2738 2309 2787 signum
2331 2746 2398 2787 est,
2427 2738 2535 2788 quod

1463 2792 1596 2851 figura,
1626 2803 1725 2840 quae
1756 2791 1923 2828 consistit
1942 2797 1955 2814 '1
1985 2792 2022 2828 in
2051 2791 2319 2830 terminatione
2348 2792 2534 2844 quantita-

1463 2845 1520 2893 tis,
1542 2853 1597 2883 est
1616 2845 1807 2893 quaedam
1828 2845 1953 2882 forma
1974 2845 2071 2882 circa
2091 2845 2341 2895 quantitatem
2359 2845 2391 2882 *.
2421 2845 2573 2883 Unde·

1462 2898 1653 2936 infinitum
1683 2899 1787 2947 quod
1817 2898 1997 2947 competit
2025 2898 2232 2958 quantitati,
2259 2905 2314 2935 est
2342 2897 2532 2951 infinitum

1462 2952 1568 3002 quod
1588 2964 1627 2989 se
1647 2959 1750 2988 tenet
1774 2963 1819 2988 ex
1838 2960 1944 3000 parte
1965 2951 2162 2989 materiae:
2193 2959 2229 2988 et
2248 2951 2321 2988 tale
2341 2943 2532 2989 infinitum

1462 3018 1542 3043 non
1571 3005 1784 3043 attribuitur
1811 3005 1910 3052 Deo,
1939 3012 1981 3042 ut
2010 3004 2152 3042 dictum
2183 3012 2238 3041 est
2257 3003 2287 3041 ²⁸.

1515 3060 1574 3096 Αι)
1603 3070 1763 3096 Tannum
1792 3070 1975 3096 DlCENDUM
2005 3059 2121 3108 quod,
2148 3069 2193 3095 ex
2211 3058 2287 3095 hoc
2315 3058 2400 3107 ipso
2426 3058 2533 3107 quod

1462 3124 1544 3149 esse
1574 3112 1645 3149 Dei
1676 3119 1731 3149 est
1759 3123 1827 3160 per
1856 3124 1896 3148 se
1927 3111 2133 3149 subsistens
2162 3123 2241 3148 non
2270 3119 2469 3161 receptum
2494 3111 2532 3150 in

1461 3165 1610 3214 aliquo,
1645 3173 1759 3214 prout
1797 3164 1931 3202 dicitur
1967 3164 2180 3212 infinitum,
2217 3164 2455 3213 distinguitur
2482 3165 2532 3203 ab

1461 3218 1642 3255 omnibus
1671 3218 1769 3265 aliis,
1801 3226 1837 3255 et
1865 3218 1937 3256 alia
1967 3225 2215 3255 removentur
2243 3218 2291 3255 ab
2322 3230 2389 3255 eo:
2420 3218 2530 3266 sicut,

1461 3271 1490 3308 si
1521 3279 1619 3309 esset
1647 3272 1784 3309 albedo
1811 3272 2031 3318 subsistens,
2053 3282 2098 3308 ex
2118 3271 2192 3308 hoc
2222 3271 2305 3320 ipso
2326 3271 2433 3331 quod
2452 3283 2532 3310 non

1462 3333 1559 3362 esset
1574 3325 1612 3362 in
1632 3324 1705 3362 alio
1721 3322 1746 3373 ⁰,
1773 3325 1940 3363 differret
1959 3324 2007 3362 ab
2028 3324 2134 3361 omni
2154 3325 2330 3363 albedine
2351 3324 2531 3362 existente

1461 3378 1498 3415 in
1533 3378 1715 3415 subiecto.

390 3510 417 3541 α)
433 3512 480 3534 est.
494 3523 511 3528 -
526 3509 587 3534 Om.
603 3510 749 3535 ABCDEG.
770 3511 831 3535 Item
852 3515 911 3535 ante
931 3517 1044 3542 sequens
1064 3511 1146 3540 aliud,
1163 3511 1264 3535 codices
1284 3515 1309 3534 et
1323 3510 1364 3535 ed.
1379 3516 1404 3533 a.
1431 3508 1434 3547 Ι

391 3543 416 3577 β)
436 3552 488 3569 non
508 3545 578 3570 enim
597 3549 636 3570 est
655 3546 724 3578 Iapis
744 3553 798 3571 nec.
817 3559 836 3565 -
855 3553 907 3570 non
927 3545 996 3570 enim
1016 3546 1084 3578 lapis
1105 3553 1155 3570 ηοη
1176 3546 1204 3570 Β.

390 3582 416 3613 γ)
435 3580 596 3605 attrzbuunt.
614 3594 633 3599 -
651 3581 833 3606 attribuerunt
853 3582 882 3606 Β.
901 3594 919 3601 -
934 3581 1025 3613 primo
1044 3589 1097 3605 om.
1118 3581 1233 3613 CDEpF.

390 3614 415 3647 ὃ)
435 3615 554 3648 quidam.
572 3629 591 3635 ·—
610 3616 672 3641 Om.
692 3617 793 3641 codices
813 3621 837 3641 et
857 3617 898 3641 ed.
917 3624 945 3641 a.
957 3630 976 3636 -
996 3617 1074 3641 lidem
1093 3625 1146 3641 om.
1167 3617 1243 3641 etiam
1259 3616 1351 3649 primi.

391 3651 412 3683 ε)
428 3651 505 3683 quasi
519 3652 642 3676 materia.
652 3666 669 3670 -
685 3652 753 3676 idem
768 3652 839 3684 quod
853 3651 967 3677 materia
984 3652 1011 3680 Β,
1027 3653 1141 3677 materia
1155 3652 1260 3684 infinita
1273 3651 1350 3684 quasi
1362 3651 1406 3675 sF.

1513 3509 1538 3540 ζ)
1557 3509 1601 3534 sit.
1619 3523 1636 3528 -
1655 3513 1695 3534 est
1714 3509 1837 3534 ACDFG.

1513 3545 1539 3575 η)
1562 3544 1691 3570 consistit.
1709 3558 1727 3563 -
1745 3547 1851 3569 constat
1870 3545 1901 3568 Α.
1917 3558 1935 3562 -
1955 3544 2005 3568 Pro
2031 3543 2231 3573 terminatione,
2257 3543 2479 3569 determinatione
2502 3543 2531 3568 Β.

1460 3579 1530 3604 Idem
1550 3586 1609 3612 post
1621 3580 1717 3612 forma
1737 3580 1805 3604 addit
1825 3586 1892 3611 quae
1911 3582 1958 3604 est.

1513 3613 1538 3646 0)
1557 3615 1620 3640 alio.
1639 3629 1658 3634 -
1676 3615 1766 3647 aliquo
1785 3615 1828 3639 sB.
1841 3628 1859 3634 -
1878 3615 1928 3639 Pro
1948 3615 2077 3649 differret,
2098 3615 2265 3641 discernetur
2283 3614 2316 3644 G,
2335 3614 2532 3640 discerneretur

1461 3651 1546 3675 ceteri.

2565 1741 2689 1771 ⁸2⁶3.

2565 2381 2643 2409 ’.Ωιι
2659 2385 2768 2409 man-1

2565 2407 2628 2436 nd3.

2565 2507 2574 2516 ·
2589 2505 2619 2528 D.
2633 2471 2689 2534 4⁶5.

2564 2541 2575 2553 ⁸
2586 2541 2636 2570 Qu.
2646 2546 2735 2569 luha-t.
2742 2548 2767 2569 ⁴-

2565 2859 2616 2881 ·D.
2632 2859 2678 2888 613.

2561 3014 2614 3037 ’ln
2629 3019 2696 3043 corp.
