2768 4178
72 526 84 536 ⁴*
99 525 162 546 Loco
178 524 248 546 citato
254 541 259 546 .

67 1210 76 1217 “
99 1208 124 1229 In
146 1213 252 1234 corpore.
271 1219 280 1224 -

66 1234 102 1256 Cf.
119 1241 157 1262 qu.
173 1241 219 1261 xix,
237 1238 282 1256 art.

65 1268 87 1288 9.

63 2700 74 2711 ¹*
88 2700 124 2723 cf.
141 2707 204 2723 num.
220 2707 236 2723 ι.

322 230 395 266 500

315 308 426 345 Unde
455 319 592 343 verum
619 314 674 343 est
701 307 806 354 quod
835 306 980 342 malurn
1006 305 1217 341 secundum
1238 305 1383 341 nullum

316 361 478 397 modurn
506 360 620 396 habet
641 371 795 395 causam
826 359 897 395 nisi
921 370 990 407 per
1018 357 1204 394 accidens.
1237 357 1299 394 Sic
1319 370 1383 394 au-

315 421 391 449 tem
423 414 569 449 bonurn
601 420 655 448 est
684 424 798 448 causa
825 411 927 448 mali.

367 468 426 502 AD
455 477 592 502 PRIMUM
621 476 719 501 ERGO
749 476 933 501 DICENDUM
968 463 1094 511 quod,
1133 463 1227 500 sicut
1255 464 1384 510 Augu-

314 519 432 555 stinus
471 518 579 564 dicit,
623 518 763 554 Contra
798 517 936 553 Iulian.
957 516 997 552 *ε
1027 517 1205 553 arborem
1240 516 1382 553 malam

313 572 478 620 appellat
502 571 691 607 Dominus
717 571 946 606 voluntatem
967 569 1122 614 malam,
1153 575 1189 605 et
1205 570 1382 606 arborem

313 626 468 669 honam,
497 623 726 660 voluntatem
756 624 906 659 bonam.
942 623 999 658 Ex
1028 623 1225 659 voluntate
1255 630 1382 659 autern

313 678 416 713 bona
444 689 523 713 non
550 676 773 724 producitur
801 683 906 712 actus
936 675 1089 711 moralis
1118 676 1263 713 malus:
1295 688 1382 711 cum

313 742 357 766 ex
386 730 468 778 ipsa
496 730 693 765 voluntate
729 730 831 765 bona
869 728 1055 774 iudicetur
1093 736 1198 764 actus
1227 728 1382 764 moralis

311 783 436 819 bonus
456 789 474 819 ⁴.
507 783 582 819 Sed
611 781 739 818 tamen
770 782 850 830 ipse
870 790 996 818 motus
1026 782 1150 818 malae
1177 781 1383 817 voluntatis

313 843 487 872 causatur
506 848 528 872 a
549 843 719 871 creatura
748 835 932 882 rationali,
963 847 1061 883 quae
1082 835 1185 871 bona
1206 841 1261 870 est
1279 841 1302 870 κ.
1335 835 1383 870 Et

312 889 364 925 sic
394 896 450 925 est
479 901 592 925 causa
620 888 720 924 mali.

364 944 422 978 AD
443 954 633 978 SECUNDUM
654 953 838 978 DICENDUM
859 941 963 989 quod
984 941 1131 977 bonum
1153 952 1232 976 non
1253 948 1383 977 causat

309 995 399 1031 illud
429 995 573 1031 malum
605 994 710 1043 quod
740 1002 794 1030 est
813 994 883 1030 sibi
904 994 1150 1040 contrarium,
1172 995 1240 1031 sed
1260 995 1381 1042 quod-

311 1048 401 1085 dam
444 1047 568 1084 aliud:
613 1047 708 1084 sicut
745 1047 1030 1094 bonitas‘ignis
1069 1054 1198 1083 causat
1235 1047 1380 1083 malurn

309 1113 447 1149 aquae3
479 1108 515 1137 et
537 1101 657 1137 homo
678 1101 803 1137 bonus
824 1100 1038 1138 secundum
1059 1113 1169 1137 suam
1194 1108 1380 1146 naturam,

310 1162 439 1190 causat
467 1155 612 1191 malum
641 1162 769 1190 actum
800 1155 1013 1191 secundum
1043 1166 1207 1190 morem.
1239 1154 1287 1190 Et
1308 1154 1382 1189 hoc

308 1207 434 1256 ipsum
455 1220 524 1256 per
544 1207 719 1244 accidens
741 1215 807 1254 est,
828 1215 870 1244 ut
896 1206 1039 1244 dictum
1061 1215 1115 1244 est
1133 1206 1164 1243 ²¹⁸.
1186 1228 1210 1234 -
1232 1206 1383 1244 Inveni-

308 1269 366 1297 tur
386 1268 514 1297 autem
536 1260 642 1308 quod
667 1260 781 1297 etiam
801 1273 922 1297 unum
945 1260 1223 1297 contrariorum
1253 1268 1383 1296 causat

361 1391 379 1424 ι)
401 1391 448 1416 Ex
470 1392 642 1416 voluntate...
657 1391 749 1416 bonus.
766 1406 785 1410 -
804 1392 852 1416 Ex
870 1392 1008 1416 voluntate
1030 1395 1120 1416 autem
1147 1392 1216 1417 bona
1241 1392 1381 1417 moraliter

307 1434 359 1452 non
374 1427 539 1459 producitur
554 1430 630 1452 actus
649 1427 703 1452 nisi
722 1428 861 1452 moraliter
875 1427 958 1452 bonus
977 1427 1015 1459 G;
1035 1435 1082 1460 pro
1096 1428 1175 1460 priori
1191 1428 1310 1457 moralis,
1325 1435 1380 1453 mo-

307 1462 402 1487 raliter
420 1462 596 1495 CDEFpAsB‚
616 1470 663 1494 pro
683 1463 764 1490 altero
784 1464 827 1488 sB.

359 1498 385 1531 κ)
406 1498 474 1523 bona
492 1501 540 1523 est.
557 1512 576 1517 —
594 1499 663 1523 entis
682 1498 800 1523 bonitate
819 1498 888 1523 addit
907 1498 940 1523 G.

1010 226 1278 273 QUAESTIO
1309 227 1450 274 XLIX,
1481 227 1779 264 ARTICULUS
1809 229 1823 263 I

1441 306 1540 343 aliud
1567 318 1636 354 per
1665 306 1863 342 accidens:
1903 306 1998 343 sicut
2029 307 2207 354 frigidum
2241 308 2403 349 exterius
2432 322 2512 346 am-

1441 358 1549 395 biens
1578 359 1755 405 calefacit,
1787 359 2014 407 inquantum
2046 361 2149 397 calor
2169 361 2369 398 retrahitur
2389 362 2437 399 ad
2457 362 2512 399 in—

1440 412 1590 448 teriora.

1494 467 1552 501 An
1582 476 1741 501 TERTIUM
1770 476 1955 502 mcENDuM
1985 467 2090 514 quod
2124 467 2269 503 malum
2290 467 2405 504 habet
2425 480 2512 504 cau-

1440 530 1523 554 sam
1543 516 1555 538 ²
1585 518 1827 554 deficientem
1863 518 1968 555 aliter
1995 519 2033 555 in
2063 519 2177 555 rebus
2205 520 2445 567 voluntariis,
2477 528 2513 557 et

1440 571 1684 607 naturalibus.
1724 573 1853 619 Agens
1883 572 1983 608 enim
2012 573 2180 608 naturale
2217 573 2394 621 producit
2423 573 2512 610 effe-

1440 631 1543 660 ctum
1579 636 1693 660 suum
1731 626 1845 661 talem
1881 626 1993 672 quale
2030 625 2158 674 ipsum
2189 634 2262 672 est,
2294 626 2364 663 nisi
2393 626 2511 675 impe—

1441 676 1563 712 diatur
1591 677 1638 713 ab
1668 677 1796 724 aliquo
1837 678 2068 715 extrinseco:
2109 687 2144 715 et
2182 679 2256 716 hoc
2294 679 2421 727 ipsum
2457 687 2512 716 est

1440 729 1598 777 quidam
1618 736 1638 756 ¹¹⁴
1667 729 1836 767 defectus
1857 730 1949 768 eius.
1979 732 2091 768 Unde
2120 745 2317 781 nunquam
2344 732 2512 782 sequitur

1440 783 1585 818 malum
1614 782 1651 818 in
1681 782 1839 830 effectu,
1871 783 1941 821 nisi
1969 785 2196 832 praeexistat
2225 784 2379 834 aliquod
2409 786 2510 824 aliud

1439 836 1586 871 malum
1616 835 1653 871 in
1682 843 1815 883 agente
1843 837 1905 873 vel
1936 838 2104 884 materia,
2126 838 2222 875 sicut
2242 839 2383 876 dictum
2404 847 2459 876 est
2477 838 2508 876 ²¹².

1441 888 1516 924 Sed
1546 887 1584 924 in
1614 888 1728 924 rebus
1756 889 1992 936 voluntariis,
2025 883 2192 927 deiectus
2222 892 2379 928 actionis
2399 905 2421 929 a
2441 905 2510 929 vo-

1439 941 1579 977 luntate
1609 949 1694 977 actu
1728 941 1928 979 deficiente
1957 944 2145 990 procedit,
2175 944 2401 993 inquantum
2431 958 2509 982 non

1438 994 1588 1030 subiicit
1607 1007 1647 1030 se
1668 1002 1753 1030 actu
1770 1000 1781 1014 ²'
1801 1008 1892 1031 suae
1914 997 2075 1043 regulae.
2099 996 2174 1043 Qui
2195 1004 2322 1034 tamen
2342 999 2510 1035 defectus

1438 1059 1518 1083 non
1547 1054 1602 1083 est
1632 1048 1762 1096 culpa:
1794 1048 1862 1085 sed
1891 1049 2059 1097 sequitur
2089 1051 2199 1098 culpa
2229 1062 2274 1087 ex
2297 1051 2371 1087 hoc
2404 1051 2510 1100 quod

1440 1113 1528 1137 cum
1557 1100 1620 1137 tali
1651 1101 1800 1138 defectu
1829 1109 2020 1150 operatur.

1491 1155 1550 1190 AD
1571 1165 1745 1196 QUARTUM
1774 1166 1959 1192 DICENDUM
1988 1155 2094 1203 quod
2126 1156 2271 1192 malum
2297 1169 2375 1193 non
2394 1157 2510 1194 habet

1438 1219 1593 1243 causam
1622 1219 1692 1256 per
1720 1220 1772 1254 se,
1803 1207 1871 1245 secl
1899 1221 1968 1257 per
1996 1208 2172 1245 accidens
2200 1216 2360 1257 tantum,
2390 1217 2432 1246 ut
2456 1210 2509 1247 di-

1440 1268 1542 1296 ctum
1573 1269 1628 1297 est
1646 1260 1677 1297 ²⁸.

1487 1391 1518 1424 λ)
1539 1393 1617 1417 habet
1635 1400 1753 1418 causam.
1771 1407 1788 1412 —
1809 1400 1860 1418 non
1881 1393 1959 1418 habet
1976 1401 2086 1418 causam
2105 1393 2157 1419 nisi
2175 1394 2205 1419 B.

1489 1427 1518 1461 μ)
1538 1428 1657 1460 quidam.
1673 1442 1692 1447 —
1711 1428 1816 1461 quidem
1836 1429 1922 1454 PDab.

1489 1463 1512 1495 ν)
1532 1467 1602 1488 actu.
1616 1477 1635 1483 —
1648 1464 1722 1489 actui
1735 1464 1845 1496 AstD.
1863 1478 1881 1483 —
1901 1464 1952 1488 Pro
1970 1465 2018 1489 sed
2035 1465 2163 1497 sequitur,
2179 1464 2226 1490 sed
2240 1467 2328 1490 tamen
2343 1465 2466 1498 sequitur·
2478 1465 2508 1497 F,

1435 1499 1483 1525 sed
1501 1506 1560 1524 eum
1579 1500 1700 1532 sequitur
1718 1499 1780 1524 Pab.

995 1586 1328 1619 Commentaria
1350 1581 1601 1620 Cardia-alis
1624 1587 1825 1621 Caietani

308 1695 483 1758 Tmarus,
509 1691 544 1714 ut
567 1684 655 1720 iacet,
677 1685 715 1715 de
733 1694 826 1715 causa
849 1684 881 1714 in
899 1685 1065 1715 communi
1090 1685 1265 1715 sumendus
1285 1692 1340 1716 est.
1357 1703 1378 1708 -

368 1730 402 1759 ln
426 1738 558 1769 corpore
590 1729 655 1759 duo
686 1728 774 1759 facit:
804 1729 928 1770 primo,
965 1729 1137 1769 respondet
1169 1729 1313 1770 quaesito
1345 1729 1378 1759 in

306 1773 471 1803 communi
496 1772 693 1809 affirmative;
719 1773 870 1810 secundo,
895 1773 926 1803 in
952 1773 1088 1814 speciali,
1115 1774 1292 1805 secundum
1316 1774 1377 1804 sin-

305 1818 379 1857 gula
402 1827 516 1858 genera
541 1827 718 1848 causarum.

360 1862 396 1892 Il.
415 1861 530 1899 Quoad
541 1863 698 1902 primum,
718 1861 881 1892 conclusio
898 1862 1082 1902 responsiva
1099 1868 1159 1893 est:
1181 1862 1286 1893 Causa
1302 1861 1377 1892 mali

305 1913 351 1936 est
369 1907 502 1937 bonum.
519 1924 540 1928 -
557 1906 598 1937 Et
621 1907 773 1946 probatur
788 1906 842 1937 sic.
867 1907 991 1937 Malum
1008 1913 1055 1937 est
1070 1906 1211 1938 defectus
1231 1907 1308 1938 boni
1325 1907 1378 1937 de-

304 1950 375 1981 biti:
402 1960 476 1990 ergo
492 1960 588 1981 omne
605 1951 728 1981 malum
747 1951 841 1981 habet
859 1950 1001 1992 aliquam
1017 1960 1163 1982 causam:
1189 1961 1263 1992 ergo
1284 1961 1379 1982 causa

305 1995 381 2025 mali
405 2002 451 2025 est
474 1995 608 2025 bonurn.

362 2039 467 2069 Prima
491 2039 718 2080 consequentia
742 2039 911 2079 probatur:
937 2039 1011 2080 quia
1036 2039 1177 2071 defectus
1201 2050 1219 2070 a
1242 2039 1377 2071 naturali

304 2090 335 2114 et
359 2083 462 2114 debita
486 2083 694 2123 dispositione
723 2083 899 2114 necessario
923 2084 1070 2124 provenit
1094 2094 1130 2114 ex
1155 2084 1260 2125 aliqua
1284 2093 1378 2115 causa

304 2128 446 2158 trahente
475 2137 542 2158 rem
566 2134 650 2158 extra
673 2138 765 2158 suam
789 2127 1042 2168 dispositionem.
1062 2146 1083 2151 -
1103 2129 1201 2166 Quod
1226 2129 1378 2169 probatur

303 2171 480 2202 inductive:
505 2172 620 2212 primo,
644 2172 677 2202 in
701 2172 787 2202 malo
811 2172 865 2209 rei,
890 2173 1036 2213 exemplo
1061 2179 1169 2204 motus
1184 2173 1305 2212 gravis,
1330 2182 1376 2203 se-

305 2217 421 2252 cundo,
445 2216 479 2246 in
494 2216 580 2246 malo
605 2216 746 2253 actionis,
772 2217 928 2257 quoniam
949 2217 1077 2247 nonnisi
1093 2227 1130 2247 ex
1146 2217 1376 2257 impedimento

305 2260 460 2300 provenit.

360 2304 504 2335 Secunda
521 2310 628 2335 autem
645 2304 870 2345 consequentia
888 2305 1054 2345 probatur:
1075 2305 1150 2346 quia
1165 2314 1231 2335 esse
1249 2314 1376 2335 causam

304 2348 364 2378 soli
384 2350 470 2378 bono
496 2348 652 2379 convenit.
678 2348 776 2386 Quod
796 2349 964 2389 dupliciter
979 2349 1140 2389 probatur.
1166 2348 1284 2385 Primo,
1306 2349 1376 2379 uni-

303 2392 479 2423 versaliter:
510 2393 585 2434 quia
609 2402 675 2423 esse
700 2402 829 2423 causam
853 2393 1002 2424 convenit
1025 2393 1084 2423 soli
1109 2393 1187 2429 enti;
1218 2403 1292 2433 ergo
1317 2393 1376 2423 soli

304 2437 468 2468 bono.·Et
484 2444 570 2468 tenet
586 2437 729 2477 sequela:
754 2437 829 2478 quia
853 2447 950 2468 omne
968 2447 1032 2474 em,
1051 2437 1244 2478 inquantum
1266 2437 1376 2468 huius-

304 2481 404 2518 modi,
429 2488 475 2512 est
497 2482 631 2512 bonum.
649 2498 670 2504 —
687 2479 848 2517 Secundo,
873 2482 906 2512 in
930 2481 1063 2522 singulis
1086 2482 1252 2522 generibus
1267 2492 1375 2512 causa-

303 2535 385 2556 rum.
404 2525 488 2562 Quia
503 2535 607 2566 agenS,
626 2524 696 2556 finis
713 2532 743 2556 et
760 2525 863 2556 forma
878 2525 1116 2566 perfectionem,
1133 2533 1164 2556 et
1181 2536 1376 2567 consequen-

303 2576 350 2600 ter
372 2570 547 2600 bonitatem
575 2570 766 2610 important:
791 2570 921 2600 materia
949 2580 1081 2611 quoque
1113 2570 1188 2601 boni
1219 2570 1375 2601 rationem

303 2614 410 2651 habet,
436 2621 532 2654 prout
555 2614 695 2654 potentia
723 2614 848 2645 bonum
872 2620 927 2645 est.
953 2614 1068 2646 Omnis
1092 2614 1188 2655 igitur
1211 2614 1376 2646 causalitas

304 2659 391 2688 bono
415 2658 475 2688 soli
500 2658 657 2689 convenit.
1280 2686 1282 2688 ,

362 2703 413 2733 111.
428 2703 543 2740 Quoad
554 2702 728 2734 secundum
739 2702 765 2739 *,
783 2703 875 2743 ponit
890 2710 1029 2744 quatuor
1048 2703 1279 2740 conclusiones,
1290 2703 1377 2734 iuxta

304 2753 442 2788 quatuor
465 2757 579 2787 genera
602 2757 779 2778 causarum.
807 2748 917 2778 Prima
942 2754 988 2778 est
1010 2747 1096 2778 iuxta
1125 2758 1254 2778 causam
1278 2755 1375 2778 mate-

303 2791 430 2821 rialem:
455 2791 584 2822 Bonum
602 2798 647 2822 est
663 2801 756 2822 causa
775 2791 850 2822 mali
870 2791 1081 2823 materialiter.
1106 2792 1275 2823 Probatur:
1301 2791 1376 2833 quia

304 2842 350 2866 est
366 2835 432 2866 eius
450 2835 663 2866 subiectum.-
675 2835 823 2866 Secunda
840 2843 900 2867 est:
918 2836 1042 2866 Malum
1058 2846 1123 2868 non
1139 2837 1233 2867 habet
1248 2845 1376 2867 causam

305 2879 482 2910 formalem.
500 2880 671 2910 Probatur:
696 2880 771 2921 quia
788 2887 834 2911 est
849 2880 984 2920 privatio
1002 2880 1133 2911 formae.
1147 2898 1168 2903 -
1188 2881 1297 2911 Tertia
1313 2887 1374 2911 est:

304 2924 427 2954 Malum
444 2933 509 2954 non
526 2924 620 2955 habet
637 2934 764 2955 causam
787 2923 925 2956 finalem.
951 2925 1122 2956 Probatur:
1148 2925 1224 2966 quia
1247 2932 1293 2956 est
1314 2925 1376 2965 pri-

303 2968 389 2998 vatio
413 2968 532 2999 ordinis
560 2969 599 2998 ad
628 2968 771 2999 debiturn
799 2968 916 3005 finem,
948 2979 983 3000 ac
1007 2979 1063 3010 per
1086 2970 1147 3000 hoc
1171 2969 1247 3000 boni
1279 2969 1375 3006 utilis,

303 3012 383 3043 idest
411 3013 451 3042 ad
478 3011 585 3043 finem.
602 3030 622 3036 -
642 3013 769 3050 Quarta
793 3020 856 3044 est:
882 3014 1004 3044 Malum
1035 3014 1129 3046 habet
1158 3024 1286 3045 causam
1310 3013 1374 3045 effi-

305 3056 439 3087 cientem
454 3067 519 3087 non
538 3067 601 3097 per
622 3067 667 3094 se,
693 3058 747 3088 sed
765 3067 830 3098 per
852 3058 1009 3089 accidens.
1035 3058 1076 3089 Et
1094 3058 1176 3089 hanc
1195 3057 1376 3089 manifestat

305 3100 526 3141 distinguendo
547 3101 599 3132 sic.
625 3101 748 3132 Malum
767 3102 898 3133 actionis
916 3109 946 3133 et
962 3103 1084 3134 malum
1104 3102 1147 3134 rei
1164 3102 1374 3134 diversimode

1434 1692 1611 1716 causantur.
1637 1686 1720 1716 Nam
1745 1686 1867 1717 malum
1891 1686 2024 1716 actionis
2048 1693 2194 1717 causatur
2217 1695 2255 1716 ex
2273 1685 2397 1716 defectu
2421 1686 2507 1726 prin·

1433 1729 1506 1769 cipii
1535 1729 1717 1770 principalis
1741 1730 1791 1760 vel
1815 1730 2074 1761 instrumentalis.
2103 1730 2226 1760 Malum
2249 1740 2324 1760 vero
2349 1729 2410 1766 rei,
2439 1739 2508 1760 non

1433 1774 1574 1804 curando
1591 1781 1700 1804 utrum
1719 1774 1772 1804 illa
1788 1784 1836 1804 res
1853 1775 1893 1805 sit
1908 1774 2036 1805 effectus
2056 1774 2204 1815 proprius
2227 1773 2347 1813 agentis
2363 1773 2413 1804 vel
2429 1783 2506 1812 non,

1433 1825 1579 1849 causatur
1601 1818 1781 1859 tripliciter:
1806 1818 2000 1859 quandoque
2017 1828 2054 1849 ex
2069 1818 2185 1849 virtute
2204 1817 2334 1858 agentis,
2358 1818 2506 1859 quando-

1433 1872 1495 1903 que
1520 1872 1557 1893 ex
1581 1862 1706 1894 defectu
1730 1863 1860 1902 agentis,
1885 1863 2080 1904 quandoque
2100 1873 2137 1893 ex
2156 1862 2281 1894 defectu
2299 1862 2460 1894 materiae.

1490 1907 1559 1937 Hac
1575 1907 1776 1937 distinctione
1797 1914 1908 1944 stante,
1924 1908 2078 1947 probatur
2093 1907 2182 1948 quod
2198 1916 2366 1948 nunquam
2382 1907 2507 1938 malum

1431 1951 1526 1982 habet
1545 1961 1674 1982 causam
1690 1951 1879 1982 efficientem
1902 1951 1962 1982 nisi
1982 1961 2046 1992 per
2067 1952 2225 1983 accidens.
2250 1951 2291 1982 Et
2314 1951 2420 1992 primo
2436 1951 2506 1993 qui-

1432 1995 1515 2032 dem,
1540 1996 1671 2036 quando
1696 2003 1842 2026 causatur
1865 2006 1902 2026 ex
1925 1996 2039 2027 virtute
2064 1995 2202 2036 agentis:
2231 1995 2308 2036 quia
2331 2005 2426 2036 agens
2449 2005 2506 2037 per

1431 2050 1464 2070 se
1487 2039 1655 2071 intendens
1678 2040 1827 2071 inducere
1852 2039 1990 2070 formam
2014 2040 2186 2081 propriam,
2211 2049 2268 2080 per
2290 2039 2435 2070 accidens
2458 2039 2505 2071 in-

1431 2084 1531 2115 tendit
1554 2094 1669 2115 nocere
1693 2084 1869 2125 oppositae.

1489 2128 1657 2165 Secundo,
1690 2129 1812 2159 reducit
1844 2135 1964 2159 ceteros
1992 2129 2109 2159 modos
2132 2128 2166 2159 in
2189 2138 2311 2164 unum,
2345 2128 2436 2169 quod
2459 2135 2506 2160 est

1430 2182 1526 2213 agens
1550 2183 1617 2203 esse
1633 2172 1792 2204 deficiens.
1817 2173 1858 2203 Et
1872 2174 1986 2213 probat
2001 2173 2159 2204 intentum
2183 2173 2237 2204 sic.
2262 2173 2340 2204 Esse
2355 2172 2505 2204 deficiens

1431 2217 1544 2247 accidit
1559 2218 1661 2247 bono:
1688 2227 1762 2257 ergo
1783 2217 1905 2247 malum
1921 2218 2099 2248 secundum
2115 2217 2242 2248 nullum
2258 2217 2396 2248 modum
2410 2216 2506 2250 habet

1430 2270 1558 2291 causam
1575 2261 1634 2291 nisi
1651 2271 1706 2301 per
1730 2261 1884 2292 accidens.
1909 2262 1950 2292 Et
1965 2268 2050 2292 tenet
2074 2261 2220 2302 sequela:
2246 2260 2321 2302 quia
2340 2262 2428 2291 bono
2447 2270 2505 2302 per

1431 2315 1463 2335 se
1480 2305 1634 2345 competit
1649 2315 1750 2345 agere.
1763 2323 1784 2328 -
1797 2305 1954 2336 Reductio
1970 2312 2078 2336 autem
2094 2305 2233 2345 praefata
2249 2304 2284 2336 fit
2300 2305 2353 2336 sic.
2374 2305 2503 2346 Reliqui

1430 2349 1518 2379 modi
1537 2349 1740 2380 continebant
1763 2350 1886 2380 malum
1910 2357 1964 2380 aut
1988 2349 2115 2380 effectus
2141 2349 2271 2390 proprii,
2288 2356 2344 2379 aut
2359 2349 2502 2380 actionis.

1430 2393 1492 2424 Sed
1516 2393 1656 2424 defectus
1685 2393 1812 2424 effectus
1843 2394 1964 2434 proprii
1992 2400 2038 2424 est
2067 2394 2117 2424 vel
2141 2403 2178 2424 ex
2202 2393 2326 2424 defectu
2351 2393 2502 2430 actionis,

1429 2438 1479 2468 vel
1503 2448 1540 2468 ex
1564 2437 1688 2468 defectu
1713 2437 1887 2478 passionis:
1917 2444 1948 2469 et
1970 2438 2033 2469 hoc
2057 2438 2190 2478 quidem
2217 2447 2255 2468 ex
2278 2437 2425 2475 materia,
2449 2437 2503 2469 ine

1429 2492 1511 2517 vero¹
1524 2492 1562 2512 ex
1582 2481 1705 2512 defectu
1730 2482 1822 2513 activi
1845 2481 1991 2522 principii
2015 2482 2174 2523 procedit:
2199 2488 2230 2512 et
2245 2488 2378 2522 uterque
2394 2491 2503 2512 rursus

1430 2526 1594 2557 constituit
1610 2536 1738 2556 causam
1763 2525 1904 2557 deficere.
1930 2526 2014 2566 Ergo
2038 2526 2144 2556 omnis
2163 2525 2281 2556 modus
2297 2535 2364 2567 quo
2381 2525 2503 2556 malum

1430 2570 1584 2611 provenit,
1603 2570 1642 2601 ad
1659 2569 1790 2601 deficere
1810 2570 1929 2610 agentis
1946 2570 2115 2607 reducitur,
2138 2570 2363 2611 undecumque
2383 2569 2504 2601 oriatur

1430 2614 1581 2646 defectus.

1488 2659 1529 2690 Et
1552 2659 1596 2690 sic
1619 2659 1753 2690 breviter
1771 2661 1894 2690 Auctor
1917 2659 2028 2690 omnia
2051 2659 2195 2690 membra
2217 2658 2316 2690 totius
2338 2658 2502 2690 divisionis

1430 2703 1648 2744 perlustravit,
1679 2703 1719 2734 ad
1743 2704 1809 2734 duo
1834 2703 1980 2740 reducta,
2010 2703 2127 2735 scilicet
2154 2703 2277 2735 :mlum
2300 2702 2428 2734 effectus
2451 2712 2502 2735 ex-

1429 2747 1538 2785 tranei,
1564 2754 1594 2778 et
1613 2747 1735 2778 malurn
1760 2747 1888 2778 effectus
1912 2747 2049 2789 proprii:
2073 2747 2107 2778 in
2129 2747 2192 2778 hoc
2216 2747 2302 2778 enirn
2322 2747 2417 2778 etiarn
2435 2757 2502 2778 ma-

1429 2793 1499 2823 lum
1522 2791 1654 2823 actionis
1679 2791 1920 2832 comprehendit
1943 2792 2052 2834 quoad
2076 2801 2214 2823 causam.

1475 2836 1527 2867 lv.
1546 2836 1580 2866 In
1598 2835 1805 2877 responsione
1824 2837 1864 2866 ad
1880 2836 2018 2872 tertium,
2038 2837 2164 2867 adverte
2180 2835 2279 2877 quod,
2297 2845 2372 2866 cum
2388 2835 2503 2866 dicitur

1430 2881 1519 2922 quod
1535 2879 1674 2911 defectus
1692 2880 1896 2912 subiectionis
1915 2881 2041 2921 regulae
2057 2891 2120 2911 non
2137 2885 2185 2911 est
2200 2881 2307 2921 culpa,
2323 2880 2381 2911 sed
2396 2889 2469 2911 eum
2484 2879 2503 2899 ⁴⁸

1429 2926 1576 2966 sequitur
1591 2925 1698 2966 culpa,
1715 2931 1820 2966 potest
1839 2926 1919 2956 bene
1943 2932 1974 2956 et
1997 2925 2079 2956 male
2094 2924 2237 2964 intelligi.
2262 2923 2294 2956 Si
2310 2924 2503 2964 intelligatur

1431 2970 1470 3000 de
1494 2969 1617 3000 defectu
1642 2969 1695 3000 tali
1720 2970 1880 3006 absolute,
1912 2979 2025 3000 verum
2048 2969 2171 3000 dicitur.
2202 2968 2236 2999 Si
2259 2976 2367 3000 autem
2387 2969 2426 2999 de
2449 2968 2501 2999 de-

1431 3013 1514 3044 fectu
1538 3014 1608 3051 hoc,
1632 3013 1714 3045 idest
1737 3013 1895 3055 applicato
1916 3014 1956 3044 ad
1975 3013 2061 3045 hunc
2083 3019 2268 3054 operantem
2292 3012 2359 3044 sine
2382 3012 2500 3054 regula,

1430 3057 1548 3088 falsum
1572 3065 1633 3089 est:
1659 3057 1814 3099 quoniam
1838 3068 1875 3089 ex
1898 3058 1967 3099 ipsa
1991 3057 2202 3099 applicatione
2226 3057 2265 3087 ad
2290 3057 2390 3094 hunc,
2416 3066 2502 3088 nunc

1430 3102 1473 3133 sic
1492 3109 1688 3143 operantem,
1709 3102 1821 3143 culpae
1841 3102 1997 3134 rationem
2021 3102 2159 3133 sortitur.

2634 743 2652 769 μ-

2539 849 2547 858 ·
2563 848 2589 870 In
2604 854 2712 878 corpore.

2535 1267 2547 1279 ⁴
2561 1266 2621 1289 Ibid-

2530 2885 2539 2895 ·
2554 2884 2592 2907 Cf.
2608 2888 2659 2908 not.
2673 2892 2694 2909 ν.

2758 3944 2768 4178 um
2759 3546 2768 3936 —..—»-..-„..—-nm—-....2..-.-.
2766 3531 2768 3533 .
2765 3499 2768 3519 i..
2766 3469 2768 3475 .
2762 3399 2768 3454 .-....
2764 3359 2768 3363 .
