2522 3970
2308 223 2357 248 XV

143 311 169 337 a
202 295 456 337 doctissimo
491 295 585 336 viro
625 307 740 335 anno
787 292 901 347 1507
938 292 1138 333 absoluta
1171 292 1323 340 fuisse,
1369 292 1504 333 verba
1537 298 1747 334 testantur
1780 307 1893 348 quae
1927 294 2110 348 ipsemet
2144 294 2197 335 de
2232 308 2355 336 more

143 372 225 400 suo
250 358 293 399 in
317 358 401 399 fine
425 357 615 413 apponit.
659 375 671 392 ‹
690 357 747 397 Et
769 356 830 397 sic
861 355 1060 410 «inquit»
1090 355 1234 395 finitur
1256 361 1343 395 tam
1367 355 1500 396 divini
1525 355 1669 410 operis
1692 362 2054 410 praesumptuosa
2078 357 2352 411 expositio...

143 422 314 463 Romae
337 434 452 461 anno
474 420 623 462 salutis
649 418 777 473 1507,
803 418 872 459 die
896 417 1089 459 secunda
1111 417 1226 458 Maii.
1251 418 1299 458 In
1319 418 1551 458 Conventu
1574 431 1607 458 s.
1625 418 1788 459 Mariae
1811 431 1941 473 super
1964 419 2219 469 Minervam,
2239 434 2354 461 anno

144 484 295 525 aetatis
319 496 442 524 meae
466 484 538 535 39.
563 481 825 523 Benedictus
851 481 986 522 Deus.
1010 498 1024 517 ›
1054 480 1279 521 Publicam
1301 487 1446 521 autem
1469 480 1610 521 lucem
1631 481 1826 521 Venetiis
1850 488 2122 535 aspexerunt,
2147 496 2234 523 una
2257 496 2354 523 cum

143 552 263 587 textu
286 546 543 594 s.Thomae‚
568 557 683 585 anno
707 543 888 588 Domini
919 542 1047 592 1508,
1072 542 1208 598 pridie
1232 557 1370 583 nonas
1395 543 1510 592 Maii,
1534 543 1745 598 impressa
1774 560 1788 579 ‹
1819 557 1990 584 summa
2012 558 2110 585 cum
2135 544 2356 600 diligentia

145 615 187 650 et
208 607 481 650 studiositate
505 620 583 662 per
605 607 907 662 presbyterum
931 607 1150 647 Bonetum
1169 605 1223 646 de
1246 606 1517 646 Locatellis...
1538 606 1773 646 venerabili
1797 606 1922 647 fratre
1944 607 2071 647 Patre
2094 607 2277 648 Alberto
2301 608 2355 649 de

145 671 335 712 Castello
359 670 532 711 Veneto
556 669 823 711 sollicitante.
845 687 858 706 »
890 668 1083 710 Editioni
1116 668 1309 723 praefixa
1331 674 1396 709 est
1419 668 1602 723 epistola
1624 669 1936 723 nuncupatoria
1958 669 2094 710 fratris
2118 670 2355 726 Augustini

142 733 309 775 Natalis
332 732 554 789 Ragusaei
588 732 644 773 ad
667 733 863 773 Marcum
889 731 1185 772 Gradonicum
1207 731 1430 772 Patritium
1454 731 1684 780 Venetum‚
1709 744 1822 785 quae
1845 731 1906 771 sic
1934 731 2099 786 incipit:
2131 750 2146 769 «
2167 733 2355 786 Primam

142 797 316 838 Partem
350 795 560 837 Summae
594 795 867 851 Theologiae
901 795 1036 835 sancti
1070 793 1289 843 Doctoris,
1324 794 1470 834 Marce
1506 793 1764 842 Gradonice,
1800 807 1889 848 quo
1925 794 2181 836 eliminatior
2209 795 2354 850 impri-

144 864 342 907 meretur,
377 863 608 913 praecepto
644 858 802 898 Revmi
826 858 964 898 Patris
988 857 1149 898 Fratris
1172 857 1372 897 Thomae
1400 856 1454 897 de
1476 856 1564 896 Vio
1591 855 1797 904 Caietam,
1823 856 1995 897 Artium
2019 863 2061 898 et
2082 857 2355 913 Theologiae

142 920 409 963 Professoris
443 920 721 970 celeberrimi,
747 934 796 961 ac
819 920 951 961 totius
975 926 1148 961 nostrae
1172 919 1414 975 Religionis
1438 918 1729 959 Moderatoris
1752 918 2085 973 prudentissimi,
2110 919 2175 960 his
2200 920 2354 961 diebus

145 983 377 1025 emendare
412 983 571 1024 curavi.
606 984 704 1038 Ipse
740 996 929 1038 namque
952 983 1019 1023 vir
1052 981 1366 1023 eruditissimus
1400 981 1540 1022 voluit
1573 986 1619 1022 ut
1642 981 1733 1022 eius
1758 982 2067 1022 commentaria
2090 981 2352 1032 doctissima,

143 1046 513 1101 quaestionesque
547 1046 879 1094 subtilissimae,
915 1045 1087 1086 nonnisi
1123 1044 1353 1085 emendato
1389 1044 1509 1098 operi
1542 1044 1832 1100 iungerentur.
1858 1062 1872 1081 ›
1903 1043 1976 1085 Ad
1999 1045 2109 1085 hanc
2133 1058 2239 1101 ergo
2263 1045 2353 1086 Ve-

143 1114 290 1150 netam
324 1108 751 1150 Commentariorum
786 1107 979 1149 Caietani
1024 1106 1280 1154 editionem,
1317 1119 1428 1160 quae
1474 1106 1611 1161 prima
1653 1107 1802 1160 procul
1838 1106 1972 1147 dubio
2009 1113 2088 1156 est,
2125 1121 2352 1162 quaeque,

144 1183 327 1227 operam
360 1185 485 1212 suam
508 1171 827 1226 praestantibus
851 1169 1121 1225 peritissimis
1144 1168 1247 1209 viris
1272 1168 1455 1209 Alberto
1481 1168 1535 1209 de
1560 1169 1749 1209 Castello
1774 1175 1816 1209 et
1838 1169 2090 1224 Augustino
2113 1170 2256 1211 Natali
2280 1169 2352 1224 (1),

147 1233 191 1275 in
224 1233 366 1276 lucem
399 1234 581 1289 prodiit,
617 1239 811 1274 nostram
846 1232 888 1273 in
922 1232 1127 1273 omnibus
1162 1230 1410 1272 examussin
1446 1231 1683 1286 exegimus
1720 1231 1781 1271 At
1814 1231 2022 1285 quoniam
2056 1245 2134 1272 nec
2168 1232 2258 1281 illa,
2295 1233 2353 1273 ob

148 1295 406 1352 imperitiam
430 1302 472 1336 et
494 1295 765 1336 oscitantiam
799 1295 1134 1349 typothetarum,
1159 1308 1185 1335 a
1207 1293 1376 1334 mendis
1399 1299 1536 1341 vacat,
1561 1292 1721 1334 idcirco
1746 1307 1968 1348 nunquam
1996 1294 2223 1335 omisimus
2250 1295 2354 1335 alias

142 1358 188 1400 in
219 1358 582 1400 consultationem
615 1371 788 1407 vocare,
823 1357 1111 1399 Parisiensem
1146 1369 1302 1411 nempe
1336 1355 1436 1396 anni
1478 1354 1594 1407 1514
1630 1355 1711 1410 (2),
1746 1356 2099 1411 posterioresque
2132 1363 2354 1411 praestan-

142 1421 276 1463 tiores
310 1420 536 1462 editiones.

270 1483 366 1524 Hac
399 1489 544 1524 autem
577 1483 649 1524 via
673 1489 716 1524 et
739 1483 905 1524 ratione
928 1488 1106 1529 textum,
1131 1481 1395 1536 ubicumque
1418 1481 1592 1522 vitiatus
1614 1487 1850 1536 appareret,
1876 1481 2119 1531 reformare,
2145 1488 2354 1536 quantum

142 1545 272 1595 licuit,
297 1546 557 1587 curavimus.
582 1545 729 1587 Primo
753 1546 946 1587 animum
970 1551 1012 1586 et
1034 1551 1224 1586 mentem
1247 1544 1361 1586 serio
1385 1543 1669 1599 applicuimus
1692 1543 1748 1585 ad
1771 1544 2006 1600 genuinam
2030 1544 2354 1601 intelligentiam

142 1608 466 1664 assequendam
501 1622 653 1650 eorum
688 1622 801 1663 quae
834 1608 877 1649 in
911 1608 977 1649 his
1012 1607 1331 1649 commentariis
1356 1607 1651 1655 continentur;
1687 1606 1729 1647 in
1764 1620 1895 1662 quem
1929 1607 2059 1648 finem
2095 1620 2183 1648 non
2217 1608 2356 1664 piguit

142 1671 253 1713 alios
288 1671 416 1713 etiam
439 1671 558 1712 adire
591 1677 808 1721 auctores,
844 1684 1031 1726 quorum
1062 1671 1136 1711 vel
1170 1669 1410 1711 doctrinam
1440 1669 1622 1710 assumit
1645 1669 1878 1711 Caietanus
1907 1669 1949 1710 in
1979 1683 2107 1711 suum
2132 1683 2354 1711 commen-

141 1734 310 1784 tarium,
345 1734 416 1775 vel
450 1734 680 1789 opiniones
714 1734 878 1783 refutat,
914 1734 983 1774 vel
1017 1739 1274 1790 argumenta
1301 1738 1450 1773 contra
1483 1732 1752 1774 s.Thomam
1786 1732 1918 1773 diluit.
1954 1732 2126 1774 Deinde
2159 1733 2256 1774 loca
2288 1733 2354 1774 vi-

142 1796 246 1838 tiata
278 1796 321 1842 in
355 1810 441 1838 una
475 1797 677 1846 editione,
714 1810 767 1838 ex
789 1797 883 1838 aliis
907 1796 1182 1838 restituimus.
1218 1795 1307 1838 Ubi
1330 1808 1437 1836 vero
1473 1794 1583 1836 duae
1607 1794 1814 1836 lectiones
1842 1795 2135 1844 occurrebant,
2171 1809 2354 1851 quarum

142 1865 326 1915 utraque
360 1859 580 1901 contextui
615 1865 658 1900 et
691 1859 823 1900 menti
864 1859 1069 1901 Auctoris
1113 1872 1309 1900 consona
1343 1871 1526 1912 quoquo
1568 1857 1703 1899 modo
1748 1857 1995 1913 videbatur,
2031 1858 2277 1899 alterutram
2312 1859 2354 1899 in

143 1922 340 1978 margine
374 1922 535 1963 laterali
569 1922 866 1977 apposuimus.
907 1921 1118 1962 Indubios
1152 1934 1332 1969 errores,
1358 1920 1562 1964 omnibus
1588 1920 1851 1962 editionibus
1875 1933 2142 1970 communes,
2177 1921 2353 1976 proprio

143 1990 279 2026 marte
314 1984 655 2026 emendavimus.
692 1984 781 2026 Ubi
814 1997 938 2025 vero·
959 1984 1198 2025 editionum
1232 1983 1359 2024 lectio
1399 1996 1487 2023 non
1524 1983 1649 2038 plene
1683 1983 1948 2037 respondere
1982 1984 2199 2024 contextui
2230 1983 2353 2025 vide-

143 2047 280 2096 batur,
315 2053 485 2102 poterat
516 2053 661 2088 tamen
695 2047 839 2101 aliqua
867 2047 1033 2088 ratione
1055 2045 1268 2095 sustineri,
1293 2046 1335 2086 in
1359 2045 1454 2100 ipso
1488 2045 1682 2102 margine
1706 2059 1803 2086 cum
1827 2045 1955 2102 signo
1990 2045 2352 2103 interrogationis,

143 2115 191 2150 ut
223 2108 314 2150 fieri
353 2109 476 2158 solet,
512 2109 761 2150 notavimus
802 2108 1030 2164 quomodo
1066 2108 1194 2150 nobis
1228 2107 1447 2149 videretur
1479 2108 1726 2164 legendum.

268 2172 445 2213 Praeter
467 2172 586 2221 haec,
611 2171 726 2213 aliud
749 2171 791 2213 in
815 2172 895 2213 hac
920 2178 1069 2213 nostra
1091 2171 1281 2212 editione
1303 2176 1520 2226 praestare
1545 2170 1802 2219 curavimus,
1828 2170 1870 2211 in
1898 2170 2181 2212 commodum
2205 2184 2355 2213 eorum

144 2234 220 2290 qui
242 2234 285 2275 in
308 2234 465 2276 horum
500 2234 927 2292 Commentariorum
950 2234 1134 2276 lectione
1158 2233 1354 2275 nondum
1388 2233 1492 2274 satis
1515 2233 1673 2274 versati
1697 2239 1808 2274 sunt.
1844 2233 2168 2275 Commentaria
2200 2247 2356 2289 nempe

143 2296 188 2338 in
220 2310 323 2338 suas
357 2310 559 2352 quaeque
593 2303 736 2353 partes
772 2297 1094 2346 distribuimus,
1138 2302 1370 2352 partesque
1404 2296 1598 2352 singulas
1632 2296 1816 2351 propriis
1851 2296 2040 2337 numeris
2069 2296 2354 2338 distinximus.

143 2359 285 2401 Deinc
307 2359 405 2401 loca
428 2360 586 2410 omnia,
610 2360 666 2401 ad
690 2373 803 2415 quae
826 2360 869 2401 in
893 2360 1051 2401 eodem
1075 2359 1387 2401 commentario
1412 2358 1585 2400 remittit
1607 2359 1786 2408 Auctor,
1806 2372 2007 2414 quaeque
2030 2359 2161 2400 menti
2185 2365 2358 2415 oportet

144 2435 241 2464 esse
286 2423 528 2478 praesentia
572 2423 628 2464 ad
662 2423 988 2479 intelligentiam
1027 2435 1177 2464 eorum
1212 2435 1324 2477 quae
1359 2421 1401 2462 in
1434 2421 1649 2476 praesenti
1692 2421 1909 2470 dicuntur,
1945 2427 1992 2462 ut
2024 2422 2141 2463 nullo
2176 2422 2355 2478 negotio

143 2484 287 2526 statim
311 2484 366 2526 ab
401 2485 606 2527 omnibus
640 2486 821 2527 inveniri
844 2486 1024 2541 possint,
1060 2485 1234 2541 signato
1259 2485 1300 2526 in
1324 2484 1518 2539 margine
1552 2497 1733 2525 numero
1768 2484 2065 2525 indicavimus.
2090 2485 2189 2525 Hoc
2212 2491 2356 2526 autem

145 2553 309 2602 quanto
344 2548 596 2589 adiumento
631 2549 820 2590 futurum
853 2548 909 2590 sit
942 2548 1138 2597 novitiis,
1162 2548 1216 2588 »in
1250 2547 1524 2603 longioribus
1557 2547 1809 2602 praesertim
1843 2547 2181 2596 commentariis,
2224 2561 2355 2603 expe-

144 2610 329 2651 rimento
365 2611 591 2652 constabit.

273 2672 417 2725 Quam
453 2673 629 2714 demum
663 2673 706 2714 in
740 2679 859 2714 textu
893 2687 925 2715 s.
951 2674 1151 2715 Thomae
1184 2673 1411 2728 posuimus
1446 2685 1625 2727 operam
1649 2678 1691 2713 et
1725 2671 1991 2727 diligentiam
2014 2672 2056 2714 in
2080 2672 2354 2714 restituendis

146 2740 189 2776 et
210 2734 463 2789 supplendis
498 2735 688 2777 cuiusvis
721 2736 894 2792 generis
930 2736 1161 2785 indicibus,
1199 2735 1382 2777 eandem
1421 2748 1599 2790 prorsus
1635 2741 1676 2776 et
1708 2734 1751 2775 in
1787 2735 2122 2776 Commentariis
2162 2735 2355 2777 Caietani

145 2797 423 2839 adhibuimus
458 2797 531 2852 (3).

159 2982 182 2996 '⁸
206 2993 248 3028 (1)
264 3003 279 3019 ι
292 2992 429 3021 Albertus
442 2992 632 3027 Castellanus,
648 3002 727 3021 anno
746 2993 820 3030 1507
835 2994 873 3021 ad
887 2993 1035 3021 Thomam
1051 2993 1223 3021 Caietanum

144 3038 208 3061 tum
237 3032 356 3061 Ordinis
383 3033 533 3061 Vicarium
561 3033 733 3061 Generalem
762 3033 907 3069 scribens,
937 3040 964 3061 et
993 3033 1224 3062 Constitutiones

145 3078 262 3101 nostras
287 3082 477 3110 nuncupans,
506 3074 543 3101 ab
565 3073 650 3101 annis
671 3073 729 3101 iam
750 3073 850 3111 viginti
871 3073 1014 3102 librorum
1040 3074 1223 3102 edendorum

146 3112 334 3149 accurationi,
345 3113 551 3151 Magistromm
567 3113 686 3142 Ordinis
701 3113 840 3142 Ioachimi
854 3114 1000 3149 Turriani,
1021 3114 1225 3151 Vincentiique

1280 2991 1435 3020 Insulensis
1457 2991 1515 3019 divi
1530 2991 1648 3020 Ordinis
1663 2993 1795 3020 Fratrum
1811 2992 2062 3027 Praedicatorum,
2081 2992 2214 3029 expensis
2228 3001 2261 3021 ac
2276 3001 2355 3020 sum-

1278 3032 1376 3069 ptibus
1390 3031 1504 3069 providi
1519 3031 1571 3059 viri
1582 3032 1697 3060 Claudii
1709 3032 1868 3061 Chevallon
1880 3039 1908 3061 et
1917 3032 2031 3070 Aegidii
2043 3033 2213 3068 Sourmont,
2224 3032 2354 3061 eiusdem

1279 3072 1455 3101 Academiae
1469 3071 1666 3108 librariorum,
1677 3072 1833 3109 expliciunt
1847 3073 1973 3102 feliciter.
1986 3074 2075 3101 Anno
2090 3073 2210 3101 Domini
2221 3073 2354 3109 MDXIV,

1281 3113 1327 3141 die
1344 3122 1413 3140 vero
1435 3121 1486 3140 xvr
1507 3112 1615 3140 mensis
1635 3113 1819 3141 Novembris.

147 3152 279 3181 Bandelli
294 3153 464 3183 auctoritate
483 3154 662 3191 praefectum
684 3163 714 3181 se
735 3160 865 3182 testatur.
879 3166 893 3180 ›
910 3155 1072 3189 Echardus,
1087 3155 1175 3183 Tom.
1193 3155 1225 3189 ΙΙ,

146 3202 213 3230 pag.
235 3193 284 3228 48.
300 3208 319 3213 —
340 3194 384 3222 De
404 3194 570 3231 Augustino
593 3204 661 3222 vero
684 3194 721 3222 Di
742 3195 829 3230 Nale,
852 3204 904 3223 seu
926 3194 1036 3230 Natali,
1058 3201 1090 3223 ut
1111 3194 1173 3232 ipse
1194 3203 1225 3222 se

147 3239 307 3269 nuncupat,
329 3242 417 3270 quem
438 3234 526 3263 Iulius
542 3235 566 3262 11
588 3234 751 3272 Ragusinae
772 3234 918 3263 Ecclesiae
939 3244 1018 3263 anno
1046 3235 1120 3263 1512
1142 3244 1224 3271 prae-

147 3273 223 3308 fecit,
245 3273 318 3301 haec
338 3274 426 3302 habet
446 3274 524 3303 idem
546 3275 712 3303 Echardus:
737 3286 752 3301 «
770 3275 911 3303 Caietano
929 3275 969 3303 sic
984 3276 1108 3311 probata
1122 3282 1183 3303 erat
1198 3282 1226 3303 et

146 3313 298 3350 explorata
318 3313 380 3341 eius
402 3314 536 3350 eruditio,
557 3322 590 3343 ut
610 3316 848 3352 recognoscenda
870 3315 910 3343 illi
932 3315 1113 3343 commisisse
1134 3315 1227 3343 ferant

147 3363 224 3391 quae
246 3353 276 3381 in
298 3363 321 3381 s.
337 3354 471 3382 Thomae
492 3355 644 3383 Summam
667 3355 829 3392 scripserat,
851 3365 885 3384 ac
906 3356 935 3383 in
950 3355 1045 3383 lucem
1067 3355 1226 3384 emittenda

146 3395 269 3431 parabat
291 3394 518 3423 Commentaria.
532 3406 547 3421 ιο
570 3395 641 3424 Ibid.
657 3405 722 3434 pag.
739 3397 786 3433 67.

209 3435 251 3469 (2)
273 3435 353 3462 Haec
380 3433 469 3462 editio
498 3435 627 3464 continet
655 3436 875 3465 Commentaria
902 3435 1033 3464 Caietani
1061 3435 1123 3464 sine
1147 3442 1226 3464 textu

147 3483 172 3502 s.
183 3475 327 3509 Thomae,
343 3480 371 3502 et
382 3474 412 3502 in
423 3474 481 3502 fine
492 3474 563 3503 haee
572 3476 674 3504 habet:
689 3488 703 3503 α
714 3476 964 3505 Commentaria...
976 3476 1110 3504 Thomae
1122 3476 1158 3504 de
1169 3476 1226 3504 Vio

149 3514 290 3550 Caietani,
305 3514 394 3543 totius
410 3514 529 3542 Ordinis
543 3515 780 3544 Praedicatorum
796 3516 954 3551 Generalis,
970 3525 1086 3544 summa
1100 3525 1167 3544 cum
1183 3516 1227 3544 di-

147 3554 274 3591 ligentia,
286 3554 473 3592 maximoque
484 3554 591 3590 studio,
601 3555 631 3583 in
642 3556 878 3585 nominatissimo
890 3556 1044 3585 Parisiensi
1055 3556 1226 3593 Gymnasio,

146 3594 263 3623 noviter
283 3595 433 3632 impressa,
449 3594 546 3624 studio
561 3601 589 3623 et
602 3596 703 3624 labore
717 3597 763 3625 Fr.
778 3597 895 3626 Ioannis
911 3597 1049 3633 Nocliart,
1065 3603 1227 3626 conventus

1341 3153 1382 3189 (3)
1398 3154 1466 3190 Pag.
1487 3153 1550 3188 180,
1566 3152 1597 3180 in
1611 3152 1754 3190 principio
1770 3152 1981 3181 Commentarii
1996 3153 2033 3181 ad
2048 3159 2100 3182 art.
2114 3153 2140 3188 8,
2154 3163 2202 3190 qu.
2213 3161 2272 3188 er,
2288 3160 2356 3190 post

1280 3203 1384 3222 vocem
1406 3194 1540 3230 quoniam
1562 3192 1666 3221 excidit
1687 3193 1857 3221 adverbium
1878 3193 1954 3222 hinc.
1969 3210 1988 3215 -
2007 3195 2150 3221 Notamus
2172 3193 2258 3221 etiam
2280 3203 2355 3221 non-

1280 3234 1374 3262 nullas
1400 3233 1550 3261 citationes
1576 3243 1648 3270 quas
1669 3233 1699 3261 in
1722 3233 1819 3270 operis
1840 3243 1996 3271 progressu
2021 3233 2191 3270 reperimus.
2217 3234 2249 3261 In
2277 3240 2356 3262 textu

1281 3284 1304 3302 s.
1316 3274 1451 3302 Thomae
1473 3283 1521 3310 qu.
1543 3281 1608 3309 vm,
1631 3280 1684 3302 art.
1701 3274 1727 3309 3,
1743 3273 1837 3310 corp.{
1855 3283 1910 3310 pro
1932 3274 1962 3301 Ja
1974 3274 2044 3308 Hae,
2066 3282 2112 3311 qu.
2128 3281 2187 3309 C1x,
2209 3279 2265 3302 art.
2282 3282 2305 3308 l,
2321 3272 2355 3308 3,

1281 3315 1343 3351 lege
1358 3323 1404 3352 qu.
1419 3322 1498 3348 me,
1513 3319 1569 3341 art.
1585 3311 1620 3342 3.
1635 3331 1654 3335 —
1670 3315 1726 3349 Qu.
1742 3322 1790 3349 xv,
1813 3320 1865 3342 art.
1885 3323 1909 3349 1,
1925 3323 2015 3350 corp„
2037 3323 2092 3350 pro
2107 3323 2153 3351 qu.
2168 3321 2228 3349 m,
2244 3320 2300 3342 art.
2315 3317 2356 3349 4,·

1281 3364 1327 3392 qu.
1343 3363 1420 3390 ων,
1443 3359 1499 3382 art.
1514 3351 1548 3387 3,
1564 3353 1625 3391 lege
1640 3363 1686 3391 qu.
1701 3362 1789 3390 nvn,
1811 3359 1867 3382 art.
1883 3362 1907 3382 1.
1923 3371 1942 3375 -
1965 3355 2021 3388 Qu.
2035 3362 2099 3389 XVI,
2122 3360 2174 3382 art.
2191 3361 2223 3389 2,
2245 3363 2305 3391 arg.
2321 3362 2338 3382 2
2348 3377 2355 3390 ,

1281 3402 1349 3432 post
1374 3395 1421 3432 Cf.
1445 3394 1530 3422 etiam
1553 3400 1607 3422 etc.
1629 3394 1705 3422 adde
1727 3400 1755 3422 et
1774 3394 1949 3428 Averroem,
1971 3394 2122 3422 Destruet.
2144 3394 2355 3429 Destruction„

1282 3436 1388 3473 disput.
1404 3435 1428 3468 I,
1451 3435 1528 3462 inter
1547 3435 1623 3462 med.
1646 3440 1674 3462 et
1686 3435 1745 3473 fin.
1761 3451 1779 3456 -
1794 3435 1852 3469 Qu.
1867 3442 1958 3469 xxxn,
1974 3440 2027 3462 ait.
2048 3443 2072 3469 1,
2087 3443 2147 3471 arg.
2169 3444 2192 3470 1,
2208 3444 2263 3471 pro
2285 3435 2356 3463 Vide

1281 3476 1389 3503 Averr.
1413 3475 1441 3502 in
1465 3475 1542 3502 hunc
1563 3475 1673 3509 locum,
1700 3475 1762 3511 lege
1782 3475 1834 3502 Ex
1856 3474 1990 3502 versione
2011 3474 2261 3503 Arabico-latina.
2284 3492 2303 3496 -
2324 3476 2357 3503 In

1282 3515 1502 3544 Commentario
1517 3514 1657 3550 Caietani,
1677 3525 1726 3552 qu.
1741 3523 1791 3549 xn,
1813 3521 1866 3543 art.
1884 3514 1909 3550 5,
1925 3524 1954 3542 n.
1970 3522 2010 3550 1x,
2033 3515 2070 3543 ad
2084 3514 2164 3550 illud,
2183 3515 2356 3543 sententiam

1283 3562 1347 3584 tene
1369 3562 1432 3591 etc„
1455 3554 1618 3592 supplenda
1639 3561 1682 3583 est
1703 3555 1814 3583 citatio:
1838 3555 1868 3582 S.
1887 3555 1966 3593 Aug.
1989 3555 2025 3583 de
2051 3554 2135 3583 Civit.
2158 3555 2230 3589 Dei,
2253 3555 2301 3583 lib.
2323 3555 2356 3589 V,

1281 3605 1345 3634 cap.
1366 3603 1390 3623 1.
1948 3601 1951 3604 ·
