2768 4178
333 258 403 293 106
1051 256 1320 303 QUAESTIO
1350 257 1401 304 X,
1430 256 1730 293 ARTICULUS
1758 256 1809 292 VI

326 335 491 372 maiorem,
508 341 544 366 ut
567 341 653 375 patet
675 334 708 365 in
732 334 926 375 perfectione
940 342 982 377 et
1009 345 1159 366 mensura
1180 335 1415 376 quidditativa„

325 379 480 411 Perfectio
504 389 643 421 namque
659 379 868 421 quidditativa
882 379 997 411 melius
1014 379 1220 420 cognoscitur
1234 390 1271 410 ex
1286 379 1398 410 intrin-

290 463 293 466 ι
325 434 398 455 seco
421 434 520 465 quam
544 434 581 454 ex
604 424 791 455 extn'nseco:
821 431 852 455 et
874 431 981 455 tamen
1003 434 1215 465 unaquaeque
1239 424 1399 465 quidditas

325 475 527 500 mensuratur
542 468 644 509 prima
663 468 839 510 quidditate
855 468 905 500 sui
919 469 1051 509 generis.
1069 469 1126 499 Est
1142 478 1217 509 ergo
1234 467 1398 508 sophisma

324 513 499 544 secundum
525 523 587 543 non
608 522 739 544 causam
764 518 800 544 ut
823 523 966 544 causam.
990 514 1066 544 Non
1085 512 1172 543 enim
1192 522 1286 543 causa
1309 522 1398 543 men-

325 567 416 588 surae
439 557 629 588 extrinsecae
648 565 695 589 est
717 557 832 588 melior
851 557 1005 589 certitudo
1026 558 1064 588 ab
1081 564 1166 588 extra
1182 567 1282 598 quam
1300 556 1396 588 intra:

325 602 380 632 sed
404 602 613 642 dependentia
637 601 830 634 certitudinis
854 602 1040 633 intrinsecae
1064 602 1102 632 ab
1123 601 1303 638 extrinseca,
1321 608 1357 633 ut
1380 612 1397 632 a

1452 335 1648 375 simpliciori,
1666 343 1702 367 ut
1719 335 1842 366 dictum
1858 341 1904 366 est
1913 334 1939 366 *.
1955 352 1973 358 -
1986 333 2038 365 Ad
2051 334 2227 365 secundum
2243 344 2318 365 vero
2336 339 2367 365 et
2381 335 2524 371 tertium,
2554 343 2566 354 ⁸
2580 342 2651 366 Num.
2666 349 2691 371 ⁴-

1452 379 1595 410 similiter
1618 379 1733 411 dicitur
1753 380 1843 421 quod
1864 379 1943 410 nihil
1966 379 2072 410 valent
2092 379 2131 409 de
2154 378 2360 410 mensurabili
2383 388 2440 419 per
2455 378 2527 409 uni-

1452 431 1560 455 tatem.
1577 423 1743 455 Infinitum
1766 424 1852 454 enim
1872 431 1902 455 et
1921 434 1984 455 non
2008 429 2163 465 quantum
2181 422 2407 454 uniformitatis
2430 422 2526 454 ratio-

1452 479 1528 499 nem
1551 478 1618 499 non
1642 468 1887 509 subterfugiunt.

1506 513 1615 545 Restat
1633 513 1738 544 adhuc
1753 513 1897 550 dubium,
1911 512 1990 554 quid
2006 512 2045 544 sit
2060 512 2140 543 illud
2154 511 2297 553 primum
2312 510 2523 542 aeviternum:

1452 557 1507 588 sed
1523 557 1679 599 quoniam
1702 568 1759 598 per
1774 557 1918 589 accidens
1934 564 2016 589 esset
2039 557 2114 588 huic
2135 556 2314 597 proposito,
2334 555 2367 586 in
2392 562 2525 587 tractatu

1453 602 1492 632 de
1515 602 1645 642 Angelis
1669 602 1792 633 dicetur
1802 599 1828 632 *.
2554 601 2563 611 '
2578 600 2639 623 Vide
2653 607 2692 629 qu·
2703 607 2767 624 cvm.
