2768 4178
337 282 410 319 352

337 368 486 409 cogunt.
526 360 656 397 Primo
696 360 868 409 quidem,
898 360 1178 396 haereticorum
1216 359 1400 396 instantia.

337 415 438 451 Cum
459 413 560 450 enirn
582 414 833 450 confiteamur
853 415 1005 450 Patrem
1035 421 1071 449 et
1096 412 1233 449 Filium
1264 420 1299 449 et
1319 413 1402 462 Spi-

337 468 449 504 ritum
470 467 653 503 Sanctum
683 479 764 503 esse
793 479 914 503 unum
943 468 1070 503 Deum
1101 473 1136 502 et
1168 473 1243 502 tres
1268 467 1403 502 Perso-

337 533 425 566 nas,
456 519 723 568 quaerentibus
762 531 834 568 quo
867 525 953 556 sunt
984 531 1079 555 unus
1111 520 1234 565 Deus,
1265 526 1301 555 et
1329 531 1402 567 quo

335 579 423 610 sunt
448 578 520 609 tres
542 585 730 621 personae
748 578 774 619 ’¹,
805 572 900 609 sicut
919 571 1171 621 respondetur
1191 572 1297 619 quod
1317 579 1404 608 sunt

338 626 500 663 essentia
526 627 588 663 vel
610 625 745 663 deitate
764 638 897 671 unum,
919 626 968 662 ita
988 625 1155 673 oportuit
1175 637 1256 661 esse
1277 625 1403 673 aliqua

337 679 492 716 nomina
521 679 726 725 abstracta,
757 679 894 728 quibus
923 677 1144 726 responderi
1172 678 1292 726 possit
1319 690 1403 727 per-

337 745 450 769 sonas
479 732 665 779 distingui.
706 733 755 769 Et
782 731 1002 769 huiusmodi
1036 738 1122 767 sunt
1154 731 1403 779 proprietates

336 786 399 822 vel
428 785 602 822 notiones
630 785 669 822 in
699 786 884 822 abstracto
914 784 1142 831 significatae
1161 782 1185 830 ⁰,
1215 791 1256 820 ut
1280 791 1403 832 pater-

337 838 432 875 nitas
462 846 497 875 et
524 838 667 875 filiatio.
706 839 755 875 Et
782 838 869 875 ideo
907 837 1066 874 essentia
1103 836 1332 884 significatur
1366 837 1404 874 in

338 892 473 928 divinis
492 899 534 928 ut
552 891 651 939 quid,
673 903 838 940 persona
861 903 955 928 vero
976 897 982 911 ¹
1012 898 1052 927 ut
1080 890 1172 938 quis,
1193 890 1403 939 proprietas

338 953 466 982 autern
495 953 537 981 ut
564 956 650 992 quo.

392 999 582 1044 Secundo,
605 997 692 1045 quia
711 1009 788 1033 una
815 1009 980 1045 persona
1000 996 1190 1033 invenitur
1208 996 1246 1032 in
1268 996 1404 1034 divinis

337 1051 464 1087 referri
493 1052 541 1087 ad
570 1051 664 1087 duas
692 1062 896 1098 personas,
926 1049 1064 1086 scilicet
1092 1062 1256 1098 persona
1283 1050 1404 1086 Patris

338 1105 386 1140 ad
419 1115 627 1152 personam
656 1102 738 1139 Filii
768 1110 803 1139 et
832 1115 1037 1151 personam
1076 1102 1234 1151 Spiritus
1265 1103 1403 1140 Sancti.

337 1157 429 1193 Non
459 1164 585 1193 autern
620 1168 696 1192 una
732 1156 934 1193 relatione:
974 1156 1062 1205 quia
1095 1155 1147 1192 sic
1185 1164 1405 1204 sequeretur

338 1211 443 1259 quod
482 1210 593 1246 etiarn
614 1215 626 1229 ¹
655 1208 771 1246 Filius
801 1217 837 1246 et
871 1209 1030 1258 Spiritus
1066 1210 1226 1246 Sanctus
1262 1222 1340 1247 una
1370 1218 1405 1247 et

339 1263 474 1300 eadem
504 1262 684 1303 relatione
720 1263 946 1299 referrentur
983 1262 1031 1299 ad
1060 1264 1235 1309 Patrem;
1267 1271 1303 1300 et
1331 1263 1403 1310 sic,

339 1329 427 1353 cum
452 1317 532 1353 sola
561 1316 689 1353 relatio
716 1315 754 1352 in
784 1315 919 1353 divinis
939 1316 1161 1364 multiplicet
1187 1316 1404 1364 trinitatem,

339 1377 559 1417 sequeretur
588 1369 694 1417 quod
723 1369 836 1406 Filius
867 1377 902 1406 et
941 1369 1100 1418 Spiritus
1130 1370 1290 1407 Sanctus
1326 1382 1404 1407 non

340 1430 465 1459 essent
503 1423 599 1460 duae
636 1435 837 1471 personae.
877 1423 1014 1471 Neque
1039 1421 1050 1443 λ
1080 1430 1203 1471 potest
1237 1423 1330 1470 dici,
1364 1431 1406 1460 ut

339 1476 623 1525 Praepositivus
644 1476 804 1523 dicebat,
826 1476 931 1525 quod
952 1475 1047 1512 sicut
1061 1477 1167 1513 Deus
1186 1488 1264 1513 uno
1285 1477 1404 1514 modo

338 1541 378 1566 se
398 1530 512 1565 habet
541 1529 589 1566 ad
619 1537 819 1575 creaturas,
851 1541 939 1566 cum
968 1536 1097 1566 tamen
1127 1537 1320 1566 creaturae
1351 1530 1404 1567 di-

336 1582 555 1619 versimode
584 1594 624 1618 se
653 1583 819 1619 habeant
846 1583 895 1620 ad
924 1582 1070 1631 ipsum,
1102 1582 1155 1619 sic
1182 1583 1295 1619 Pater
1327 1596 1404 1620 una

339 1635 520 1672 relatione
549 1635 707 1672 refertur
726 1635 774 1672 ad
794 1635 932 1673 Filium
963 1644 997 1673 et
1027 1635 1075 1672 ad
1106 1635 1288 1685 Spiritum
1311 1637 1404 1673 San-

339 1696 462 1735 ctum,
494 1701 580 1725 curn
617 1696 746 1725 tamen
784 1688 833 1725 illi
873 1689 949 1726 duo
984 1689 1133 1726 duabus
1162 1689 1405 1727 relationibus

339 1742 546 1779 referantur
575 1742 622 1779 ad
651 1743 815 1779 Patrem.
856 1742 956 1789 Quia
986 1754 1073 1779 cum
1103 1742 1196 1779 ratio
1227 1743 1405 1792 specifica

339 1795 483 1832 relativi
513 1795 691 1831 consistat
719 1795 757 1831 in
785 1796 859 1832 hoc
884 1796 990 1843 quod
1009 1795 1058 1832 ad
1078 1795 1179 1832 aliud
1208 1808 1248 1832 se
1276 1796 1403 1843 habet,

337 1861 494 1885 necesse
528 1856 583 1885 est
611 1848 736 1885 dicere
757 1849 861 1897 quod
883 1848 981 1885 duae
1001 1849 1201 1886 relationes
1222 1861 1299 1886 non
1320 1857 1406 1886 sunt

338 1901 510 1939 diversae
534 1901 745 1938 secundum
775 1901 955 1950 speciem,
987 1901 1017 1938 si
1048 1913 1092 1937 ex
1122 1902 1298 1951 opposito
1328 1915 1405 1939 una

338 1954 467 1991 relatio
489 1954 541 1991 eis
562 1955 878 2003 correspondeat:
899 1961 1051 2004 oportet
1067 1955 1168 1992 enim
1189 1955 1301 1992 aliam
1321 1968 1405 2004 spe-

319 2008 435 2045 .ciem
465 2008 653 2044 relationis
683 2020 764 2045 esse
795 2008 942 2045 domini
971 2015 1007 2045 et
1033 2009 1159 2056 patris,
1190 2009 1403 2046 secundum

339 2061 595 2098 diversitatem
615 2061 805 2098 filiationis
825 2070 861 2098 et
880 2061 1081 2098 servitutis.
1107 2062 1256 2098 Omnes
1276 2070 1404 2099 autem

339 2122 530 2151 creaturae
559 2115 629 2151 sub
658 2127 734 2152 una
762 2115 887 2164 specie
914 2114 1104 2152 relationis
1124 2115 1337 2152 referuntur
1356 2116 1404 2152 ad

321 2169 478 2214 ‘Deum,
499 2176 540 2204 ut
568 2175 655 2204 sunt
683 2176 876 2205 creaturae
906 2168 1043 2217 ipsius:
1074 2168 1190 2206 Filius
1219 2177 1346 2205 autern
1370 2176 1406 2206 et

339 2220 496 2269 Spiritus
527 2222 687 2257 Sanctus
717 2234 794 2258 non
823 2221 1034 2258 secundum
1064 2221 1265 2258 relationes
1292 2221 1405 2258 unius

339 2273 493 2310 rationis
523 2274 732 2310 referuntur
760 2274 808 2311 ad
837 2275 1011 2311 Patrem:
1040 2276 1144 2312 unde
1173 2287 1251 2311 non
1276 2282 1331 2311 est
1359 2275 1405 2311 si-

339 2326 439 2363 mile.
479 2327 528 2363 Et
555 2327 712 2374 iterum,
751 2327 789 2364 in
818 2329 902 2364 Deo
937 2339 1015 2364 non
1049 2327 1248 2376 requiritur
1276 2328 1405 2364 relatio

391 2458 418 2490 η)
435 2465 574 2490 personae.
591 2472 610 2477 —
629 2458 690 2483 Om.
706 2459 768 2484 Pab.

391 2492 415 2525 0)
434 2494 601 2526 significatae
618 2507 636 2512 —
654 2494 834 2527 significantes
853 2494 937 2520 PFab.

392 2530 410 2561 ι)
431 2536 501 2554 vero.
519 2543 538 2548 -
557 2530 618 2554 Om.
638 2530 740 2554 codices
759 2535 784 2554 et
803 2530 843 2555 ed.
859 2537 889 2559 a,·
908 2530 971 2555 item
990 2538 1104 2563 sequens
1123 2533 1222 2555 autem.

391 2565 416 2596 κ)
436 2564 526 2590 etiam.
543 2578 563 2583 -
581 2565 642 2589 Om.
661 2565 714 2589 BD.

391 2598 420 2632 λ)
439 2600 539 2632 Neque.
557 2613 576 2619 ·-
594 2600 685 2632 Neque
703 2603 791 2625 tamen
812 2601 840 2625 Ρ.

393 2636 420 2669 μ)
441 2639 583 2668 repugnat.
595 2649 614 2654 -
632 2639 797 2669 repugnaret
810 2636 967 2661 ACDEFab.
980 2650 999 2655 -
1012 2636 1075 2661 Post
1089 2636 1207 2668 ipsarum
1222 2636 1243 2660 D
1257 2636 1341 2661 addit:
1360 2636 1407 2669 qui

340 2677 391 2695 non
410 2670 578 2703 significatur
598 2678 650 2702 per
669 2671 790 2696 ordinem
809 2672 847 2696 ad
864 2671 979 2704 aliquem
998 2675 1100 2702 actum,
1120 2672 1168 2697 sed
1185 2672 1269 2696 solum
1286 2675 1315 2697 ut
1335 2672 1407 2697 ratio

340 2706 470 2738 quaedam
496 2713 548 2738 qua
567 2706 736 2739 cognoscitur
756 2714 891 2738 personas
912 2707 982 2732 actio
1000 2710 1089 2732 autem
1108 2707 1219 2732 debetur
1239 2707 1292 2735 rei;
1311 2708 1407 2733 relatio

340 2749 402 2766 vero
421 2741 590 2774 significatur
609 2745 638 2766 ut
658 2742 728 2767 ratio
747 2742 886 2776 notificans
900 2750 1058 2774 personam,
1079 2750 1130 2768 non
1150 2746 1239 2768 autem
1260 2745 1289 2767 ut
1303 2750 1363 2772 νέες
1381 2746 1408 2768 et

341 2776 400 2802 ideo
419 2777 452 2801 de
471 2777 549 2802 modo
567 2777 739 2810 significandi
757 2785 809 2802 non
829 2778 892 2803 dicit
913 2778 1033 2803 ordinem
1053 2778 1090 2803 ad
1108 2781 1206 2803 actum.

1008 280 1275 327 QUAESTIO
1305 281 1465 328 XXXII,
1495 281 1791 317 ARTICULUS
1822 281 1853 316 ΙΙ

1457 360 1564 397 realis
1594 360 1642 397 ad
1671 368 1894 407 creaturam,
1914 367 1955 397 ut
1983 373 2098 409 supra
2115 361 2136 382 '¹‘
2165 360 2307 398 dictum
2329 369 2400 398 est:
2431 362 2523 398 rela-

1457 413 1578 450 tiones
1599 421 1727 450 autem
1747 413 1901 450 rationis
1930 413 1967 450 in
1996 415 2082 450 Deo
2102 414 2350 463 multiplicare
2370 427 2450 452 non
2470 422 2525 452 est

1457 466 1742 504 inconveniens.
1773 467 1851 504 Sed
1879 467 1917 503 in
1947 468 2058 503 Patre
2088 475 2238 515 oportet
2267 479 2349 504 esse
2378 467 2524 504 relatio-

1458 532 1548 556 nem
1577 521 1718 556 realem
1747 532 1822 567 qua
1851 520 2009 556 refertur
2033 520 2082 557 ad
2111 520 2248 556 Filium
2277 528 2314 557 et
2342 520 2525 569 Spiritum

1459 574 1664 610 Sanctum:
1694 574 1797 610 unde
1836 573 2048 610 secundum
2087 573 2181 610 duas
2215 573 2415 610 relationes
2444 573 2526 610 Filii

1459 634 1494 663 et
1523 626 1682 674 Spiritus
1713 626 1840 663 Sancti
1868 626 2007 674 quibus
2037 627 2250 663 referuntur
2277 626 2326 663 ad
2353 627 2524 673 Patrem,

1459 686 1609 727 oportet
1637 679 1788 727 intelligi
1820 679 1914 716 duas
1944 679 2144 716 relationes
2173 679 2210 716 in
2239 680 2362 727 Patre,
2388 679 2526 727 quibus

1458 732 1640 768 referatur
1668 733 1716 770 ad
1745 732 1882 769 Filium
1907 740 1943 769 et
1963 733 2145 781 Spiritum
2176 734 2370 770 Sanctum.
2400 733 2525 780 Unde,

1460 797 1548 821 cum
1569 797 1648 821 non
1676 784 1722 821 sit
1749 785 1819 821 nisi
1843 798 1920 822 una
1940 786 2060 822 Patris
2083 798 2262 835 persona,
2283 797 2439 823 necesse
2459 786 2527 822 fuit

1459 849 1634 874 seorsum
1663 837 1864 885 significari
1893 839 2090 875 relationes
2119 840 2158 876 in
2187 841 2396 886 abstracto,
2426 851 2525 887 quae

1459 890 1634 928 dicuntur
1657 891 1903 938 proprietates
1933 899 1968 927 et
1996 892 2173 929 notiones.

1513 945 1570 979 AD
1600 955 1737 980 PR1MUM
1766 955 1863 980 ERGO
1884 955 2068 981 DlCENDUM
2094 945 2211 994 quod,
2232 945 2317 982 licet
2338 945 2385 982 de
2405 944 2527 982 notio-

1459 996 1569 1033 nibus
1598 996 1771 1032 non‘fiat
1799 996 1942 1033 mentio
1972 997 2010 1033 in
2039 1010 2144 1034 sacra
2174 998 2378 1047 Scriptura,
2403 998 2445 1035 fit
2473 1006 2526 1034 ta-

1459 1061 1549 1086 men
1578 1049 1722 1086 mentio
1751 1049 1798 1086 de
1827 1049 2017 1096 Personis,
2043 1050 2082 1086 in
2110 1051 2248 1099 quibus
2275 1051 2528 1099 intelliguntur

1460 1102 1646 1149 notiones,
1677 1103 1773 1139 sicut
1801 1103 2032 1139 abstractum
2060 1103 2100 1140 in
2129 1111 2320 1141 concreto.

1512 1157 1571 1192 AD
1601 1168 1791 1193 SECUNDUM
1820 1167 2005 1193 DICENDUM
2040 1156 2145 1205 quod
2184 1157 2359 1193 notiones
2388 1156 2528 1205 signifi-

1460 1217 1591 1246 cantur
1609 1209 1648 1246 in
1668 1209 1815 1256 divinis,
1833 1222 1911 1246 non
1931 1217 1972 1245 ut
1991 1221 2063 1256 res,
2080 1210 2147 1247 sed
2168 1217 2209 1246 ut
2229 1209 2393 1247 rationes
2413 1222 2528 1258 quae-

1460 1263 1549 1300 dam
1585 1263 1723 1310 quibus
1753 1270 2035 1310 cognoscuntur
2063 1263 2273 1309 Personae;
2311 1262 2396 1300 licet
2423 1263 2528 1311 ipsae

1460 1315 1635 1353 notiones
1662 1316 1723 1352 vel
1761 1316 1962 1352 relationes
1995 1316 2143 1352 realiter
2177 1316 2250 1353 sint
2283 1316 2322 1353 in
2350 1317 2457 1363 Deo,
2487 1323 2530 1353 ut

1460 1381 1574 1418 supra
1593 1369 1613 1390 ²¹⁶
1642 1369 1784 1406 dictum
1815 1377 1881 1406 est.
1912 1370 1961 1405 Et
1988 1369 2076 1406 ideo
2107 1381 2151 1406 ea
2180 1381 2278 1418 quae
2306 1370 2449 1406 habent
2468 1381 2528 1407 or-

1461 1422 1590 1460 dinem
1610 1422 1775 1471 aliquem
1805 1422 1854 1459 ad
1874 1430 1999 1459 actum
2019 1422 2185 1472 aliquem
2207 1422 2446 1460 essentialem
2465 1423 2528 1460 vel

1459 1476 1714 1525 personalem,
1735 1488 1815 1512 non
1834 1483 1994 1524 possunt
2014 1476 2085 1513 dici
2105 1477 2151 1513 de
2172 1475 2409 1513 notionibus:
2438 1475 2528 1525 quia

1459 1530 1533 1566 hoc
1563 1535 1779 1578 repugnate
1799 1529 1918 1566 modo
1939 1529 2175 1577 significandi
2202 1529 2385 1578 ipsarum.
2415 1530 2527 1567 Unde

1459 1595 1538 1619 non
1567 1594 1773 1631 possumus
1802 1582 1926 1619 dicere
1947 1583 2051 1631 quod
2065 1583 2275 1631 paternitas
2292 1589 2449 1632 generet
2465 1583 2527 1620 vel

1459 1641 1559 1672 creet
1575 1643 1597 1683 ¹,
1626 1636 1675 1672 sit
1689 1636 1836 1683 sapiens
1854 1636 1917 1673 vel
1938 1635 2155 1685 intelligens.
2187 1635 2409 1673 Essentialia
2432 1649 2527 1673 vero

1459 1701 1558 1738 quae
1586 1701 1665 1725 non
1693 1689 1835 1725 habent
1863 1688 2038 1725 ordinem
2067 1689 2116 1726 ad
2145 1689 2310 1738 aliquem
2337 1686 2350 1712 ε
2378 1697 2526 1736 actum,

1458 1742 1527 1779 sed
1555 1750 1757 1779 removent
1785 1742 2023 1779 conditiones
2053 1750 2247 1779 creaturae
2267 1755 2289 1779 a
2307 1743 2410 1789 Deo,
2439 1755 2528 1791 pos-

1459 1803 1545 1832 sunt
1564 1795 1774 1844 praedicari
1794 1795 1840 1832 de
1862 1794 2098 1831 notionibus:
2125 1801 2332 1844 possumus
2352 1795 2455 1832 enim
2475 1796 2526 1833 di-

1459 1860 1545 1884 cere
1573 1848 1678 1897 quod
1700 1848 1909 1896 paternitas
1942 1854 1996 1884 est
2027 1853 2180 1885 aeterna
2209 1848 2271 1885 vel
2301 1848 2483 1885 immensa
2502 1854 2526 1895 ⁰,

1458 1902 1520 1938 vel
1541 1902 1815 1950 quodcumque
1844 1901 2074 1938 huiusmodi.
2106 1902 2155 1938 Et
2174 1901 2353 1949 similiter,
2373 1909 2530 1950 propter

1459 1954 1691 1991 identitatem
1712 1954 1777 2001 rei,
1805 1961 1967 2004 possunt
1995 1954 2231 1991 substantiva
2258 1954 2474 2004 personalia
2493 1962 2530 1992 et

1461 2008 1672 2045 essentialia
1708 2007 1918 2057 praedicari
1957 2007 2005 2045 de
2042 2007 2283 2045 notionibus:
2320 2019 2529 2058 possumus

1461 2061 1562 2098 enim
1593 2061 1718 2098 dicere
1748 2061 1854 2109 quod
1882 2061 2091 2110 paternitas
2119 2067 2174 2098 est
2197 2062 2313 2108 Deus,
2344 2068 2380 2098 et
2405 2066 2529 2110 pater-

1460 2115 1556 2152 nitas
1584 2120 1638 2151 est
1662 2115 1775 2151 Pater
1793 2119 1822 2151 π.

1513 2170 1571 2204 An
1591 2179 1751 2205 TERTlUM
1770 2179 1955 2205 meaunum
1976 2167 2092 2217 quod,
2115 2166 2200 2205 licet
2218 2179 2407 2217 personae
2422 2173 2438 2199 Ρ
2456 2167 2530 2206 sint

1461 2220 1664 2269 simplices,
1694 2228 1823 2257 tamen
1852 2221 1997 2269 absque
2025 2221 2259 2269 praeiudicio
2284 2220 2530 2270 simplicitatis

1460 2281 1621 2323 possunt
1640 2273 1817 2322 propriae
1847 2274 2011 2310 rationes
2038 2285 2292 2322 personarum
2321 2274 2359 2311 in
2388 2275 2530 2312 abstra-

1462 2334 1521 2364 cto
1551 2326 1764 2375 significari,
1793 2334 1835 2363 ut
1863 2326 2006 2364 dictum
2036 2334 2092 2363 est
2109 2326 2140 2364 *.

1515 2459 1538 2492 ν)
1553 2463 1663 2493 generet
1677 2460 1717 2484 vel
1729 2463 1807 2485 creet.
1826 2473 1845 2479 —-
1862 2463 1971 2493 generet
1983 2463 2054 2485 creet
2067 2459 2164 2490 ACEF,
2178 2463 2289 2494 generet
2302 2463 2328 2485 et
2340 2464 2412 2486 creet
2424 2461 2503 2486 BDG.
2512 2475 2531 2481 -

1461 2495 1512 2519 Pro
1530 2495 1566 2520 sit
1583 2495 1690 2527 sapiens
1709 2495 1750 2520 vel
1771 2495 1928 2528 intelligens,
1947 2495 1983 2520 sit
2001 2495 2107 2528 sapiens
2127 2496 2167 2521 vel
2186 2496 2332 2521 intellectus
2351 2497 2400 2528 pA,
2413 2500 2439 2522 et
2451 2496 2532 2529 (sicut

1462 2531 1508 2562 sB)
1523 2531 1594 2563 quod
1606 2531 1641 2556 sit
1659 2530 1765 2563 sapiens
1784 2532 1825 2555 vel
1843 2531 1993 2564 intelligens
2012 2532 2040 2562 B,
2055 2531 2091 2556 sit
2107 2531 2158 2563 (vel
2172 2531 2243 2564 quod
2256 2531 2292 2557 sit
2306 2530 2353 2564 ⁸1²)
2372 2531 2479 2564 sapiens
2490 2533 2532 2558 vel

1461 2566 1608 2591 intellectus
1628 2567 1656 2597 F,
1675 2567 1744 2591 sicut
1762 2567 1894 2598 sapientia
1913 2567 1954 2591 vel
1973 2567 2119 2591 intellectus
2138 2566 2182 2591 Pb.

1515 2600 1538 2634 ξ)
1558 2601 1680 2634 aliquem.
1699 2616 1719 2621 -
1737 2602 1798 2627 Om.
1818 2602 1928 2626 codices.

1515 2637 1541 2669 ο)
1559 2641 1671 2662 aeterna
1691 2638 1731 2662 vel
1750 2638 1886 2662 immensa.
1904 2651 1924 2657 —
1941 2640 2052 2663 aeterna
2071 2638 2200 2664 immensa
2214 2637 2401 2671 ACDEFGpB,
2420 2641 2532 2664 aeterna

1461 2672 1547 2697 invisa
1566 2673 1607 2697 ed.
1622 2680 1648 2697 a.

1514 2707 1543 2742 π)
1559 2708 1712 2740 paternitas
1735 2711 1775 2733 est
1800 2708 1889 2733 Pater.
1906 2722 1926 2728 -—
1944 2712 1970 2734 et
1990 2709 2085 2735 Deitas
2108 2712 2148 2735 est
2172 2709 2254 2734 Pater
2272 2708 2486 2742 PABCEFGpD,
2504 2712 2532 2734 et

1461 2743 1547 2769 deitas
1565 2747 1592 2769 et
1610 2744 1692 2768 Pater
1711 2744 1769 2768 edd.
1788 2744 1839 2768 ab.

1514 2779 1538 2812 ρ)
1554 2786 1695 2811 personae.
1714 2793 1732 2798 —
1751 2779 1824 2811 ipsae
1837 2787 1972 2812 personae
1990 2781 2020 2805 B.

1010 2866 1344 2899 commentaria
1367 2866 1618 2900 Cardinah's
1641 2866 1842 2900 Caietam

372 2963 391 2983 N
407 2953 511 2989 titulo,
529 2953 654 2983 adverte
667 2953 742 2984 duo.
762 2953 925 2990 Quoniam
942 2955 1086 2995 quaestio
1103 2962 1149 2986 est
1165 2955 1203 2986 de
1219 2955 1405 2996 quaestione

345 2965 414 3028 Ian
440 3002 501 3035 est,
527 3007 567 3027 an
592 2997 707 3028 scilicet
730 2997 791 3028 sint
815 2998 963 3029 notiones
987 2999 1020 3028 in
1044 2999 1167 3035 divinis,
1192 2999 1308 3040 primo,
1332 2999 1411 3040 quid

343 3042 479 3072 nominis
502 3041 601 3082 ipsius
621 3041 769 3072 notionis.
795 3042 891 3073 Notio
907 3053 1046 3083 namque
1066 3043 1097 3074 in
1115 3043 1289 3080 communi,
1306 3043 1409 3074 notifi—

343 3086 500 3116 cationem
525 3095 580 3116 seu
605 3085 892 3116 manifestationem
916 3087 1076 3128 importat,
1094 3087 1221 3128 proprie
1236 3088 1409 3129 loquendo,

343 3130 465 3170 passive
484 3140 539 3160 seu
563 3129 745 3166 formaliter,
763 3130 843 3160 sicut
858 3130 951 3161 lectio
976 3138 1006 3162 et
1029 3132 1150 3162 auditio
1166 3139 1197 3163 et
1212 3131 1334 3163 similia.
1359 3132 1410 3162 Ad

343 3174 449 3204 divina
472 3181 578 3205 autem
602 3174 767 3214 applicata,
793 3175 929 3205 sumitur
952 3185 1010 3216 pro
1028 3177 1230 3216 proprietate
1248 3178 1346 3207 unius
1361 3176 1411 3207 vel

343 3219 482 3249 duarum
502 3228 731 3259 personarum.
757 3219 798 3249 Et
820 3219 943 3249 videtur
966 3220 1055 3260 quod
1079 3221 1188 3251 beatus
1211 3220 1410 3260 Augustinus

344 3262 448 3303 primo
472 3263 679 3293 introduxerit
698 3263 730 3293 in
754 3263 834 3293 hanc
858 3263 1023 3294 materiam
1047 3266 1184 3295 notionis
1206 3264 1409 3301 vocabulum,

345 3306 423 3336 dum
438 3307 466 3337 V
482 3307 522 3337 de
542 3307 668 3345 Trinit„
685 3317 753 3347 cap.
770 3318 810 3344 vr,
829 3307 870 3338 ait
890 3308 979 3348 quod
1002 3308 1068 3339 alia
1093 3315 1139 3340 est
1163 3310 1248 3340 notio
1271 3319 1335 3350 qua
1360 3309 1408 3339 in-

345 3351 503 3391 telligitur
526 3353 699 3392 ingenitus,
725 3357 756 3382 et
778 3352 844 3382 alia
867 3361 930 3392 qua
954 3354 1093 3393 genitor.

402 3395 559 3431 Secundo,
584 3396 623 3425 ad
647 3395 873 3436 perfectionem
897 3396 1057 3427 doctrinae
1081 3397 1170 3433 scito,
1196 3397 1285 3438 quod
1309 3396 1409 3432 notio,

346 3445 381 3469 ut
397 3439 532 3469 sumitur
548 3449 565 3469 a
581 3439 747 3479 theologis,
773 3440 804 3470 in
829 3440 930 3471 littera
950 3441 1109 3481 sequentis
1126 3441 1247 3472 articuli
1264 3440 1411 3472 definitur

346 3482 403 3512 sic:
424 3483 521 3513 Notio
537 3490 583 3513 est
591 3485 727 3524 propria
743 3485 827 3514 ratio
844 3485 1057 3525 cognoscendi
1072 3485 1212 3516 divinam
1223 3495 1409 3526 personam.

345 3526 407 3557 Ubi
431 3533 506 3557 nota
522 3527 610 3567 quod
626 3528 657 3568 ly
675 3529 759 3558 ratio
783 3529 995 3569 cognoscendi
1018 3529 1157 3560 insinuat
1172 3530 1261 3570 quod
1285 3529 1324 3560 sit
1334 3529 1410 3570 for-

344 3570 429 3600 male
453 3572 649 3611 principium
675 3573 895 3611 cognoscendi.
922 3573 962 3603 Et
986 3583 1023 3603 ex
1046 3573 1107 3604 hoc
1131 3573 1282 3614 sequitur,
1307 3573 1410 3604 stricte

343 3614 524 3655 loquendo,
550 3616 638 3655 quod
662 3615 853 3655 significetur
877 3616 910 3646 in
934 3617 1099 3648 abstracto.
1129 3617 1215 3648 Sicut
1239 3617 1324 3648 enim
1348 3617 1410 3647 for-

1463 2955 1545 2986 male
1564 2955 1757 2996 principium
1780 2956 1903 2987 essendi
1928 2964 2055 2998 oportet
2073 2967 2139 2988 esse
2164 2956 2311 2994 formam,
2329 2957 2379 2989 .ita
2398 2958 2532 2990 formale

1463 2999 1655 3040 principium
1679 3001 1900 3040 cognoscendi,
1927 3009 1962 3032 ut
1985 3002 2038 3039 sic,
2056 3008 2182 3042 oportet
2205 3002 2331 3042 concipi
2355 3012 2390 3033 ac
2413 3001 2531 3043 signifi-

1463 3043 1525 3074 cari
1550 3051 1585 3075 ut
1613 3044 1768 3075 formam:
1793 3044 1854 3075 hoc
1879 3052 1986 3077 autem
2013 3052 2060 3077 est
2088 3052 2123 3077 ut
2146 3055 2208 3086 quo
2239 3046 2359 3087 aliquid
2383 3053 2445 3078 est:
2469 3046 2532 3078 hoc

1463 3094 1570 3118 autem
1594 3088 1746 3129 importat
1769 3089 1968 3121 abstractum.
1994 3090 2036 3121 Et
2058 3097 2225 3130 propterea
2249 3090 2281 3120 in
2306 3090 2461 3131 praesenti
2484 3100 2531 3122 ar-

1463 3131 1561 3162 ticulo
1582 3132 1752 3172 disputatio
1773 3143 1847 3163 cum
1871 3133 2086 3175 Praepositivo
2104 3133 2183 3165 circa
2199 3135 2390 3166 abstractum
2406 3142 2438 3166 et
2456 3144 2531 3166 con-

1464 3182 1585 3207 cretum
1607 3184 1765 3207 versatur:
1791 3187 1857 3207 non
1878 3178 1963 3208 enim
1979 3185 2026 3209 est
2040 3177 2091 3208 hic
2107 3178 2252 3219 quaestio
2272 3179 2310 3209 de
2329 3180 2423 3210 rebus
2440 3179 2531 3210 abso-

1463 3220 1538 3256 lute,
1563 3221 1618 3251 sed
1641 3226 1677 3252 ut
1699 3222 1889 3262 significatis
1911 3232 1952 3254 ac
1974 3223 2242 3254 innotescentibus
2259 3232 2323 3263 per
2349 3225 2491 3255 nomina.
2511 3240 2530 3247 -

1464 3264 1511 3304 Ly
1527 3275 1602 3296 vero
1617 3267 1753 3306 propria
1777 3266 1917 3298 insinuat
1944 3266 2033 3308 quod
2057 3266 2211 3306 significat
2234 3267 2355 3308 aliquid
2379 3267 2528 3308 speciale:

1463 3309 1551 3339 aliter
1566 3319 1632 3340 non
1649 3316 1729 3340 esset
1752 3311 1881 3351 propria
1904 3310 2116 3352 cognoscendi
2140 3311 2228 3342 ratio.
2253 3312 2294 3343 Et
2313 3319 2442 3352 propter
2456 3311 2529 3348 hoc,

1464 3360 1499 3384 ut
1523 3353 1643 3384 dicetur
1657 3353 1688 3390 *‚
1714 3364 1781 3385 esse
1804 3355 1843 3385 ab
1867 3355 1931 3386 alio
1955 3364 2021 3385 non
2051 3361 2097 3385 est
2127 3355 2228 3386 notio.
2245 3373 2265 3378 —
2282 3356 2330 3397 Ly
2352 3365 2427 3387 vero
2451 3355 2530 3386 divi-

1464 3407 1538 3428 nam
1551 3407 1724 3437 personam
1749 3398 1888 3429 insinuat
1903 3397 1970 3430 tria.
1995 3398 2112 3435 Primo,
2130 3399 2219 3440 quod
2235 3399 2388 3440 significat
2411 3398 2531 3440 aliquid

1464 3441 1622 3481 pertinens
1646 3442 1685 3472 ad
1709 3442 1882 3482 originem:
1908 3442 1984 3483 quia
2007 3443 2117 3473 ordine
2141 3443 2270 3484 originis
2295 3444 2532 3484 distinguuntur

1464 3485 1586 3516 divinae
1618 3495 1781 3526 personae.
1813 3486 1980 3523 Secundo,
2010 3488 2099 3527 quod
2129 3487 2209 3518 illud
2237 3488 2390 3528 pertineat
2420 3487 2460 3517 ad
2483 3486 2530 3517 di-

1463 3529 1614 3569 gnitatem
1638 3540 1703 3560 non
1734 3530 1950 3567 essentialem,
1976 3532 2029 3561 sed
2054 3532 2270 3571 personalem:
2295 3531 2370 3572 quia
2387 3539 2530 3572 persona

1463 3573 1620 3613 dignitatis
1645 3583 1763 3604 nomen
1788 3581 1842 3605 est.
1872 3575 1999 3611 Tertio,
2025 3576 2113 3616 quod
2142 3575 2182 3607 sit
2205 3575 2300 3606 unius
2323 3575 2355 3606 in
2380 3584 2418 3605 eo
2442 3575 2531 3615 quod

1463 3626 1582 3648 unum:
1603 3617 1692 3654 idest,
1709 3618 1798 3658 quod
1817 3618 1842 3648 si
1862 3618 2015 3658 significet
2031 3619 2150 3660 aliquid
2169 3619 2359 3651 conveniens
2375 3619 2530 3659 p'luribus,

2551 367 2561 378 ⁸
2596 372 2708 394 u.xxv111,
2719 371 2763 389 art.

2550 398 2565 420 ι,
2580 393 2609 414 ad
2622 400 2644 422 3.

2555 1379 2566 1390 '¹
2575 1378 2625 1407 Qu.
2631 1384 2714 1407 xxvm,
2725 1382 2768 1401 art.

2554 1411 2570 1428 ι.

2558 2329 2569 2342 “
2582 2329 2610 2351 In
2626 2334 2735 2357 corpore.

2557 3364 2567 3374 ‘
2583 3363 2634 3385 Art.
2645 3368 2702 3391 neq„
2713 3362 2742 3384 ad
2750 3368 2768 3391 5.
