2768 4178
70 2066 80 2075 ⁸
96 2064 161 2086 Vers.
173 2071 206 2093 25.

316 262 364 297 66
1039 261 1307 308 QUAESTIO
1337 262 1405 308 VI,
1434 262 1732 300 ARTICULUS
1763 263 1789 300 Ι.

968 524 1472 601 QUAEsTlo
1530 525 1867 582 SEXTA

1130 660 1214 701 DE
1247 660 1560 703 BONITATE
1592 663 1696 703 DEI

1094 785 1127 809 IN
1167 784 1341 815 QUATUOR
1378 785 1581 811 ARTICULOS
1619 787 1735 812 DIVISA

398 901 506 926 ElNDE
531 889 723 938 quaeritur
751 889 798 926 de
819 889 986 926 bonitate
1009 889 1093 926 Dei.
1124 890 1173 926 Et
1194 889 1291 926 circa
1311 889 1386 925 hoc

398 950 634 991 quaeruntur
661 949 836 991 quatuor.

368 996 520 1033 Primo:
550 1003 678 1033 utrum
709 1008 792 1032 esse
820 996 968 1032 bonum
1000 995 1203 1032 conveniat
1232 996 1329 1032 Deo.

370 1049 569 1087 Secundo:
599 1056 727 1086 utrum
757 1050 895 1086 Deus*
920 1049 966 1086 sit
995 1060 1193 1086 summum
1223 1049 1383 1086 bonum.

1496 889 1650 926 Tertio:
1679 898 1808 927 utrum
1834 890 1916 940 ipse
1945 891 2048 941 solus
2077 891 2123 929 sit
2146 891 2271 929 bonus
2304 904 2373 941 per
2401 903 2512 928 suam

1550 950 1766 980 essentiam.

1496 995 1665 1055 Quarto:
1695 1004 1825 1033 utrum
1856 997 1986 1035 omnia
2023 999 2095 1035 sint
2122 998 2226 1035 bona
2261 998 2429 1036 bonitate
2459 997 2513 1035 di-

1548 1061 1652 1086 vina.

1131 1168 1451 1211 ARTICULUS
1482 1168 1689 1211 PRIMUS
1736 1164 1747 1177 ⁶

887 1279 1074 1311 UTRUM
1108 1279 1230 1310 ESSE
1266 1279 1449 1311 BONUM
1484 1280 1588 1311 DEO
1623 1280 1937 1312 CONVENIAT

1010 1377 1019 1402 1
1042 1377 1118 1402 Cont.
1141 1378 1227 1406 Geni„
1248 1385 1303 1410 cap.
1322 1384 1420 1407 xxxvn;
1439 1377 1501 1402 XII
1515 1377 1679 1411 Metaphys„
1698 1378 1757 1403 lect.
1771 1386 1815 1403 vu.

347 1490 409 1533 >fig
435 1504 487 1525 0<
527 1489 549 1514 D
578 1488 716 1513 PR1MUM
744 1488 798 1513 sm
827 1487 1068 1513 paocemrua.
1098 1475 1258 1512 Videtur
1278 1475 1383 1524 quod

342 1519 505 1588 ’ᾖξ’ᾼὲιῆ
528 1542 611 1567 esse
639 1531 788 1567 bonum
817 1541 896 1566 non
916 1528 1120 1566 conveniat
1143 1530 1241 1566 Deo.
1273 1528 1383 1566 Ratio

332 1580 380 1639 „VJ
388 1567 631 1638 enim
660 1583 752 1620 boni
781 1582 950 1620 consistit
978 1582 1016 1620 in
1044 1581 1177 1630 modo,
1199 1581 1326 1632 specie
1348 1590 1385 1619 et

371 1610 431 1661 ζ·
484 1628 673 1675 ordine.
705 1637 812 1673 Haec
839 1644 969 1674 autem
994 1649 1073 1673 non
1099 1635 1279 1674 videntur
1298 1636 1383 1672 Deo

314 1690 540 1727 convenire:
572 1703 660 1727 cum
681 1691 787 1727 Deus
807 1690 1016 1727 immensus
1041 1690 1098 1737 sit,
1119 1697 1155 1726 et
1175 1689 1224 1726 ad
1244 1689 1383 1738 aliquid

314 1756 392 1781 non
430 1744 635 1781 ordinetur.
678 1745 781 1792 Ergo
821 1755 903 1781 esse
941 1744 1087 1780 bonum
1127 1755 1206 1780 non
1245 1754 1384 1780 conve-

314 1797 367 1834 nit
395 1798 493 1835 Deo.
535 1801 546 1813 ’

369 1863 403 1888 2.
434 1852 674 1898 PRAETEREA,
711 1851 858 1887 bonum
889 1858 944 1887 est
973 1849 1079 1898 quod
1108 1850 1239 1887 omnia
1267 1862 1384 1899 appe-

313 1912 406 1942 tunt.
438 1904 515 1941 Sed
544 1905 672 1941 Deum
702 1916 781 1941 non
810 1903 941 1941 omnia
961 1911 1162 1952 appetunt:
1192 1903 1281 1951 quia
1306 1915 1384 1940 non

314 1958 445 1995 omnia
474 1965 710 2005 cognoscunt
742 1957 887 2007 ipsum,
917 1957 1009 1994 nihil
1038 1964 1167 1994 autem
1197 1956 1386 2005 appetitur

313 2011 383 2048 nisi
403 2018 551 2048 notum.
582 2012 685 2059 Ergo
708 2023 789 2048 esse
817 2011 964 2047 bonurn
985 2022 1064 2047 non
1085 2009 1266 2047 convenit
1284 2011 1383 2047 Deo.

368 2066 442 2102 SED
458 2076 605 2102 CONTRA
620 2076 686 2101 EST
705 2064 811 2113 quod
832 2063 967 2101 dicitur
991 2065 1027 2100 T
1021 2064 1127 2100 hren.
1145 2075 1179 2100 111
1195 2063 1232 2100 *:
1254 2065 1385 2101 Bonus

313 2124 367 2156 est
391 2119 580 2155 Dominus
613 2118 849 2167 sperantibus
878 2118 914 2154 in
945 2129 1052 2163 eum,
1082 2117 1235 2154 animae
1272 2129 1384 2166 quae-

313 2172 411 2209 renti
437 2171 553 2208 illum.

368 2226 594 2262 Respommo
623 2236 809 2261 memnon
833 2223 939 2272 quod
968 2224 1117 2260 bonum
1144 2235 1226 2261 esse
1241 2222 1258 2251 β
1277 2236 1385 2273 prae-

315 2279 425 2328 cipue
445 2279 531 2315 Deo
557 2277 747 2315 convenit.
777 2278 932 2314 Bonum
953 2276 1057 2314 enim
1077 2276 1219 2325 aliquid
1240 2285 1307 2325 est,
1328 2290 1386 2315 se-

315 2333 484 2370 cundum
512 2331 619 2381 quod
648 2338 704 2368 est
732 2330 947 2380 appetibile.
978 2330 1294 2379 Unumquodque
1319 2343 1385 2368 au-

313 2394 392 2423 tern
407 2385 549 2434 appetit
564 2397 674 2422 suam
689 2383 975 2433 perfectionem.
997 2383 1184 2420 Perfectio
1205 2391 1333 2421 autem
1351 2393 1386 2422 et

314 2440 439 2476 forma
469 2438 625 2475 effectus
647 2446 702 2475 est
720 2443 734 2464 Ὺ
763 2437 954 2487 quaedam
984 2437 1191 2474 similitudo
1221 2438 1383 2486 agentis:

314 2506 402 2530 curn
433 2504 549 2529 omne
578 2504 694 2540 agens
723 2499 809 2539 agat
842 2490 911 2527 sibi
941 2490 1075 2528 simile.
1113 2490 1224 2528 Unde
1257 2491 1384 2540 ipsum

314 2559 430 2594 agens
447 2553 502 2582 est
521 2545 735 2594 appetibile,
757 2552 792 2581 et
812 2545 928 2581 habet
957 2543 1144 2581 rationem
1175 2544 1282 2581 boni:
1310 2546 1384 2582 hoc

314 2600 415 2637 enim
437 2597 450 2620 δ
479 2607 534 2636 est
562 2598 668 2647 quod
698 2598 745 2636 de
775 2598 859 2646 ipso
889 2597 1088 2647 appetitur,
1118 2605 1160 2634 ut
1179 2597 1259 2635 eius
1280 2598 1383 2635 simi—

313 2653 430 2691 litudo
469 2652 724 2702 participetur.
766 2652 866 2688 Cum
905 2663 995 2699 ergo
1034 2652 1140 2688 Deus
1178 2651 1223 2688 sit
1261 2651 1384 2700 prima

367 2804 394 2836 α)
416 2804 497 2828 Deus.
515 2817 534 2821 -
553 2803 608 2834 ipse
628 2802 700 2826 Deus
720 2802 753 2832 Β,
774 2802 847 2826 Deus
867 2802 922 2833 ipse
941 2802 1012 2826 solus
1032 2802 1060 2826 C.
1080 2816 1097 2820 -
1117 2802 1167 2826 Pro
1186 2809 1317 2826 summum
1339 2802 1382 2826 bo-

314 2847 385 2868 num,
405 2846 506 2863 summe
525 2838 608 2862 bonus
628 2837 738 2862 codices.

368 2873 392 2907 β)
413 2882 476 2899 esse.
495 2887 513 2893 -
532 2874 593 2898 Om.
607 2873 709 2897 codices
729 2877 754 2897 et
773 2873 831 2897 edd.
846 2873 893 2897 ab.

367 2912 393 2943 γ)
413 2909 519 2943 effectus
539 2912 586 2934 est.
599 2921 619 2928 ·-
637 2912 663 2933 et
681 2908 788 2941 effectus
807 2911 868 2933 sunt
888 2909 916 2932 B.

1439 1488 1554 1513 causa
1569 1475 1746 1514 effectiva
1765 1476 1955 1524 omniurn,
1972 1477 2218 1515 manifestum
2239 1486 2295 1515 est
2313 1480 2420 1528 quod
2440 1479 2512 1517 sibi

1439 1529 1621 1578 competit
1635 1530 1730 1567 ratio
1750 1530 1842 1567 boni
1861 1538 1896 1567 et
1911 1530 2137 1580 appetibilis.
2157 1531 2270 1569 Unde
2289 1531 2510 1582 Dionysius,

1439 1583 1478 1620 in
1507 1582 1603 1620 libro
1636 1584 1682 1620 de
1709 1584 1796 1621 Div.
1823 1584 1942 1621 Nom.
1969 1583 2005 1631 ³¹,
2043 1584 2211 1622 attribuit
2242 1585 2392 1623 bonum
2424 1586 2510 1624 Deo

1440 1636 1534 1674 sicut
1561 1636 1708 1685 primae
1737 1649 1874 1674 causae
1899 1637 2088 1685 efficienti,
2111 1637 2240 1675 dicens
2260 1639 2367 1687 quod
2385 1640 2512 1678 bonus

1441 1689 1574 1727 dicitur
1602 1691 1720 1737 Deus,
1748 1691 1844 1727 sicut
1870 1703 1920 1727 ex
1947 1702 2021 1739 quo
2051 1692 2179 1728 omnia
2207 1692 2420 1730 subsistunt.

1494 1746 1552 1780 An
1582 1755 1723 1781 patmum
1751 1756 1850 1782 ERGO
1885 1756 2070 1782 DICENDUM
2108 1745 2216 1793 quod
2251 1746 2395 1783 habere
2428 1758 2512 1784 mo-

1441 1797 1547 1845 dum,
1578 1797 1747 1846 speciem
1778 1805 1814 1835 et
1842 1797 2032 1846 ordinem,
2057 1798 2219 1847 pertinet
2246 1799 2295 1837 ad
2324 1799 2512 1837 rationem

1441 1851 1533 1887 boni
1562 1850 1704 1888 causati
1728 1858 1751 1887 ε.
1783 1851 1861 1888 Sed
1899 1852 2046 1888 bonum
2075 1851 2114 1889 in
2141 1853 2228 1889 Deo
2259 1860 2315 1890 est
2343 1853 2439 1890 sicut
2474 1853 2512 1892 in

1441 1916 1576 1941 causa:
1606 1904 1709 1941 unde
1730 1903 1778 1941 ad
1799 1916 1890 1941 eum
1909 1904 2073 1953 pertinet
2100 1905 2301 1954 imponere
2330 1905 2410 1944 aliis
2428 1919 2512 1945 mo-

1441 1957 1557 2004 dum,
1587 1957 1755 2006 speciem
1795 1965 1831 1994 et
1860 1957 2048 1995 ordinem.
2087 1958 2199 1996 Unde
2232 1959 2302 1996 ista
2329 1959 2399 1997 tria
2426 1968 2515 1998 sunt

1441 2011 1479 2047 in
1508 2011 1594 2048 Deo
1623 2010 1719 2047 sicut
1746 2010 1784 2047 in
1814 2023 1940 2048 causa.
1984 2036 1987 2038 -

1494 2066 1554 2101 An
1574 2076 1765 2101 SECUNDUM
1794 2076 1978 2101 mcenuuu
1999 2065 2106 2112 quod
2130 2065 2273 2114 omnia,
2294 2066 2512 2116 appetendo

1440 2117 1615 2167 proprias
1643 2117 1906 2166 perfectiones,
1928 2124 2112 2167 appetunt
2139 2118 2267 2168 ipsum
2296 2120 2437 2168 Deum,
2457 2120 2513 2158 in·

1441 2178 1628 2220 quantum
1657 2170 1909 2219 perfectiones
1938 2171 2112 2208 omnium
2142 2183 2270 2209 rerum
2290 2180 2378 2210 sunt
2396 2185 2513 2223 quae—

1442 2225 1531 2261 dam
1553 2223 1815 2261 similitudines
1836 2223 1953 2261 divini
1970 2224 2090 2272 esse*,
2107 2233 2149 2262 ut
2163 2237 2208 2262 ex
2223 2225 2382 2263 dictis*
2395 2234 2511 2276 patet.

1442 2278 1491 2314 Et
1518 2277 1571 2314 sic
1609 2289 1746 2314 eorum
1781 2289 1881 2325 quae
1914 2278 2041 2314 Deum
2075 2282 2279 2327 appetunt,
2319 2280 2512 2329 quaedam

1442 2338 1678 2379 cognoscunt
1706 2330 1833 2379 ipsum
1862 2330 2077 2368 secundum
2106 2331 2293 2381 seipsum:
2323 2333 2429 2382 quod
2458 2342 2514 2372 est

1439 2384 1639 2433 proprium
1661 2391 1855 2421 creaturae
1876 2384 2078 2421 rationalis.
2109 2385 2314 2432 Quaedam
2333 2399 2428 2424 vero
2449 2399 2512 2425 co-

1441 2445 1628 2486 gnoscunt
1665 2437 1808 2486 aliquas
1845 2437 2152 2487 participationes
2190 2451 2282 2476 suae
2311 2440 2512 2489 bonitatis,

1441 2491 1546 2540 quod
1566 2491 1678 2528 etiam
1704 2490 1915 2528 extenditur
1939 2503 2059 2540 usque
2080 2491 2128 2529 ad
2150 2492 2407 2541 cognitionem
2427 2506 2512 2532 sen-

1440 2544 1599 2582 sibilem.
1631 2544 1834 2591 Quaedam
1854 2557 1948 2581 vero
1978 2545 2188 2593 appetitum
2214 2547 2426 2584 naturalem
2446 2548 2512 2585 ha-

1439 2599 1531 2635 bent
1559 2598 1704 2647 absque
1735 2598 1960 2646 cognitione,
1989 2606 2122 2647 utpote
2151 2599 2327 2638 inclinata
2351 2601 2401 2638 ad
2421 2613 2512 2639 suos

1439 2652 1536 2689 fines
1565 2651 1612 2688 ab
1643 2651 1715 2688 alio
1736 2651 1750 2677 ζ
1779 2651 1964 2700 superiori
1993 2660 2259 2700 cognoscente.

1493 2801 1518 2833 δ)
1538 2802 1618 2826 enim.
1635 2815 1654 2820 —
1672 2804 1760 2826 autem
1781 2802 1846 2826 PFG
1867 2807 1893 2826 et
1912 2803 1969 2827 edd.
1990 2803 2040 2827 ab.

1493 2838 1515 2868 ε)
1534 2837 1647 2862 causati.
1663 2849 1683 2856 —
1701 2837 1785 2862 creati
1804 2837 1925 2862 ABCDE.

1492 2871 1518 2904 ζ)
1537 2873 1599 2898 alio.
1618 2886 1636 2891 -
1654 2872 1744 2905 aquuo
1764 2873 1866 2897 codices
1886 2879 1910 2897 et
1931 2874 1988 2898 edd.
2008 2874 2054 2898 ab.

999 3003 1333 3037 Commentario,
1357 3003 1608 3038 Cardinalis
1631 3004 1830 3037 Caietam

317 3112 483 3178 Trrutus
508 3104 619 3135 clarus.
637 3122 657 3126 -
678 3104 713 3134 In
737 3113 870 3144 corpore
895 3104 988 3134 unica
1005 3103 1179 3139 conclusio,
1202 3103 1386 3145 responsiva
1431 3102 1569 3144 fortiori
1584 3103 1653 3144 ipsa
1669 3113 1762 3134 causa
1779 3103 1918 3135 effectiva
1934 3111 1979 3136 est
1994 3104 2180 3146 appetibilis.
2199 3104 2294 3144 Ergo,
2308 3105 2332 3135 si
2346 3111 2393 3136 est
2409 3105 2511 3146 prima

376 3148 519 3189 quaesito
543 3147 745 3179 affirmative:
771 3148 858 3178 Deus
882 3155 928 3178 est
952 3146 1067 3179 bonus.

370 3193 524 3224 Probatur
540 3193 671 3228 ratione,
681 3191 866 3223 confirmata
881 3192 1065 3223 auctoritate
1078 3192 1233 3234 Dionysii,
1250 3192 1383 3223 scilicet:

316 3237 402 3267 Deus
427 3244 473 3268 est
496 3237 598 3278 prima
621 3247 715 3267 causa
735 3236 873 3267 effectiva
897 3236 1061 3273 omniurn;
1091 3247 1165 3277 ergo
1190 3236 1383 3278 appetibilis;

317 3291 391 3321 ergo
415 3282 529 3312 bonus.
550 3299 569 3304 —
592 3281 790 3312 Antecedens
814 3281 1017 3322 supponitur.
1048 3281 1153 3312 Prima
1177 3291 1251 3312 vero
1276 3290 1384 3312 conse-

317 3325 445 3366 quentia
474 3327 635 3366 probatur.
666 3326 930 3366 Unumquodque
956 3325 1075 3366 appetit
1104 3336 1196 3356 suam
1223 3324 1387 3366 propriam

318 3369 558 3410 perfectionem:
593 3380 667 3411 ergo
698 3370 940 3401 similitudinem
974 3370 1021 3400 sui
1055 3369 1226 3401 efficientis.
1257 3370 1342 3410 Ergo
1366 3379 1386 3399 a

1441 3157 1543 3182 causa,
1565 3154 1622 3179 etc.
1640 3165 1660 3170 -
1676 3148 1874 3179 Antecedens
1898 3155 2108 3190 assumptum,
2130 3158 2203 3180 curn
2228 3149 2379 3180 omnibus
2396 3159 2508 3180 conse·

1440 3191 1591 3233 quentiis,
1621 3203 1658 3223 ex
1681 3202 1714 3223 se
1738 3200 1784 3224 est
1813 3200 1936 3224 notum.
1967 3193 2072 3224 Prima
2099 3193 2249 3234 quidem:
2280 3193 2355 3234 quia
2383 3193 2512 3234 propria

1440 3235 1591 3276 perfectio
1615 3237 1658 3267 rei
1675 3243 1721 3268 est
1736 3237 1804 3278 ipsa
1821 3237 1996 3269 similitudo
2012 3237 2141 3278 agentis.
2158 3237 2303 3268 Secunda
2318 3247 2410 3269 vero:
2433 3237 2509 3279 quia

1441 3290 1537 3311 omne
1554 3291 1648 3321 agens
1666 3281 1729 3322 agit
1748 3281 1806 3312 sibi
1824 3281 1942 3318 simile;
1968 3291 2002 3312 ac
2024 3291 2080 3322 per
2103 3281 2175 3320 hoc,
2200 3282 2225 3312 si
2244 3282 2312 3313 eius
2336 3282 2510 3313 similitudo

1441 3331 1487 3355 est
1511 3325 1706 3366 appetibilis,
1732 3326 1835 3357 multo
1853 3326 1952 3367 magis
1971 3326 2078 3366 ipsum
2103 3335 2197 3366 agens
2222 3326 2278 3358 erit
2302 3325 2511 3368 appetibile.-

1442 3368 1554 3400 Cetera
1578 3377 1652 3400 sunt
1676 3370 1766 3401 clara.

2539 1587 2750 1617 ὑπ’

2539 2222 2549 2232 ·
2565 2220 2594 2242 D.
2608 2220 2662 2248 468.

2538 2247 2562 2259 ‘⁴
2576 2246 2626 2275 Qu.
2636 2253 2668 2275 tv,
2678 2250 2721 2270 ιη.
2732 2253 2752 2276 3.
