2768 4178
69 902 80 912 ·
93 900 162 924 Ven.
177 907 198 930 3.

70 1002 82 1013 ·
98 1001 161 1025 νοη-
174 1007 210 1028 27-

69 2700 80 2711 *
94 2699 152 2729 Cap.
166 2705 208 2722 vu.

984 232 1250 279 QUAESTIO
1280 233 1424 280 XXXI,
1454 232 1747 270 ARTICULUS
1778 233 1829 269 IV

1091 402 1408 444 ARTICULUS
1439 403 1711 455 QUARTUS

674 505 829 537 UTRUM
853 504 1004 535 DICTIO
1028 505 1272 536 EXCLUSIVA
1294 504 1442 535 Possm*
1466 505 1644 536 ADIUNGI
1673 506 1872 537 TERMlNo
1896 506 2132 538 PERsoNAm

1012 593 1021 617 1
1041 593 1123 622 Sent„
1143 593 1202 617 dist.
1221 600 1275 623 inu,
1294 601 1339 625 qu.
1358 601 1375 623 1,
1395 598 1442 618 art.
1462 600 1491 623 2;
1511 594 1535 618 in
1555 594 1662 624 Matth„
1683 602 1738 627 cap.
1756 603 1790 620 x1.

399 696 406 709 ι
432 706 473 729 ‚43
523 694 545 718 n
566 693 738 723 QUARTUM
758 693 810 717 stc
826 692 1065 718 PROCEDlTUR.
1091 681 1250 717 Videtur
1270 681 1375 728 quod

453 730 500 787 ’ἶ
523 734 636 771 dictio
667 733 857 770 exclusiva
885 733 1005 782 possit
1032 733 1185 781 adiungi
1213 733 1374 770 termino

426 830 439 839 ἱ
467 787 477 796 ”’
508 781 725 836 personali,
743 786 856 823 etiam
872 786 903 823 si
922 787 1183 835 praedicatum
1204 787 1249 824 sit
1269 799 1374 823 com-

482 828 651 876 mune.
682 838 782 876 Dicit
806 839 908 876 enim
928 840 1132 887 Dominus,
1153 840 1201 877 ad
1220 841 1373 877 Patrem

307 893 490 942 loquens,
529 893 634 929 Ioan.
660 904 733 929 xvu
752 892 792 929 *z
827 898 867 929 ut
898 899 1130 942 cognoscant
1161 899 1215 940 te,
1252 893 1374 930 solum

307 946 433 982 Deum
461 956 605 982 verum.
637 946 740 993 Ergo
769 946 872 982 solus
900 946 1013 983 Pater
1041 953 1096 983 est
1121 947 1226 983 Deus
1245 959 1372 983 verus.

364 1010 399 1035 2.
429 999 663 1045 PRAETEREA,
685 999 818 1036 Matth.
840 1011 874 1035 X1
893 998 913 1020 ’¹‘
946 999 1098 1036 dicitur:
1128 1000 1254 1036 Nemo
1274 1000 1377 1037 novit

307 1051 448 1088 Filium
477 1051 550 1088 nisi
566 1053 700 1097 Pater;
729 1052 835 1101 quod
862 1051 966 1089 idem
995 1052 1180 1100 significat
1204 1065 1249 1089 ac
1270 1052 1300 1089 si
1321 1053 1374 1089 di-

310 1111 475 1151 ceretur,
512 1105 613 1141 solus
649 1106 763 1142 Pater
793 1105 898 1142 novit
921 1105 1072 1142 Filium.
1113 1105 1191 1142 Sed
1224 1118 1337 1142 nosse
1357 1113 1374 1127 α

308 1157 447 1194 Filium
476 1165 531 1194 est
559 1170 777 1195 commune.
808 1159 911 1206 Ergo
940 1157 1043 1194 idem
1071 1157 1177 1207 quod
1204 1158 1319 1206 prius.

364 1211 398 1247 3.
433 1211 674 1258 PRAETEREA,
694 1214 698 1217 ’
715 1211 828 1248 dictio
866 1210 1058 1247 exclusiva
1095 1223 1174 1247 non
1212 1211 1376 1248 excludit

307 1263 399 1300 illud
427 1263 533 1311 quod
563 1271 619 1301 est
646 1263 693 1301 de
722 1264 913 1301 intellectu
937 1263 1088 1300 termini
1117 1263 1177 1300 cui
1206 1263 1375 1311 adiungi-

308 1324 385 1354 tur:
405 1316 508 1353 unde
525 1329 603 1354 non
619 1317 783 1354 excludit
796 1323 956 1365 partem,
973 1328 1099 1364 neque
1113 1315 1328 1353 universale
1339 1315 1371 1353 βε

308 1382 388 1407 non
416 1369 519 1407 enim
548 1370 727 1417 sequitur,
756 1369 857 1406 solus
875 1370 1048 1405 Socrates
1067 1374 1121 1405 est
1138 1368 1257 1415 albus,
1279 1381 1374 1419 ergo

308 1434 445 1460 manus
473 1422 551 1459 eius
579 1434 654 1459 non
683 1427 739 1459 est
767 1422 877 1462 alba:
903 1422 986 1468 vel,
1016 1433 1110 1472 ergo
1147 1423 1259 1458 homo
1298 1435 1373 1459 non

307 1481 362 1512 est
387 1475 506 1515 albus,
537 1475 615 1512 Sed
641 1487 720 1512 una
747 1487 912 1524 persona
938 1482 993 1511 est
1012 1474 1050 1511 in
1068 1475 1257 1512 intellectu
1285 1476 1374 1512 alte-

307 1527 396 1576 rius,
417 1528 512 1565 sicut
531 1529 643 1565 Pater
670 1528 709 1565 in
737 1527 927 1565 intellectu
957 1527 1049 1575 Filii,
1076 1536 1112 1565 et
1132 1540 1152 1564 e
1173 1540 1373 1566 converso.

307 1581 400 1618 Non
429 1593 518 1628 ergo
546 1593 616 1630 per
642 1582 718 1619 hoc
747 1581 852 1630 quod
882 1580 1028 1627 dicitur,
1055 1581 1156 1618 solus
1182 1582 1296 1618 Pater
1324 1588 1378 1618 est

306 1634 426 1680 Deus,
457 1634 666 1671 excluditur
694 1634 809 1671 Filius
837 1635 900 1671 vel
930 1634 1089 1683 Spiritus
1118 1635 1290 1672 Sanctus.
1327 1636 1375 1671 Et

307 1687 360 1724 sic
387 1686 540 1724 videtur
566 1688 662 1724 haec
690 1687 829 1724 locutio
859 1699 942 1724 esse
970 1699 1074 1724 vera.

359 1751 397 1787 4.
419 1741 652 1788 PRAETEREA,
674 1741 722 1777 ab
743 1740 914 1777 Ecclesia
941 1747 1111 1778 cantatur
1125 1740 1165 1777 *ε
1200 1742 1255 1777 Tu
1273 1741 1374 1778 solus

307 1793 520 1838 altissimus,
550 1794 636 1830 Iesu
670 1794 824 1830 Christe.

363 1847 437 1883 SED
466 1857 624 1894 CONTRA,
645 1847 739 1883 haec
763 1845 917 1892 locutio,
937 1846 1038 1883 solus
1055 1847 1169 1883 Pater
1187 1853 1241 1884 est
1257 1849 1372 1893 Deus,

306 1899 422 1936 habet
451 1898 545 1936 duas
566 1899 794 1948 expositivas
815 1904 844 1935 ⁷:
875 1899 1025 1946 scilicet,
1045 1901 1159 1936 Pater
1177 1906 1232 1937 est
1256 1901 1372 1947 Deus,

309 1959 365 1999 et,
395 1952 518 1989 nullus
545 1952 642 1989 alius
661 1965 684 1990 a
703 1954 817 1989 Patre
849 1958 904 1989 est
932 1953 1047 1989 Deus.
1079 1953 1156 1990 Sed
1189 1954 1284 1990 haec
1317 1966 1374 1990 se-

309 2004 434 2042 cunda
463 2012 518 2042 est
545 2006 657 2042 falsa:
686 2005 775 2053 quia
801 2005 916 2042 Filius
937 2005 1029 2042 alius
1050 2014 1104 2042 est
1124 2019 1146 2043 a
1164 2007 1288 2054 Patre,
1309 2006 1374 2055 qui

309 2065 365 2095 est
392 2059 508 2095 Deus.
540 2059 641 2106 Ergo
663 2066 699 2095 et
718 2056 731 2080 ὅ
758 2059 854 2095 haec
875 2066 930 2095 est
948 2059 1053 2106 falsa,
1073 2059 1173 2096 solus
1191 2061 1305 2096 Pater
1323 2065 1376 2097 est

307 2112 423 2148 Deus.
455 2112 503 2148 Et
531 2111 584 2148 sic
614 2111 660 2148 de
689 2111 885 2148 similibus.

362 2165 587 2202 Rusponnno
614 2176 799 2202 mcENDUM
828 2165 944 2213 quod,
970 2177 1059 2200 cum
1080 2164 1253 2212 dicimus,
1268 2166 1374 2202 >solus

307 2217 421 2254 Pater
447 2223 501 2254 est
532 2219 656 2261 Deus,
695 2218 791 2254 haec
827 2217 1039 2266 propositio
1074 2225 1200 2266 potest
1231 2219 1373 2255 habere

308 2270 555 2319 multiplicem
576 2270 819 2307 intellectum.
851 2270 890 2307 Si
908 2270 1010 2306 enim
1029 2270 1129 2306 solus
1147 2276 1159 2291 ⁸
1176 2278 1296 2319 ponat
1315 2283 1374 2308 so-

307 2322 506 2360 litudinem
536 2323 634 2360 circa
661 2324 835 2370 Patrem,
866 2323 918 2360 sic
948 2330 1003 2359 est
1030 2323 1132 2370 falsa,
1163 2325 1374 2361 secundum

308 2375 415 2424 quod
443 2376 604 2413 sumitur
638 2376 961 2424 categorematice.
983 2397 1008 2403 -
1029 2376 1252 2413 Secundum
1280 2389 1374 2414 vero

307 2429 414 2478 quod
451 2429 613 2466 sumitur
653 2429 1039 2478 syncategorematice
1068 2429 1102 2476 ζ,
1145 2429 1198 2466 sic
1237 2430 1374 2467 iterum

307 2489 433 2531 potest
468 2482 619 2530 intelligi
650 2482 913 2531 multipliciter.
958 2481 1059 2528 Quia
1092 2482 1122 2519 si
1152 2483 1325 2520 excludat
1353 2495 1375 2519 a

307 2535 431 2571 forma
459 2535 629 2583 subiecti,
659 2535 712 2572 sic
741 2543 797 2571 est
823 2547 935 2572 vera:
965 2542 1006 2571 ut
1033 2535 1079 2572 sit
1106 2548 1250 2583 sensus,
1274 2536 1375 2572 solus

307 2588 421 2624 Pater
449 2594 504 2625 est
528 2589 649 2634 Deus,
679 2587 792 2634 idest,
822 2588 883 2624 ille
910 2599 995 2624 cum
1025 2599 1098 2636 quo
1128 2588 1251 2625 nullus
1279 2589 1374 2626 alius

309 2646 364 2677 est
387 2642 511 2687 Pater,
541 2647 594 2678 est
619 2642 735 2678 Deus.
766 2641 815 2677 Et
837 2641 912 2677 hoc
931 2641 1051 2678 modo
1072 2641 1228 2690 exponit
1245 2643 1374 2689 Augu-

309 2693 448 2741 stinus,
477 2694 516 2730 in
544 2694 596 2731 VI
626 2694 671 2730 de
699 2694 735 2731 T
730 2694 801 2730 rin.
823 2693 860 2740 ²¹⁶,
892 2706 979 2730 cum
1010 2693 1117 2731 dicit:
1147 2694 1276 2731 Solum
1303 2696 1375 2731 Pa-

309 2752 401 2783 trem
439 2747 616 2793 dicimus,
653 2759 727 2783 non
766 2747 853 2795 quia
889 2753 1089 2795 separatur
1121 2759 1145 2784 a
1179 2747 1276 2784 Filio
1315 2747 1377 2784 vel

362 2880 390 2913 α)
410 2886 494 2905 nosse.
513 2894 531 2898 -
550 2886 656 2904 noscere
675 2878 797 2903 ABCDE.

362 2920 387 2954 β)
404 2924 527 2954 partem,
547 2928 630 2953 neque
649 2921 805 2945 universale.
824 2933 843 2939 —
855 2923 963 2953 partem
983 2927 1065 2954 neque
1084 2921 1259 2946 universalem
1273 2920 1374 2951 ACFG,

302 2957 473 2989 particulare
491 2964 574 2989 neque
593 2956 742 2981 universale
761 2956 794 2986 B,
808 2956 1003 2987 particularem
1023 2963 1104 2988 neque
1124 2956 1299 2981 universalem
1319 2956 1374 2986 DE,

304 2996 412 3024 partem
433 2999 515 3024 neque
533 2992 698 3017 materialem
718 2998 801 3023 neque
820 2991 996 3017 universalem
1016 2992 1056 3016 ed.
1068 2999 1094 3020 a,
1109 2994 1217 3023 partem
1238 2998 1321 3023 neque
1335 2991 1373 3016 in-

308 3027 437 3061 tegralem
457 3034 541 3059 neque
559 3030 644 3052 totum
664 3027 813 3051 universale
832 3026 872 3051 ed.
887 3026 910 3051 b.

361 3062 387 3095 γ)
407 3063 581 3094 expositivas.
599 3076 618 3081 —
636 3062 802 3094 expositivas
821 3062 862 3086 vel
880 3062 1060 3094 expositiones
1078 3062 1131 3092 Ac,
1149 3062 1315 3093 acceptiones
1335 3062 1376 3086 uel

309 3098 475 3130 expositivas
492 3099 522 3129 B,
541 3098 722 3130 expositiones
741 3100 767 3122 et
785 3097 949 3129 expositivas
968 3098 999 3127 D,
1018 3097 1198 3129 expositiones
1218 3097 1248 3122 E.

361 3131 386 3165 ὃ)
406 3136 440 3158 et.
457 3147 476 3153 —
494 3133 556 3158 Om.
569 3133 615 3159 Pb.
632 3147 651 3152 -
669 3136 709 3158 est
720 3133 796 3165 salsa
814 3140 869 3156 om.
880 3132 934 3157 FG.

362 3168 384 3200 ε)
403 3169 482 3193 solus.
499 3182 519 3188 -
537 3169 599 3194 Om.
618 3169 719 3194 codices
739 3173 765 3192 et
782 3175 799 3193 a
810 3168 834 3192 b.

1431 682 1569 730 Spiritu
1607 683 1743 719 Sancto
1758 696 1771 727 ;
1811 683 1877 720 sed
1913 685 1984 720 hoc
2020 684 2199 730 dicentes,
2236 686 2494 735 significamus

1431 735 1532 783 quod
1558 735 1611 771 illi
1637 736 1750 772 simul
1777 748 1862 772 cum
1892 748 1934 773 eo
1963 749 2038 773 non
2066 743 2154 774 sunt
2178 738 2300 774 Pater.
2332 739 2409 776 Sed
2433 740 2494 776 hic

1431 799 1564 824 sensus
1592 801 1671 824 non
1700 789 1860 825 habetur
1888 802 1933 826 ex
1958 798 2140 826 consueto
2161 791 2279 827 modo
2300 792 2492 840 loquendi,

1430 841 1500 877 nisi
1527 841 1713 877 intellecta
1741 841 1866 889 aliqua
1888 847 1902 864 '¹
1929 842 2197 891 implicatione,
2218 851 2259 880 ut
2278 843 2308 880 si
2329 844 2493 882 dicatur:

1432 894 1492 930 ille
1519 895 1584 942 qui
1601 894 1702 931 solus
1720 894 1855 931 dicitur
1872 896 1997 941 Pater,
2018 901 2072 932 est
2090 897 2204 933 Deus.
2225 917 2249 924 -
2272 898 2493 934 Secundum

1430 959 1524 984 vero
1545 947 1742 996 proprium
1763 959 1930 994 sensum,
1953 948 2116 986 excludit
2134 961 2156 985 a
2176 950 2366 986 consortio
2386 963 2495 999 prae-

1432 1000 1552 1037 dicati.
1582 1001 1632 1037 Et
1659 1000 1711 1036 sic
1738 1001 1833 1037 haec
1852 1001 2062 1049 propositio
2084 1009 2140 1038 est
2158 1003 2262 1049 falsa,
2284 1003 2313 1039 si
2334 1003 2496 1040 excludit

1430 1053 1547 1090 alium
1581 1053 1812 1090 masculine:
1852 1061 1907 1090 est
1935 1062 2063 1091 autem
2086 1053 2098 1075 θ
2126 1067 2236 1102 vera,
2274 1056 2304 1092 si
2333 1056 2495 1093 excludit

1431 1106 1535 1142 aliud
1570 1106 1786 1143 neutraliter
1813 1114 1977 1143 tantum:
2008 1107 2095 1155 quia
2124 1108 2238 1145 Filius
2267 1116 2323 1145 est
2350 1109 2444 1146 alius
2474 1122 2496 1146 a

1431 1160 1555 1206 Pa'tre,
1571 1171 1655 1210 *non
1675 1166 1804 1196 tamen
1824 1159 1945 1204 aliud3
1977 1160 2145 1197 similiter
2165 1169 2200 1197 et
2220 1161 2380 1210 Spiritus
2401 1163 2494 1199 San-

1432 1219 1524 1248 ctus.
1565 1212 1642 1248 Sed
1672 1212 1759 1260 quia
1787 1213 1882 1249 haec
1911 1213 2023 1250 dictio
2061 1214 2161 1250 solus
2189 1221 2196 1234 ‘
2226 1215 2377 1263 respicit
2407 1227 2495 1263 pro-

1430 1264 1511 1312 prie
1541 1265 1768 1312 subiectum,
1796 1273 1838 1302 ut
1868 1265 2010 1302 dictum
2045 1274 2100 1303 est
2113 1266 2144 1313 ³¹⁶,
2174 1267 2295 1315 magis
2321 1281 2360 1304 se
2380 1268 2495 1304 habet

1431 1318 1479 1354 ad
1509 1317 1789 1354 excludendum
1826 1318 1943 1354 alium
1973 1331 2089 1367 quam
2124 1320 2237 1356 aliud.
2273 1321 2384 1358 Unde
2416 1333 2495 1358 non

1431 1377 1487 1406 est
1507 1370 1745 1407 extendenda
1765 1370 1846 1407 talis
1868 1371 2026 1418 locutio;
2057 1372 2124 1408 sed
2143 1373 2205 1421 pie
2220 1379 2233 1393 κ
2254 1375 2493 1422 exponenda,

1431 1423 1551 1460 sicubi
1578 1423 1793 1460 inveniatur
1821 1423 1859 1460 in
1887 1425 2102 1461 authentica
2135 1426 2329 1474 scriptura.

1483 1477 1543 1512 AD
1572 1488 1710 1513 PmMUM
1734 1488 1832 1513 ERGO
1858 1489 2042 1514 DICENDUM
2062 1479 2180 1527 quod,
2202 1492 2289 1516 cum
2320 1480 2492 1528 dicimus,

1430 1535 1465 1566 te
1482 1528 1604 1566 solum
1623 1530 1748 1565 Deum
1768 1541 1912 1575 verum,
1934 1543 2012 1567 non
2032 1530 2245 1579 intelligitur
2265 1533 2312 1569 de
2330 1545 2495 1581 persona

1430 1582 1563 1628 Patris,
1594 1582 1662 1619 sed
1695 1583 1743 1619 de
1772 1590 1851 1619 tota
1870 1581 1882 1603 λ
1905 1583 2100 1630 Trinitate,
2122 1593 2163 1621 ut
2181 1586 2412 1633 Augustinus
2433 1598 2493 1622 ex-

1430 1636 1537 1684 ponit
1555 1635 1585 1672 *.
1607 1657 1630 1663 -
1651 1636 1739 1683 Vel,
1770 1636 1800 1672 si
1828 1636 2051 1684 intelligatur
2080 1638 2126 1674 de
2160 1650 2324 1686 persona
2353 1640 2493 1686 Patris,

1430 1701 1508 1725 non
1534 1689 1783 1725 excluduntur
1803 1689 1896 1726 aliae
1916 1702 2116 1738 personae,
2136 1699 2292 1740 propter
2312 1693 2495 1729 essentiae

1429 1741 1633 1787 unitatem,
1662 1749 1776 1790 prout
1802 1743 1841 1790 ly
1867 1743 1968 1779 solus
1997 1744 2159 1781 excludit
2195 1752 2342 1782 tantum
2370 1746 2492 1792 aliud,

1429 1802 1470 1832 ut
1497 1794 1639 1832 dictum
1670 1802 1726 1831 est
1743 1794 1774 1831 ²¹⁶.

1483 1848 1532 1884 Et
1559 1847 1728 1884 similiter
1761 1848 1966 1885 dicendum
1996 1857 2051 1886 est
2079 1861 2125 1886 AD
2154 1862 2355 1888 SECUNDUM.
2393 1852 2492 1889 Cum

1429 1901 1532 1938 enim
1559 1907 1579 1928 Ι*
1606 1900 1748 1949 aliquid
1787 1901 1982 1938 essentiale
2013 1902 2145 1939 dicitur
2173 1903 2220 1940 de
2254 1905 2386 1951 Patre,
2414 1917 2493 1942 non

1430 1953 1640 1991 excluditur
1668 1953 1783 1990 Filius
1802 1955 1863 1990 vel
1890 1955 2049 2003 Spiritus
2070 1956 2241 2004 Sanctus,
2261 1965 2418 2007 propter
2437 1970 2492 1995 es-

1430 2006 1571 2043 sentiae
1599 2006 1793 2044 unitatem.
1815 2028 1839 2034 -
1860 2008 2011 2044 Tamen
2036 2009 2233 2046 sciendum
2257 2018 2311 2047 est
2331 2012 2434 2059 quod
2454 2011 2492 2048 in

1429 2060 1647 2097 auctoritate
1675 2060 1879 2108 praedicta,
1900 2061 1996 2097 haec
2020 2061 2132 2098 dictio
2153 2075 2263 2099 nemo
2291 2076 2369 2101 non
2389 2064 2492 2102 idem

1431 2120 1486 2150 est
1513 2113 1620 2162 quod
1657 2113 1780 2150 nullus
1807 2114 1937 2160 homo,
1968 2115 2072 2162 quod
2100 2115 2249 2152 videtur
2281 2117 2492 2165 significare

1428 2167 1661 2203 vocabulum
1692 2168 1791 2212 (non
1820 2166 1922 2203 enim
1941 2175 2071 2215 posset
2099 2169 2219 2217 excipi
2238 2182 2404 2217 persona
2422 2172 2493 2208 Pa-

1428 2219 1528 2265 tris):
1559 2220 1626 2256 sed
1646 2219 1818 2266 sumitur,
1839 2219 2051 2256 secundum
2075 2233 2189 2258 usum
2218 2222 2410 2271 loquendi,
2441 2225 2494 2261 di-

1431 2271 1624 2308 stributive
1652 2284 1722 2320 pro
1753 2284 1995 2320 quacumque
2025 2273 2195 2310 rationali
2223 2283 2368 2313 natura.

1484 2326 1542 2361 An
1562 2336 1722 2362 TERTmM
1742 2337 1926 2362 mcanuM
1945 2326 2050 2373 quod
2071 2327 2183 2364 dictio
2205 2329 2395 2366 exclusiva
2415 2342 2493 2366 non

1431 2377 1594 2415 excludit
1620 2378 1681 2414 illa
1709 2390 1806 2427 quae
1835 2386 1922 2415 sunt
1950 2380 1996 2416 de
2034 2379 2223 2417 intellectu
2252 2382 2399 2418 termini
2433 2383 2492 2419 cui

1431 2430 1668 2478 adiungitur,
1698 2431 1728 2467 si
1757 2444 1835 2468 non
1870 2432 2048 2468 differunt
2080 2434 2291 2470 secundum
2320 2436 2493 2483 supposi-

1429 2491 1511 2520 tum
1531 2483 1561 2530 ²¹⁶,
1590 2491 1632 2520 ut
1659 2496 1747 2532 pars
1766 2490 1777 2503 ⁹
1806 2492 1842 2520 et
1869 2485 2093 2522 universale.
2125 2486 2202 2523 Sed
2226 2486 2340 2523 Filius
2370 2489 2494 2525 differt

1430 2536 1628 2584 supposito
1657 2549 1679 2572 a
1707 2537 1837 2573 Patre:
1868 2546 1904 2574 et
1931 2538 2017 2574 ideo
2047 2551 2125 2575 non
2155 2547 2209 2575 est
2235 2540 2365 2576 similis
2385 2541 2490 2578 ratio.

1483 2591 1542 2625 An
1572 2600 1744 2631 QUARTUM
1772 2601 1955 2627 DICENDUM
1976 2591 2081 2639 quod
2101 2603 2180 2628 non
2200 2591 2361 2629 dicimus
2381 2594 2491 2630 abso-

1430 2642 1505 2678 lute
1534 2642 1640 2690 quod
1668 2643 1770 2678 solus
1809 2643 1924 2680 Filius
1952 2643 1998 2680 sit
2034 2644 2257 2681 altissimus:
2291 2646 2359 2683 sed
2387 2647 2492 2694 quod

1431 2695 1534 2731 solus
1562 2694 1607 2731 sit
1635 2695 1835 2732 altissimus
1863 2708 1948 2733 cum
1977 2697 2116 2745 Spiritu
2140 2699 2289 2744 Sancto,
2310 2699 2346 2735 in
2366 2699 2492 2749 gloria

1429 2748 1505 2784 Dei
1530 2748 1663 2784 Patris.

1482 2880 1507 2914 ζ)
1526 2881 1642 2906 sumitur
1665 2882 1947 2914 syncategorematice.
1966 2896 1985 2900 -
2002 2885 2042 2907 est
2062 2883 2339 2916 syncategorematica
2362 2884 2492 2917 BDEpAC

1429 2921 1455 2940 et
1473 2917 1529 2945 ab,·
1546 2917 1663 2942 sumitur
1681 2924 1733 2941 om.
1747 2916 1767 2940 F
1769 2916 1801 2941 G.

1481 2952 1508 2984 η)
1527 2952 1627 2984 aliqua.
1643 2965 1663 2971 -
1680 2952 1735 2976 alia
1754 2952 1817 2977 Pab.

1481 2986 1505 3019 θ)
1521 2991 1560 3013 est
1573 2990 1672 3012 autem.
1689 3001 1708 3006 —
1725 2990 1752 3012 et
1764 2991 1804 3013 est
1815 2989 1869 3014 BD.
1881 3003 1900 3008 -
1913 2988 1963 3012 Pro
1976 2989 2104 3019 excludit,
2119 2990 2247 3014 excludat
2259 2989 2360 3014 codices
2374 2995 2399 3014 et
2411 2990 2451 3015 ed.
2465 2997 2492 3015 a.

1482 3023 1500 3055 ι)
1519 3024 1600 3048 solus.
1618 3037 1637 3042 -
1655 3023 1717 3048 Om.
1736 3023 1791 3048 FG.

1481 3059 1506 3091 κ)
1522 3059 1577 3091 pie.
1594 3073 1614 3078 —
1632 3059 1694 3084 Om.
1713 3060 1823 3084 codices.

1479 3093 1507 3127 λ)
1527 3098 1594 3119 tota.
1611 3108 1630 3113 -
1647 3095 1704 3119 sola
1723 3095 1751 3119 P.

1481 3130 1508 3163 μ.)
1532 3131 1596 3154 Cum
1616 3130 1696 3155 enim.
1713 3143 1732 3149 -
1749 3130 1822 3162 quod
1839 3137 1898 3155 cum
1918 3130 2028 3155 codices.

1481 3166 1503 3198 v)
1520 3173 1596 3197 pars.
1614 3178 1632 3185 ·-
1645 3166 1814 3197 particulare
1832 3166 1861 3190 B.

993 3254 1323 3288 Commentaria
1345 3241 1594 3287 Garamans
1616 3253 1815 3286 Caietam

369 3355 476 3376 nunus
510 3345 664 3376 limitatus
695 3352 758 3376 est:
791 3355 856 3375 non
893 3351 939 3375 est
974 3345 1059 3375 enim
1091 3344 1234 3385 quaestio
1266 3351 1374 3375 utrum

311 3357 471 3430 Tpossit
504 3389 576 3419 addi
611 3389 706 3420 dictio
741 3389 896 3420 exclusiva
923 3389 1057 3419 termino
1088 3389 1264 3429 personali,
1296 3396 1374 3429 puta

307 3434 409 3470 Patri,
433 3433 577 3464 absolute
583 3443 598 3471 ,·
622 3434 677 3463 sed
705 3439 848 3474 respectu
866 3433 1047 3474 praedicati
1079 3434 1271 3471 communis,
1297 3440 1374 3473 puta

309 3479 426 3515 vivere,
452 3478 644 3518 intelligere,
669 3487 746 3515 esse,
772 3485 830 3508 etc.

367 3522 404 3552 11.
430 3522 465 3551 In
485 3531 616 3561 corpore
640 3522 810 3562 respondet
833 3521 976 3562 quaesito
1000 3527 1138 3562 quatuor
1162 3521 1372 3551 conclusioni-

308 3567 377 3602 bus,
394 3572 424 3596 et
440 3565 616 3597 corollario.
641 3565 752 3596 Posuit
767 3571 873 3596 autern
891 3576 941 3596 eas
957 3565 1010 3596 tali
1027 3572 1099 3596 arte.
1120 3565 1251 3605 Accepit
1266 3564 1371 3606 primo

1429 3353 1527 3374 unam
1551 3343 1819 3383 propositionem,
1843 3343 1877 3373 in
1896 3345 1964 3384 Qua
1987 3342 2082 3373 dictio
2106 3341 2262 3372 exclusiva
2285 3342 2409 3375 additur
2431 3350 2490 3373 ter-

1428 3388 1516 3418 mino
1542 3387 1698 3427 personali
1722 3394 1865 3428 respectu
1890 3387 2057 3427 praedicati
2081 3386 2279 3422 communis,
2308 3393 2344 3416 ut
2366 3386 2398 3416 in
2423 3386 2491 3426 ipsa

1429 3433 1508 3462 clare
1537 3438 1654 3462 ceterae
1685 3431 1906 3471 inspiciantur,
1932 3431 2064 3461 scilicet:
2092 3431 2180 3461 solus
2202 3430 2299 3460 Pater
2322 3436 2368 3461 est
2389 3431 2488 3461 Deus.

1428 3476 1550 3506 Deinde
1574 3475 1713 3506 distinxit
1736 3482 1874 3517 quatuor
1896 3485 2006 3505 sensus
2030 3474 2187 3510 eiusdem,
2213 3474 2435 3514 distinguendo
2459 3475 2491 3515 ly

1428 3521 1515 3551 solus
1531 3519 1745 3559 multipliciter
1758 3528 1764 3549 :
1790 3526 1819 3550 et
1834 3519 1919 3550 iuxta
1935 3519 2076 3559 singulos
2101 3528 2210 3549 sensus
2226 3519 2334 3558 posuit
2353 3518 2490 3558 singulas

1429 3563 1658 3595 conclusiones.

2629 1227 2636 1243 ι

2523 1275 2532 1284 ·
2546 1274 2597 1296 Art.
2617 1274 2735 1302 praeced„

2522 1301 2550 1322 ad
2566 1306 2585 1322 2.

2621 1386 2636 1402 κ

2618 1591 2636 1616 λ

2519 1647 2531 1658 ⁸
2546 1646 2582 1668 De
2598 1647 2672 1672 Trin.¹
2693 1647 2735 1669 lib.

2521 1673 2563 1700 Vi,
2583 1679 2633 1701 cap.
2648 1679 2679 1695 ιι.

2522 1806 2531 1815 ”
2546 1804 2571 1826 In
2587 1810 2694 1832 corpore.

2617 1917 2637 1943 μ.

2520 2495 2529 2504 ·
2544 2493 2572 2515 D.
2588 2493 2638 2521 588-
2679 2481 2682 2483 ’

2621 2530 2635 2546 ν
