2606 4082
199 356 488 400 dearticulatio
523 355 839 409 quaestionum,
858 360 948 394 turn
982 365 1087 392 vero
1107 352 1167 392 sic
1185 351 1383 405 proprius
1409 350 1450 390 in
1473 349 1655 405 singulis
1691 362 1837 390 earum
1871 348 2201 404 argumentandi
2225 347 2396 397 modus,

198 427 244 461 ut
277 421 318 460 in
352 420 433 459 hoc
467 417 682 459 scribendi
715 429 875 472 genere
908 415 1028 455 facile
1062 414 1272 468 princeps,
1308 413 1382 453 ubi
1417 412 1533 452 nulla
1567 411 1751 452 iudicem
1786 411 1928 452 turbet
1962 410 2135 458 invidia,
2160 416 2396 451 censeatur.

197 468 287 523 Iam
320 494 424 523 vero
459 493 512 521 ne
546 479 642 534 quis
685 479 727 518 in
764 484 858 522 ,tam
892 490 1053 532 magno
1086 489 1244 516 acervo
1280 487 1422 515 rerum
1455 473 1662 528 suspicari
1698 474 1837 528 possit
1870 472 2117 514 connixisse
2155 472 2396 513 Auctorem

198 545 436 597 falsumque
472 554 578 590 esse,
615 546 808 581 naturam
843 537 1172 593 quodammodo
1207 537 1345 591 ipsam
1379 549 1483 577 suae
1518 535 1703 576 indicem
1747 535 1938 577 veritatis
1971 541 2214 590 testemque
2253 533 2395 575 habet.

197 607 310 647 Nam
344 605 391 654 si,
427 610 473 644 ut
506 603 761 644 Aristoteles
796 602 888 656 ipse
921 601 988 647 ait,
1023 600 1079 640 illi
1114 605 1214 640 sunt
1247 599 1334 653 apti
1367 612 1509 640 rerum
1541 598 1752 639 coniicere
1775 598 2012 646 veritatem,
2049 597 2123 652 qui
2147 602 2333 652 possunt
2355 597 2398 638 in

198 675 422 721 utramque
467 671 630 720 partem
674 663 911 705 dubitando
955 662 1216 716 disquirere,
1262 661 1359 715 quis
1398 661 1482 701 iam
1517 660 1683 701 dubitet
1716 660 1981 715 Aquinatem
2017 666 2213 700 nostrum
2247 659 2397 714 procul

197 745 222 771 a
244 730 422 771 veritate
456 741 543 768 non
568 727 809 774 recessisse,
846 725 930 780 qui,
961 724 1194 779 propositis
1217 729 1282 764 tot
1305 723 1494 764 millibus
1517 722 1824 777 quaestionum
1849 722 1903 778 de
1926 722 2126 763 humanis
2151 721 2397 776 divinisque

198 793 348 839 rebus,
383 789 670 843 theoricisque
706 788 783 828 illis
818 802 866 828 ac
900 787 1116 842 practicis,
1152 785 1347 840 proprias
1381 798 1554 840 semper
1587 785 1629 824 in
1664 785 1845 840 singulis
1880 784 1935 825 ad
1970 790 2197 839 utramque
2231 790 2397 839 partem

198 853 486 895 dubitationes
520 851 717 892 adducit?
2106 893 2112 896 μ

322 915 506 956 Nostrae
539 926 644 953 vero
679 912 803 953 huius
831 918 1055 966 susceptae
1079 909 1361 965 expositionis
1384 909 1482 950 hinc
1506 916 1656 950 exorta
1679 909 1787 950 ratio
1812 915 1888 958 est,
1914 909 2016 963 quia
2038 909 2228 950 formalis
2251 922 2396 950 sermo

198 977 402 1019 Doctoris
435 976 569 1017 nostri
604 988 806 1030 magnam
839 973 1033 1015 recondit
1065 985 1271 1013 sensuum
1305 971 1586 1020 altitudinem,
1613 985 1710 1013 cum
1733 978 1878 1013 tamen
1901 972 2138 1013 verborum
2167 971 2396 1012 collocatio

197 1055 247 1081 ac
281 1039 482 1086 delectus,
517 1037 705 1092 perplexi
740 1037 840 1077 nihil
874 1035 1050 1084 habens,
1086 1035 1222 1089 prima
1254 1034 1393 1075 fronte
1415 1033 1621 1074 lectorem
1644 1033 1843 1074 videatur
1865 1033 2045 1082 allicere,
2080 1047 2130 1074 ac
2153 1034 2397 1075 facilitatem

197 1115 402 1143 sensuum
435 1099 636 1154 polliceri.
671 1099 833 1140 Verum
868 1098 1002 1139 multo
1036 1097 1155 1138 aliter
1189 1097 1362 1138 evenire
1396 1096 1478 1137 sibi
1511 1096 1646 1137 lector
1678 1095 1876 1151 intelligit
1907 1101 2038 1150 atque
2072 1096 2127 1136 ab
2163 1096 2282 1137 initio
2307 1096 2397 1137 exi-

198 1165 404 1205 stimarat:
430 1162 606 1216 repetita
629 1161 741 1202 enim
764 1161 889 1201 lectio
914 1159 1119 1201 Auctoris
1135 1159 1260 1200 huius
1283 1158 1454 1199 videtur
1476 1171 1637 1214 augere
1659 1158 1804 1213 potius
1829 1171 1961 1212 quam
1988 1157 2220 1212 decerpere
2242 1171 2397 1200 sensus

198 1224 457 1281 percipiendi
492 1224 792 1264 difficultatem.
838 1222 1059 1276 Quodque
1093 1222 1148 1262 ad
1184 1221 1293 1262 hanc
1327 1221 1508 1275 primam
1541 1221 1724 1275 pertinet
1747 1220 1956 1262 Summae
1983 1225 2170 1275 partem,
2206 1220 2304 1261 hinc
2335 1221 2397 1262 sa-

199 1289 276 1329 cile
300 1287 454 1342 opinor
488 1286 578 1327 eius
613 1285 887 1326 eminentiam
921 1290 1118 1325 constare
1151 1296 1294 1338 posse,
1329 1283 1449 1337 quod
1484 1283 1628 1324 eximii
1661 1283 1998 1331 Thomis'tarum,
2030 1282 2163 1324 vicies
2199 1295 2294 1324 eam
2327 1283 2398 1324 vel

198 1350 369 1404 saepius
403 1354 664 1403 repetentes,
709 1361 879 1402 semper
912 1347 954 1387 in
991 1350 1040 1387 ea
1073 1359 1121 1387 se
1155 1345 1259 1387 novi
1294 1345 1455 1400 aliquid
1494 1346 1738 1400 percepisse
1777 1345 2011 1386 affirmant:
2051 1351 2098 1386 ut
2135 1345 2220 1386 iam
2255 1344 2398 1387 mirari

198 1413 339 1453 minus
374 1416 590 1465 oporteat,
626 1423 722 1450 cum
755 1409 892 1464 prima
925 1410 1029 1450 haec
1063 1422 1162 1463 pars
1195 1414 1260 1449 tot
1293 1414 1468 1462 experta
1506 1408 1560 1448 sit
1593 1408 1818 1448 hominum
1853 1407 2009 1448 iudicia
2047 1413 2156 1462 quot
2192 1407 2324 1448 habet
2357 1413 2399 1449 et

197 1475 342 1523 verba,
378 1480 464 1514 tam
500 1472 642 1513 multis
676 1472 790 1512 illam
824 1471 1223 1527 oppugnationibus
1247 1470 1490 1511 lacessitam
1513 1470 1656 1511 fuisse.
1682 1470 1901 1526 Theologi
1924 1483 2114 1524 namque
2138 1470 2396 1525 complures,

198 1549 339 1591 neque
373 1535 483 1576 adeo
519 1534 834 1582 contemnendi,
858 1547 1064 1589 magnum
1088 1533 1170 1574 sibi
1194 1546 1355 1574 nomen
1379 1532 1539 1588 ingenii
1562 1546 1611 1573 ac
1635 1532 1856 1573 doctrinae
1890 1532 2078 1573 facturos
2107 1532 2205 1573 hinc
2228 1546 2276 1574 se
2301 1546 2398 1575 esse

198 1603 472 1653 putaverunt,
507 1597 558 1643 si,
597 1596 729 1637 veluti
768 1596 1073 1636 munitissimas
1112 1608 1231 1636 arces
1269 1595 1486 1636 fortissimi
1527 1594 1659 1636 duces
1698 1595 1861 1643 solent,
1901 1595 1958 1635 ita
1995 1594 2052 1636 illi
2090 1601 2254 1650 partem
2287 1595 2398 1637 hanc

197 1661 377 1715 primam
411 1659 499 1700 suis
533 1658 920 1700 machinationibus
944 1663 1256 1714 oppugnarent.
1290 1658 1476 1698 Ioannes
1499 1670 1605 1699 vero
1630 1657 1790 1699 Scotus
1825 1658 2002 1713 egregia
2035 1663 2204 1712 praeter
2229 1664 2397 1701 ceteros

198 1724 240 1764 in
274 1723 352 1764 hac
386 1734 429 1762 re
463 1721 675 1762 laboravit
707 1720 938 1762 subtilitate
963 1726 1004 1761 et
1027 1721 1163 1775 copia,
1199 1720 1359 1774 quippe
1382 1720 1455 1774 qui
1490 1719 1662 1775 singula
1693 1733 1830 1774 prope
1863 1719 1990 1761 huius
2024 1720 2156 1775 partis
2177 1720 2314 1762 verba
2335 1720 2397 1766 la-

198 1785 409 1826 befactare
444 1783 686 1824 contendat.
722 1783 908 1824 Ratione
942 1783 1069 1838 igitur
1102 1782 1248 1823 habita
1282 1788 1324 1823 et
1357 1782 1508 1823 insitae
1531 1782 1792 1824 difficultatis
1816 1788 1858 1823 et
1880 1782 2221 1839 oppugnationis
2243 1782 2396 1833 illatae,

197 1860 287 1888 non
319 1845 498 1900 simplici
532 1844 719 1899 quadam
754 1845 1026 1900 expositione
1049 1858 1146 1886 sum
1170 1858 1286 1893 usus,
1311 1850 1368 1892 ut,
1397 1844 1490 1886 sine
1513 1845 1599 1886 ulla
1621 1844 1932 1893 controversia,
1957 1858 2009 1886 ea
2031 1844 2256 1887 dumtaxat
2285 1850 2396 1887 attu-

197 1909 316 1950 lerim
351 1921 460 1962 quae
495 1907 549 1948 ad
583 1920 734 1948 verum
777 1908 910 1948 sancti
946 1907 1143 1948 Thomae
1183 1906 1444 1948 intellectum
1483 1907 1695 1960 pertinere
1735 1906 1998 1961 putaverim;
2042 1907 2121 1948 sed
2160 1907 2237 1948 ubi
2274 1907 2397 1950 locus

197 1978 239 2012 et
271 1983 338 2011 res
371 1970 464 2024 ipsa
497 1969 713 2023 postulare
747 1969 827 2010 visi
862 1975 981 2018 sunt,
1022 1969 1300 2023 quaestiones
1334 1969 1426 2023 ipse
1460 1969 1690 2010 nonnullas
1725 1968 1967 2010 dubitando
2002 1969 2138 2019 attuli,
2174 1975 2216 2011 et
2249 1976 2399 2013 contra

197 2038 535 2088 oppugnatores,
571 2031 840 2085 Scotumque
874 2031 1118 2086 praecipue,
1154 2032 1261 2072 tueri
1295 2031 1520 2073 veritatem
1555 2031 1780 2080 contendi;
1821 2031 2004 2073 arduum
2042 2045 2147 2074 sane
2185 2045 2298 2088 opus
2335 2033 2398 2077 la·

196 2095 506 2148 boriosumque
541 2107 796 2149 aggressus,
833 2100 1041 2148 quantum
1084 2107 1190 2135 vero
1229 2094 1420 2142 feliciter,
1460 2093 1643 2135 aliorum
1676 2094 1731 2134 sit
1764 2093 1982 2148 iudicium.
2021 2094 2122 2150 Ego
2156 2100 2271 2136 certe
2308 2108 2398 2139 non

197 2158 254 2198 ita
286 2170 382 2198 sum
414 2169 590 2210 prorsus
624 2156 783 2197 oblitus
818 2156 912 2204 mei,
948 2162 996 2197 ut
1017 2156 1073 2197 ad
1097 2156 1280 2210 expositi
1316 2156 1460 2210 operis
1495 2155 1750 2211 dignitatem
1783 2169 1932 2210 parem
1954 2168 2024 2198 me
2046 2162 2196 2212 putem
2219 2170 2398 2213 operam

197 2219 411 2266 attulisse;
451 2231 548 2259 cum
587 2223 730 2259 tamen
768 2218 840 2272 pio
881 2219 1032 2259 saltem
1071 2218 1252 2259 consilio
1293 2231 1424 2273 quam
1463 2218 1672 2272 plurimos
1710 2231 1889 2273 possem
1931 2218 2155 2260 studiosos
2198 2219 2398 2263 homines

197 2280 449 2328 adiuvandi,
485 2279 791 2335 diligentiaque
825 2280 880 2321 ad
914 2281 1125 2321 honorem
1158 2281 1242 2321 Dei
1276 2281 1483 2335 impensa,
1510 2280 1798 2322 conscientiae
1831 2281 2002 2335 penitus
2035 2281 2294 2324 satisfecisse
2328 2295 2398 2326 me

198 2344 342 2384 sciam.
2312 2385 2315 2388 .

323 2405 519 2446 Debetur
550 2410 693 2446 autem
727 2405 818 2453 tibi,
853 2406 980 2446 Pater
1013 2405 1315 2460 Amplissime,
1351 2411 1499 2447 nostra
1531 2405 1637 2447 haec
1672 2406 1900 2461 expositio,
1935 2419 2024 2448 non
2059 2419 2112 2448 eo
2147 2407 2289 2449 solum
2317 2421 2398 2450 no·

199 2468 312 2509 mine
346 2480 434 2522 quo
469 2473 708 2508 ceterorum
743 2480 921 2522 quoque
955 2473 1201 2508 nostrorum
1235 2467 1433 2508 Fratrum
1468 2468 1790 2510 lucubrationes
1814 2468 1891 2510 tibi
1915 2468 2140 2519 debentur,
2168 2475 2398 2525 propterea

199 2530 317 2584 quod
353 2543 375 2570 e
409 2530 582 2583 specula
614 2534 840 2584 susceptae
874 2530 1160 2571 Protectionis
1190 2530 1394 2571 universo
1419 2529 1572 2571 Ordini
1596 2531 1949 2573 Praedicatorum
1977 2532 2098 2573 faves
2121 2538 2164 2574 et
2186 2533 2396 2583 consulis;

199 2591 275 2632 sed
310 2591 436 2632 etiam
470 2591 664 2646 ampliori
699 2591 886 2645 quadam
922 2592 1221 2647 capaciorique
1245 2592 1421 2634 ratione.
1454 2592 1824 2649 Quandoquidem
1847 2594 1890 2635 in
1914 2594 1996 2636 isto
2021 2595 2195 2636 sublimi
2224 2595 2397 2638 cardine

199 2654 465 2701 constitutus,
501 2654 744 2708 exemplum
778 2654 960 2708 praebes
995 2654 1248 2696 Christianis
1282 2655 1546 2709 principibus
1588 2655 1860 2706 imitandum,
1894 2657 1992 2711 piae
2026 2657 2396 2714 magnificentiae,

199 2715 434 2771 religionis,
474 2716 743 2771 integritatiS‚
788 2722 830 2756 et
870 2717 911 2757 in
950 2716 1132 2773 agendis
1172 2717 1301 2758 rebus
1339 2717 1509 2758 solertis
1550 2731 1599 2758 ac
1638 2718 1856 2774 diligentis
1896 2719 2147 2770 industriae;
2187 2719 2398 2776 quodque

199 2778 465 2832 temporibus
499 2778 655 2819 nostris
689 2778 952 2832 praeclarum
987 2779 1070 2820 Dei
1105 2786 1171 2820 est
1193 2793 1372 2828 munus,
1408 2786 1616 2835 perpetuo
1652 2781 1856 2823 castitatis
1889 2788 2063 2831 tenore,
2101 2782 2397 2838 pontificiique

199 2840 299 2881 iuris
334 2839 543 2888 doctrina,
577 2841 837 2882 sacrosancti
871 2841 1055 2898 Collegii
1088 2842 1362 2883 venerandus
1386 2855 1432 2883 es
1455 2843 1593 2891 Pater,
1618 2843 1866 2898 saeculique
1890 2845 2025 2886 nostri
2049 2845 2183 2887 decus
2210 2844 2394 2895 haberis,

199 2908 241 2943 et
273 2902 444 2943 lucerna
476 2914 606 2957 super
639 2902 941 2944 candelabrum
975 2905 1197 2954 collocata,
1233 2917 1345 2959 quae
1379 2905 1518 2946 luceat
1551 2905 1755 2947 omnibus
1789 2906 1862 2961 qui
1896 2907 1939 2948 in
1973 2907 2108 2949 domo
2136 2913 2248 2950 sunt.
2282 2907 2397 2950 Hinc

199 2970 241 3005 et
273 2963 403 3005 totius
438 2964 703 3005 Christianae
737 2965 955 3021 religionis
990 2966 1175 3015 ordines,
1210 2967 1540 3022 studiorumque
1574 2968 1772 3017 cultores,
1807 2974 1971 3023 patrem
2005 2975 2047 3012 te
2086 2982 2136 3011 ac
2170 2983 2396 3013 censorem

199 3026 381 3067 habituri
414 3032 523 3075 sunt,
559 3027 678 3068 cuius
713 3027 754 3068 in
789 3027 946 3069 iudicio
981 3035 1022 3070 et
1055 3029 1360 3070 benevolentia
1393 3030 1714 3085 conquiescant.

324 3089 466 3129 Venio
501 3102 612 3130 nunc
646 3089 700 3130 ad
735 3090 971 3144 meipsum,
1011 3091 1084 3146 qui
1117 3098 1294 3146 paterna
1327 3092 1498 3133 caritate
1532 3105 1703 3148 semper
1735 3094 1814 3135 abs
1847 3100 1888 3136 te
1922 3094 2128 3144 dilectus,
2174 3095 2396 3139 beneficiis

200 3156 360 3199 auctus,
396 3150 763 3207 dignitatibusque
802 3158 992 3201 ornatus,
1028 3153 1182 3210 ingrati
1215 3154 1344 3195 animi
1382 3153 1487 3195 vitio
1529 3155 1618 3196 iure
1652 3155 1923 3198 damnandus
1957 3157 2056 3206 sim,
2091 3157 2127 3198 si
2161 3157 2231 3198 alii
2264 3171 2397 3212 quam

200 3212 275 3252 tibi
309 3213 389 3253 hos
423 3226 600 3268 quoque
634 3213 875 3255 studiorum
910 3228 1105 3257 meorum
1128 3215 1287 3257 fructus
1310 3216 1547 3266 detulerim,
1583 3217 1650 3258 cui
1674 3218 1841 3260 minora
1864 3219 1992 3261 etiarn
2021 3219 2236 3269 dedicavi:
2271 3233 2396 3276 prae-

201 3274 345 3315 sertim
380 3288 476 3316 cum
509 3281 555 3316 tu
589 3288 657 3316 me
691 3275 745 3317 ad
779 3276 888 3317 hanc
921 3277 1164 3319 cudendam
1198 3278 1515 3333 expositionem
1549 3279 1801 3322 adhortatus
1835 3281 2021 3323 maxime
2055 3282 2197 3331 fueris,
2232 3283 2395 3338 vixque

202 3335 303 3376 dum
338 3337 447 3378 bene
481 3338 736 3386 absolutam,
761 3339 965 3392 publicari
990 3354 1076 3381 non
1100 3341 1242 3381 solum
1265 3354 1394 3395 saepe
1422 3341 1605 3396 petieris,
1629 3355 1781 3384 verum
1817 3343 1945 3385 etiam
1969 3344 2242 3400 flagitaveris.
2275 3345 2396 3401 Cape

202 3397 329 3452 igitur
362 3411 516 3440 munus
550 3399 632 3441 hoc
667 3407 862 3441 nostrum
896 3401 1083 3458 benigna
1116 3403 1279 3451 fronte,
1325 3416 1535 3458 meaeque
1573 3404 1673 3446 fidei
1711 3411 1841 3460 atque
1875 3406 2178 3450 observantiae
2217 3420 2321 3464 erga
2353 3413 2395 3449 te

202 3459 356 3515 pignus
390 3461 472 3502 hoc
506 3469 921 3517 monumentumque
955 3477 1156 3519 agnosce.
1193 3465 1240 3506 In
1273 3478 1430 3506 aevum
1463 3466 1572 3507 vale.

762 3610 1505 3666 *Qu-*w*
1803 3635 1829 3638 ,-
