2768 4178
90 558 101 568 ’
117 555 163 585 Qu.
179 562 211 584 ix,
227 561 304 583 art.1;

91 589 131 612 qu.
145 589 194 610 xiv,
209 587 251 605 art.
262 589 290 611 ¹5·

1009 259 1276 306 QUAESTIO
1306 261 1414 306 X1x,
1443 260 1739 298 ARTICULUS
1768 261 1837 297 vu

333 336 461 387 incipit
490 350 571 375 esse
601 339 748 376 bonum
769 340 902 376 sedere
931 340 979 376 ad
1007 338 1146 386 ignem,
1169 339 1275 387 quod
1295 339 1399 388 prius

332 404 411 428 non
440 400 529 428 erat.
559 392 645 429 Alio
674 392 794 441 modo
824 392 887 439 sic,
915 391 1019 439 quod
1048 391 1095 428 de
1124 404 1228 428 novo
1260 403 1399 439 cogno-

332 448 412 482 scat
438 444 532 482 illud
561 457 643 482 esse
672 445 742 483 sibi
771 446 931 491 bonurn,
954 456 1042 480 cum
1071 444 1175 493 prius
1199 445 1275 481 hoc
1294 444 1399 492 igno-

333 505 470 535 rasset:
501 497 550 535 ad
568 499 643 535 hoc
662 498 764 536 enim
786 496 1038 543 consiliamur,
1059 504 1100 533 ut
1122 497 1287 534 sciamus
1307 497 1399 546 quid

332 551 444 588 nobis
473 550 519 588 sit
552 551 710 589 bonum.
749 550 957 587 Ostensum
992 557 1049 586 est
1082 557 1209 586 autem
1248 563 1362 599 supra
1380 550 1400 572 ’¹‘

333 604 438 653 quod
466 611 546 641 tam
573 603 782 640 substantia
811 602 883 639 Dei
912 614 1029 651 quam
1050 602 1130 639 eius
1159 603 1312 640 scientia
1345 611 1400 640 est

333 657 492 694 omnino
530 655 787 693 immutabilis.
826 655 938 692 Unde
977 663 1127 703 oportet
1163 657 1399 693 voluntatem

334 709 413 747 eius
442 709 600 746 omnino
630 721 714 746 esse
742 708 1032 745 immutabilem.

384 764 444 799 An
473 774 610 798 ramum
638 772 736 799 ERGO
765 773 950 798 mCENDUM
978 761 1084 809 quod
1111 761 1204 799 illud
1236 763 1398 799 verbum

332 814 490 852 Domini
509 814 769 864 metaphorice
794 814 1077 862 intelligendum
1098 823 1164 861 est,
1186 815 1397 852 secundum

332 867 615 905 similitudinem
636 875 828 911 nostram:
859 880 947 904 cum
973 868 1075 905 enim
1095 880 1166 905 nos
1191 869 1359 917 poenitet
1372 866 1396 914 ⁰,

333 920 561 958 destruimus
577 921 682 969 quod
697 921 866 957 fecimus.
889 921 1077 967 Quamvis
1092 922 1167 958 hoc
1182 934 1265 958 esse
1279 921 1399 970 possit

331 975 477 1023 absque
511 973 721 1011 mutatione
748 974 973 1011 voluntatis:
1005 987 1092 1011 curn
1123 974 1235 1011 etiam
1263 974 1397 1022 aliquis

330 1028 463 1074 hom0,
480 1027 624 1077 absque
645 1027 854 1064 mutatione
870 1027 1086 1074 voluntatis,
1103 1027 1293 1065 interdum
1308 1027 1398 1065 velit

331 1080 474 1129 aliquid
501 1080 646 1128 facere,
677 1080 790 1117 simul
817 1080 1017 1118 intendens
1045 1089 1180 1130 postea
1214 1081 1305 1118 illud
1334 1081 1398 1118 de-

331 1141 487 1171 struere.
527 1134 590 1172 Sic
617 1133 728 1182 igitur
755 1135 861 1170 Deus
897 1134 1128 1183 poenituisse
1159 1133 1311 1180 dicitur,
1341 1146 1398 1170 se-

331 1187 501 1224 cundum
538 1186 823 1225 similitudinem
863 1187 1093 1236 operationis
1116 1193 1140 1230 ¹,
1171 1187 1396 1236 inquantum

329 1240 685 1291 hominemquem
722 1240 882 1286 fecerat,
919 1252 990 1288 per
1027 1239 1212 1277 diluvium
1248 1251 1270 1276 a
1302 1239 1397 1276 facie

274 1310 277 1312 ·
327 1301 450 1330 terrae
481 1293 632 1331 delevit.

58 3222 63 3223 ν
80 3209 93 3222 ⁸
106 3209 142 3232 Cf.
157 3216 222 3232 num.
234 3216 252 3231 1.

84 3565 94 3574 ·
109 3565 166 3592 Cap.
177 3571 203 3592 ιι,
213 3570 236 3587 n.
247 3571 263 3592 1,
273 3571 294 3587 2.

382 1348 442 1384 AD
462 1358 652 1385 SECUNDUM
671 1357 855 1383 mcENDUM
875 1344 980 1394 quod
999 1345 1177 1382 voluntas
1201 1345 1285 1391 Dei,
1308 1357 1396 1382 cum

329 1399 375 1436 sit
394 1412 509 1439 causa
527 1399 650 1448 prima
671 1406 707 1435 et
725 1398 960 1445 universalis,
981 1410 1060 1435 non
1081 1397 1245 1435 excludit
1263 1410 1397 1435 causas

328 1452 487 1501 medias,
517 1452 555 1489 in
584 1463 747 1501 quarum
775 1451 913 1488 virtute
943 1459 998 1488 est
1025 1458 1067 1488 ut
1095 1451 1210 1499 aliqui
1239 1450 1397 1488 effectus

326 1505 599 1554 producantur.
625 1504 703 1541 Sed
723 1503 812 1554 quia
833 1516 968 1541 omnes
989 1516 1126 1541 causae
1146 1504 1296 1541 mediae
1318 1516 1396 1541 non

327 1558 544 1607 adaequant
570 1557 752 1594 virtutem
792 1569 928 1594 causae
963 1557 1132 1607 primae,
1163 1557 1282 1594 multa
1311 1565 1397 1594 sunt

326 1610 365 1650 in
393 1610 531 1649 virtute
570 1618 607 1647 et
639 1609 794 1648 scientia
822 1618 858 1647 et
884 1611 1082 1647 voluntate
1116 1610 1265 1657 divina,
1297 1623 1396 1658 quae

325 1676 406 1705 non
426 1664 667 1702 continentur
685 1664 756 1701 sub
777 1663 910 1701 ordine
932 1676 1133 1700 causarum
1153 1663 1394 1709 inferiorum3

326 1717 422 1757 sicut
449 1717 683 1755 resuscitatio
712 1716 858 1753 Lazari.
888 1717 1000 1754 Unde
1029 1716 1164 1765 aliquis
1193 1717 1398 1766 respiciens

327 1771 378 1812 ad
405 1783 538 1808 causas
565 1769 773 1816 inferiores,
795 1769 920 1807 dicere
940 1777 1099 1819 poterat,
1129 1771 1302 1818 Lazarus
1321 1783 1395 1807 non
1423 1815 1425 1821 Ι

378 1866 403 1901 Θ)
417 1867 548 1900 poenitet.
565 1881 584 1886 -
598 1867 766 1899 poenitemus
785 1867 887 1891 codices
907 1872 932 1891 et
950 1867 990 1892 ed.
1005 1874 1032 1892 a.

380 1903 398 1935 ι)
417 1903 562 1929 secundum
587 1902 790 1927 similitudinem
808 1901 982 1934 operationis.
998 1915 1018 1922 -
1035 1902 1072 1927 ad
1089 1902 1290 1927 similitudinem
1309 1902 1394 1927 homi-

326 1938 367 1964 nis
385 1939 415 1968 Β,
433 1938 578 1964 secundum
596 1937 798 1963 similitudinem
817 1937 905 1969 operis
923 1938 1010 1962 ceten‘.

380 1974 404 2006 κ)
425 1981 532 1999 causam
553 1973 716 2007 inferiorem.
734 1986 753 1992 —-
770 1980 866 1998 causas
885 1972 1025 2006 inferiores
1042 1973 1165 1998 ABCDE.

378 2008 407 2042 λ)
422 2009 594 2042 pronuntiat.
611 2022 631 2028 —
643 2009 823 2041 praenuntiat
841 2008 953 2034 codices.

2439 263 2511 309 243

1453 345 1641 389 resurget:
1668 339 1870 388 respiciens
1889 353 1982 377 vero
2003 342 2051 378 ad
2072 353 2224 378 causam
2239 341 2403 390 primam
2423 341 2515 378 clivi-

1453 404 1556 438 nam,
1577 400 1725 441 poterat
1744 392 1881 439 dicere,
1903 395 2072 442 Lazarus
2092 399 2273 444 resurget.
2304 395 2354 430 Et
2371 402 2514 431 utrum-

1454 457 1527 494 que
1547 446 1687 482 horum
1708 446 1813 482 Deus
1833 446 1932 482 vult:
1953 446 2092 483 scilicet
2112 447 2217 495 quod
2236 446 2377 495 aliquid
2397 459 2514 495 quan-

1454 498 1580 546 doque
1601 498 1646 535 sit
1665 498 1833 535 futurum
1849 499 2060 535 secundum
2082 512 2235 536 causam
2258 499 2472 536 inferiorem
2488 506 2512 546 ¹,

1453 551 1557 600 quod
1585 559 1714 588 tamen
1742 551 1910 588 futurum
1939 564 2017 588 non
2045 551 2091 588 sit
2118 553 2329 590 secundum
2360 565 2513 589 causam

1453 604 1707 653 superiorem3
1737 605 1800 641 vel
1823 617 1844 641 e
1869 617 2068 641 converso.
2094 605 2162 642 ⁴Sic
2190 617 2278 653 ergo
2309 605 2513 643 dicendum

1454 665 1509 694 est
1537 658 1640 706 quod
1669 658 1775 694 Deus
1803 657 2007 705 aliquando
2036 657 2280 706 pronuntiat³
2299 659 2439 707 aliquid
2459 659 2514 694 fu-

1452 718 1593 757 turum,
1614 711 1826 747 secundum
1855 711 1959 760 quod
1989 711 2200 748 continetur
2218 711 2255 748 in
2275 711 2407 748 ordine
2428 724 2513 748 cau-

1453 776 1581 800 sarum
1610 763 1844 810 inferiorum,
1874 771 1916 800 ut
1942 771 2033 812 puta
2061 764 2272 801 secundum
2302 764 2513 812 dispositio-

1452 829 1543 853 nem
1580 824 1735 853 naturae
1763 817 1824 852 vel
1859 816 2103 861 meritorum,
2133 817 2237 864 quod
2274 824 2402 853 tamen
2437 829 2514 853 non

1451 870 1504 916 fit,
1526 869 1614 918 quia
1643 869 1748 906 aliter
1768 877 1822 906 est
1841 869 1880 906 in
1900 881 2014 906 causa
2037 869 2220 918 superiori
2243 869 2381 906 divina.
2411 869 2515 906 Sicut

1452 935 1540 959 cum
1569 921 1754 971 praedixit
1772 922 1972 969 Ezechiae,
1992 923 2145 970 dispone
2163 923 2293 959 domui
2310 928 2405 967 tuae,
2427 923 2514 970 quia

1451 976 1624 1012 morieris
1643 981 1680 1012 et
1697 987 1772 1012 non
1800 976 1913 1022 vives,
1940 983 1981 1012 ut
1999 976 2160 1012 habetur
2179 975 2297 1012 Isaiae
2321 987 2453 1011 xxxvm
2474 975 2511 1021 *3

1451 1041 1576 1077 neque
1604 1036 1733 1065 tamen
1761 1028 1811 1065 ita
1844 1029 1986 1075 evenit,
2017 1028 2104 1076 quia
2142 1029 2189 1065 ab
2227 1036 2380 1065 aeterno
2410 1028 2514 1064 aliter

1451 1082 1519 1118 fuit
1546 1081 1585 1119 in
1612 1081 1766 1118 scientia
1794 1089 1831 1118 et
1857 1082 2052 1118 voluntate
2082 1081 2220 1127 divina,
2250 1093 2348 1129 quae
2377 1081 2512 1117 immu—

1451 1134 1572 1171 tabilis
1602 1142 1668 1171 est.
1699 1135 1858 1183 Propter
1885 1134 1991 1182 quod
2016 1134 2103 1171 dicit
2122 1134 2329 1182 Gregorius
2347 1133 2378 1181 ²⁸,
2409 1135 2512 1183 quod

1450 1188 1554 1224 Deus
1588 1188 1761 1224 immutat
1795 1188 2012 1224 sententiam
2032 1187 2073 1234 ³⁸,
2103 1199 2176 1223 non
2206 1192 2329 1224 tamen
2358 1192 2513 1224 mutate

1451 1240 1667 1285 consilium,
1698 1240 1837 1276 scilicet
1868 1240 2072 1277 voluntatis
2110 1252 2212 1276 suae.
2232 1240 2395 1287 -Quod
2424 1251 2512 1293 erg9

1452 1293 1550 1339 dicit,
1562 1293 1828 1341 poenitentiam
1849 1304 1966 1342 agam
1986 1304 2069 1342 ego,
2086 1292 2298 1340 intelligitur
2316 1293 2551 1341 metapho-

1451 1345 1526 1382 rice
1556 1345 1715 1382 dictum:
1746 1357 1836 1382 nam
1865 1345 2052 1391 homines,
2083 1345 2237 1394 quando
2258 1357 2336 1382 non
2357 1345 2515 1395 implent

1451 1399 1557 1448 quod
1587 1398 1808 1435 comminati
1837 1406 1934 1445 sunt,
1964 1398 2157 1446 poenitere
2184 1398 2372 1435 videntur.

1505 1453 1564 1488 An
1592 1463 1751 1488 Tannum
1779 1463 1962 1488 montinum
1987 1451 2091 1499 quod
2121 1463 2165 1487 ex
2194 1451 2338 1487 ratione
2356 1451 2418 1487 illa
2436 1463 2515 1487 non

1450 1512 1576 1553 potest
1596 1504 1771 1542 concludi
1791 1504 1896 1552 quod
1915 1505 2020 1541 Deus
2048 1505 2186 1540 habeat
2206 1503 2426 1541 mutabilem
2446 1516 2515 1540 vo-

1451 1559 1653 1603 luntatem;
1683 1557 1750 1594 sed
1780 1557 1883 1606 quod
1912 1557 2163 1594 mutationem
2191 1557 2292 1593 velit.

1505 1613 1563 1647 AD
1594 1622 1766 1653 QUARTUM
1795 1622 1978 1647 mensuum
2006 1610 2123 1659 quod,
2153 1610 2237 1646 licet
2265 1611 2390 1646 Deum
2417 1609 2514 1646 velle

1451 1663 1594 1713 aliquid
1622 1676 1701 1700 non
1729 1663 1775 1700 sit
1802 1663 2058 1700 necessarium
2087 1663 2271 1710 absolute,
2301 1671 2429 1700 tamen
2452 1674 2515 1698 ne-

1452 1717 1658 1754 cessarium
1679 1724 1735 1754 est
1763 1728 1807 1753 ex
1836 1716 2108 1765 suppositione,
2128 1723 2284 1765 propter
2302 1714 2515 1752 immutabi-

1451 1770 1593 1807 litatem
1613 1776 1625 1789 ”
1650 1769 1802 1806 divinae
1821 1769 2036 1816 voluntatis,
2057 1777 2099 1806 ut
2118 1781 2231 1818 supra
2245 1768 2265 1791 '¹‘
2284 1769 2426 1805 dictum
2447 1776 2513 1805 est.

1503 1868 1531 1900 μ)
1550 1867 1722 1895 sententiam,
1742 1873 1794 1890 non
1814 1869 1902 1890 tamen
1923 1868 2018 1890 mutat.
2036 1879 2055 1884 -
2072 1865 2230 1890 sententiam
2251 1865 2399 1895 (scientiam
2419 1865 2468 1897 pB)
2488 1869 2514 1890 et

1450 1909 1502 1927 non
1522 1902 1648 1926 immutat
1666 1902 1780 1931 codices,
1799 1901 1956 1926 sententiam
1976 1904 2091 1926 naturae
2110 1904 2198 1926 tamen
2219 1904 2307 1925 mutat
2324 1901 2366 1925 ed.
2384 1908 2409 1930 a,
2429 1900 2513 1925 scien-

1449 1937 1515 1962 tiam
1534 1940 1649 1962 naturae
1668 1944 1719 1962 non
1739 1940 1827 1961 tamen
1847 1939 1934 1960 mutat
1953 1936 1993 1960 ed.
2009 1936 2031 1960 b.

1502 1972 1526 2004 v)
1546 1972 1797 1997 immutabilitatem.
1815 1985 1834 1991 -
1852 1971 2062 1996 immutationem
2082 1971 2139 2000 ΑΕ,
2159 1971 2332 1997 mutationem
2357 1970 2429 2003 DpB.
2445 1984 2465 1989 -
2483 1974 2513 1996 ut

1447 2015 1530 2040 supra
1549 2007 1649 2033 dictum
1668 2010 1708 2032 est
1725 2015 1778 2032 om.
1792 2007 1822 2032 B.

1008 2078 1341 2112 Commentafia
1363 2077 1614 2111 Cardinalis
1636 2077 1837 2111 Caietam

386 2162 494 2183 nunus
517 2153 619 2183 clarus
635 2158 690 2182 est.
707 2169 727 2174 -
751 2151 786 2181 In
810 2159 943 2190 corpore
967 2156 1014 2180 est
1037 2149 1129 2180 unica
1148 2149 1322 2185 conclusio,
1346 2159 1393 2180 re-

327 2163 535 2237 Tsponsiva
558 2196 701 2237 quaesito
719 2194 916 2225 affirmative:
934 2193 1090 2224 Voluntas
1107 2193 1166 2224 Dei
1189 2201 1235 2224 est
1259 2193 1393 2223 omnino

324 2240 540 2271 immutabilis.

382 2285 547 2315 Probatur.
574 2283 731 2314 Voluntas
762 2290 809 2313 est
838 2282 932 2313 boni:
964 2291 1039 2331 ergo
1071 2281 1237 2321 dupliciter
1269 2288 1393 2312 tantum

324 2335 430 2370 potest
451 2328 589 2369 incipere
611 2327 701 2363 velle,
723 2327 849 2363 scilicet,
873 2327 949 2367 quia
971 2325 1081 2366 incipit
1096 2325 1145 2356 vel
1165 2335 1242 2361 esse,
1266 2326 1316 2356 vel
1341 2335 1392 2356 co-

323 2373 433 2414 gnosci
457 2372 516 2403 sibi
539 2372 679 2403 bonum:
704 2381 779 2411 ergo
803 2381 869 2402 non
893 2377 997 2411 potest
1019 2370 1157 2409 incipere
1181 2370 1259 2400 velle
1274 2371 1392 2411 absque

323 2417 564 2458 praesupposita
586 2415 763 2447 mutatione
786 2415 979 2450 intellectus,
1003 2415 1055 2444 vel
1078 2413 1295 2454 dispositionis
1319 2415 1391 2444 sub-

325 2461 456 2493 stantiae
475 2460 636 2501 propriae:
661 2470 736 2500 ergo
753 2469 818 2490 non
836 2466 882 2490 est
898 2457 1057 2489 mutabilis
1072 2459 1190 2499 absque
1215 2458 1320 2499 aliqua
1336 2458 1391 2488 ha-

323 2515 396 2536 rum
406 2505 637 2536 mutationum:
656 2513 730 2544 ergo
740 2504 888 2534 voluntas
898 2503 957 2534 Dei
970 2509 1016 2533 est
1027 2502 1234 2533 immutabilis
1246 2502 1389 2533 omnino.

379 2550 485 2580 Prima
508 2548 734 2589 consequentia
757 2547 845 2578 aliter
868 2557 934 2578 non
957 2547 1125 2587 probatur:
1155 2546 1261 2586 ipsum
1286 2553 1390 2577 tamen

323 2603 522 2634 consequens
538 2593 722 2628 declaratur,
743 2592 851 2632 quoad
871 2598 1040 2632 utramque
1055 2597 1187 2631 partem,
1206 2601 1242 2621 ex
1259 2590 1390 2621 calefieri

324 2645 355 2668 et
371 2637 515 2668 consilio.
540 2654 561 2659 —
583 2636 729 2668 Secunda
752 2643 799 2667 est
818 2645 873 2676 per
889 2645 924 2666 se
938 2643 1025 2666 nota.
1049 2653 1070 2658 -
1093 2635 1200 2666 Tertia
1223 2642 1330 2665 autem
1355 2645 1391 2665 ex

323 2681 496 2712 differentia
518 2681 599 2712 inter
625 2687 749 2711 mutare
770 2680 970 2711 voluntatem
997 2686 1028 2711 et
1053 2679 1133 2709 velle
1162 2679 1388 2714 mutationem,

323 2725 550 2756 manifestatur.
564 2725 711 2762 -Quarta
721 2724 853 2757 demum
869 2724 1036 2764 probatur:
1049 2723 1126 2764 quia
1137 2730 1203 2754 tam
1218 2723 1391 2754 substantia

323 2779 422 2811 quam
445 2769 573 2800 scientia
596 2768 655 2799 Dei
679 2774 726 2798 est
748 2767 882 2798 omnino
905 2767 1121 2798 immutabilis.

379 2813 416 2844 11.
435 2813 527 2844 Circa
542 2813 598 2843 has
615 2811 856 2853 consequentias
873 2812 939 2842 duo
955 2818 1042 2842 nota.
1060 2812 1181 2849 Primo,
1199 2811 1288 2852 quod
1304 2817 1388 2841 ante-

323 2858 447 2894 cedens,
467 2864 621 2898 tanquam
635 2856 764 2896 vulgata
779 2856 968 2896 propositio,
985 2862 1031 2886 est
1047 2855 1201 2886 diminute
1218 2855 1388 2895 scriptum:

323 2901 515 2942 subintelligi
542 2901 628 2932 enim
659 2907 785 2940 oportet
813 2900 847 2941 ly
870 2901 1030 2931 intellecti.
1062 2900 1104 2930 Et
1126 2907 1202 2930 tunc
1226 2898 1389 2930 manifeste

322 2953 408 2987 patet
431 2946 568 2988 primam
590 2944 853 2985 consequentiam
879 2954 946 2975 non
970 2954 1059 2984 egere
1082 2943 1283 2983 probatione.
1308 2953 1388 2984 quo-

323 2990 419 3027 niam,
444 2990 470 3020 si
492 2990 573 3020 velle
597 2996 643 3020 est
665 2996 790 3020 tantum
813 2995 956 3039 respectu
981 2988 1058 3019 boni
1080 2987 1237 3023 intellecti,
1262 2993 1390 3027 oportet

323 3034 412 3075 quod
428 3037 513 3064 nova
526 3033 638 3064 volitio
658 3033 697 3064 sit
715 3040 770 3063 aut
794 3042 831 3063 ex
853 3032 993 3063 novitate
1015 3031 1101 3068 boni,
1127 3039 1181 3062 aut
1197 3041 1234 3062 ex
1249 3031 1388 3062 novitate

322 3077 553 3109 intellectionis.
570 3095 591 3100 -
606 3077 772 3127 Sec-undo,-
781 3077 871 3118 quod
893 3076 983 3107 tertia
999 3075 1224 3116 consequentia
1240 3075 1273 3106 in
1288 3075 1389 3106 littera

323 3131 389 3152 non
408 3122 542 3152 habetur
562 3122 596 3152 in
620 3131 662 3157 se,
687 3122 742 3152 sed
765 3121 797 3151 in
821 3131 878 3151 sua
900 3127 1024 3151 tantum
1047 3120 1252 3160 probationet
1277 3120 1331 3150 sed
1349 3119 1387 3149 ad

323 3165 496 3197 claritatem
518 3166 672 3196 maiorem
696 3165 906 3206 expressimus
929 3164 1025 3195 illam.

378 3210 431 3240 111.
447 3209 539 3240 Circa
552 3210 689 3250 primam
705 3209 991 3250 consequentiam*
1006 3208 1140 3239 dubium
1157 3207 1301 3244 occurrit,
1314 3217 1388 3248 pro—

322 3261 392 3294 pter
413 3253 446 3294 ly
467 3253 528 3284 sibi
554 3253 588 3284 in
616 3261 829 3295 consequente
852 3253 1005 3294 positum.
1030 3252 1163 3283 Videtur
1190 3252 1275 3282 enim
1299 3251 1388 3292 quod

322 3298 375 3328 illa
394 3297 547 3338 particula
570 3297 712 3329 falsificet
735 3306 946 3338 consequens;
970 3303 1000 3327 et
1023 3307 1090 3327 non
1114 3303 1264 3336 sequatur
1283 3305 1319 3326 ex
1333 3305 1386 3325 an-

322 3342 492 3373 tecedente.
518 3341 647 3372 Falsum
671 3342 802 3383 quidem
825 3342 926 3372 reddit
949 3349 1163 3381 consequens:
1189 3339 1264 3380 quia
1283 3346 1388 3379 potest

323 3386 436 3426 aliquis
451 3385 588 3425 incipere
604 3385 693 3422 velle,
717 3387 793 3427 quia
814 3386 925 3426 incipit
948 3395 1014 3415 esse
1030 3385 1080 3415 vel
1099 3384 1248 3424 cognosci
1264 3384 1387 3414 bonum

323 3430 430 3466 alteri,
463 3436 498 3460 ut
520 3429 685 3460 manifeste
709 3437 794 3470 patet
816 3430 849 3460 in
873 3439 980 3460 amore
1004 3428 1167 3459 amicitiae.
1199 3428 1298 3465 Quod
1321 3438 1387 3458 non

323 3480 472 3515 sequatur
494 3483 570 3504 vero
594 3483 631 3503 ex
655 3474 872 3510 antecedente,
902 3474 982 3504 clare
1005 3473 1122 3514 liquet:
1153 3472 1308 3514 quoniam
1330 3472 1387 3502 bo-

322 3528 402 3549 num
425 3517 551 3548 alterius
574 3517 632 3547 sub
655 3517 743 3548 bono
768 3518 923 3549 clauditur
945 3518 1114 3548 intellecto.

381 3562 433 3593 IV.
454 3561 505 3592 Ad
518 3561 580 3592 hoc
597 3560 710 3591 dicitur
725 3562 824 3601 quod,
841 3569 877 3592 ut
891 3569 977 3602 patet
992 3562 1063 3592 VIII
1079 3561 1182 3592 Ethic.
1199 3561 1227 3597 *,
1250 3560 1388 3591 amabile

322 3607 447 3647 quidem
473 3606 606 3642 bonum,
632 3606 803 3645 unicuique
825 3611 931 3636 autem
951 3607 1132 3646 proprium.
1158 3605 1198 3636 Et
1221 3611 1387 3645 propterea
1423 3636 1429 3643 ,

1447 2149 1594 2179 voluntas
1611 2149 1715 2189 primo
1732 2156 1777 2180 est
1793 2149 1869 2179 boni
1893 2148 2023 2189 proprii,
2048 2148 2233 2179 secundario
2250 2155 2356 2179 autem
2373 2155 2418 2179 est
2434 2149 2509 2179 boni

1447 2192 1550 2223 alieni.
1575 2193 1667 2224 Unde
1691 2199 1721 2223 et
1741 2193 1859 2223 ibidem
1874 2193 1891 2211 *
1914 2192 2027 2224 dicitur
2041 2193 2130 2233 quod
2143 2192 2421 2233 amicabilia‘quae
2435 2198 2510 2223 sunt

1447 2237 1490 2267 ad
1513 2237 1604 2276 alios,
1631 2242 1787 2267 venerunt
1810 2247 1852 2267 ex
1874 2236 2093 2267 amicabilibus
2113 2241 2285 2277 quaesunt
2302 2236 2345 2266 ad
2366 2246 2410 2267 se.
2434 2237 2509 2267 Pro-

1448 2288 1516 2321 pter
1532 2281 1630 2321 qu0d‚
1648 2281 1874 2322 consequentia
1896 2281 1964 2317 ista,
1982 2281 2007 2310 si
2027 2281 2065 2311 de
2089 2281 2176 2311 bono
2199 2290 2255 2320 per
2278 2290 2310 2310 se
2334 2280 2437 2320 primo
2453 2291 2508 2310 vo—

1446 2325 1514 2361 lito,
1532 2335 1587 2355 seu
1611 2325 1741 2360 volibili,
1763 2325 1962 2364 intelligatur,
1987 2332 2033 2355 est
2055 2325 2178 2365 optima
2201 2324 2382 2355 formaliter.
2407 2324 2439 2355 Si
2455 2335 2509 2355 au-

1447 2376 1512 2400 tem
1529 2369 1567 2399 de
1582 2369 1669 2399 bono
1693 2369 1907 2399 universaliter
1929 2369 2120 2409 intelligitur,
2145 2376 2180 2399 ut
2204 2369 2388 2399 antecedens
2408 2376 2508 2405 sonat,

1447 2413 1672 2454 consequentia
1692 2420 1777 2444 tenet
1795 2413 1890 2444 etiam
1909 2412 2094 2443 formaliter:
2116 2420 2146 2443 et
2165 2412 2314 2443 fundatur
2328 2422 2422 2453 super
2437 2412 2508 2449 hoc,

1446 2458 1536 2498 quod
1559 2457 1751 2488 mutabilitas
1773 2467 1828 2488 seu
1848 2457 1971 2487 novitas
1994 2457 2155 2487 volitionis
2180 2456 2258 2487 circa
2282 2456 2390 2492 aliena,
2409 2457 2509 2487 oritur

1446 2512 1483 2532 ex
1498 2501 1706 2532 mutabilitate
1723 2501 1838 2532 amoris
1854 2500 1986 2540 proprii;
2007 2508 2038 2531 et
2053 2500 2290 2531 immutabilitas
2305 2500 2383 2530 circa
2397 2500 2507 2537 aliena,

1445 2556 1482 2576 ex
1499 2545 1753 2576 immutabilitate
1773 2546 1852 2575 circa
1871 2544 2008 2584 propria.
2031 2545 2072 2575 Et
2090 2545 2152 2575 hoc
2171 2544 2408 2575 rationabiliter:
2433 2544 2508 2585 quia

1445 2599 1535 2620 amor
1551 2590 1688 2620 aliorum
1704 2589 1803 2620 oritur
1826 2599 1862 2619 ex
1886 2588 2027 2628 proprio.
2052 2589 2099 2618 Ex
2122 2588 2184 2619 hoc
2208 2588 2293 2618 enim
2311 2595 2396 2627 patet
2419 2589 2507 2629 quod

1444 2634 1476 2664 in
1501 2639 1715 2674 consequente
1738 2633 1858 2663 alienus
1882 2642 1988 2669 amor,
2013 2632 2069 2663 etsi
2093 2642 2158 2662 non
2182 2632 2367 2668 formaliter,
2391 2632 2506 2663 vinua-

1444 2677 1514 2708 liter
1527 2685 1634 2708 tamen
1653 2683 1699 2708 est
1714 2677 1874 2708 inclusus:
1899 2684 1929 2708 et
1945 2683 2172 2717 consequenter
2186 2676 2322 2716 incipere
2337 2676 2417 2706 velle
2432 2677 2507 2717 quia

1443 2722 1553 2762 incipit
1577 2731 1642 2752 esse
1666 2721 1716 2751 vel
1739 2721 1889 2761 cognosci
1912 2722 2036 2751 bonurn
2059 2720 2161 2756 alteri,
2186 2730 2252 2751 non
2276 2727 2322 2750 est
2345 2720 2404 2750 alia
2427 2720 2506 2751 ratio

1444 2776 1499 2796 seu
1516 2765 1596 2796 alius
1612 2765 1729 2796 modus
1751 2765 1922 2805 incipiendi
1937 2765 2027 2801 velle,
2044 2765 2083 2795 ab
2098 2764 2146 2795 his
2163 2764 2218 2805 qui
2241 2765 2274 2794 in
2294 2771 2506 2806 consequente

1443 2817 1517 2840 sunt
1540 2809 1685 2850 expressi.

1498 2854 1539 2884 Et
1561 2854 1605 2884 sic
1621 2860 1719 2884 cessat
1733 2860 1763 2884 et
1777 2852 1913 2883 obiectio
1933 2852 2090 2889 falsitatis,
2115 2852 2190 2893 quia
2206 2852 2251 2883 illi
2265 2852 2317 2882 alii
2332 2852 2421 2882 modi
2440 2862 2504 2882 non

1442 2905 1568 2938 ponunt
1590 2897 1623 2927 in
1646 2907 1817 2927 numerum
1841 2907 1916 2927 cum
1930 2897 2006 2933 istis,
2022 2906 2079 2927 nec
2104 2897 2321 2932 excluduntur,
2346 2896 2400 2926 sed
2419 2896 2504 2926 clau-

1443 2943 1561 2972 duntur
1583 2941 1616 2971 in
1640 2941 1688 2971 his
1711 2940 1898 2972 virtualiter:
1924 2947 1954 2972 et
1978 2940 2113 2971 obiectio
2138 2939 2394 2980 consequentiae,
2419 2939 2503 2980 quia,

1442 2993 1478 3017 ut
1502 2986 1621 3016 dictum
1645 2992 1700 3021 est,
1717 2985 1849 3016 infertur
1863 2985 1986 3015 novitas
2000 2984 2161 3015 volitionis
2184 2991 2329 3024 respectu
2341 2983 2416 3014 boni
2433 2983 2502 3013 uni-

1442 3029 1609 3065 versaliter,
1634 3029 1779 3070 quamvis
1802 3028 2003 3065 difformiter;
2028 3029 2103 3070 quia
2126 3034 2268 3068 respectu
2292 3027 2419 3068 proprii,
2440 3027 2502 3057 for-

1442 3074 1573 3109 maliter,
1598 3080 1741 3113 respectu
1764 3073 1868 3109 alieni,
1892 3073 2072 3103 virtualiter.

1499 3118 1586 3148 Fecit
1608 3124 1716 3148 autem
1738 3117 1800 3147 hoc
1823 3119 1953 3153 Auctor,
1978 3127 2043 3147 non
2063 3123 2187 3147 tantum
2210 3115 2366 3146 brevitatis
2389 3114 2500 3155 gratia;

1442 3163 1497 3192 sed
1520 3172 1556 3192 ea
1579 3161 1685 3202 potius
1708 3161 1828 3192 ratione
1851 3168 1968 3197 motus,
1993 3161 2067 3202 quia
2091 3161 2129 3190 de
2152 3160 2314 3190 voluntate
2333 3158 2437 3188 divina
2454 3159 2501 3189 lo-

1442 3207 1605 3247 quebatur‚
1624 3205 1661 3235 de
1678 3215 1742 3246 qua
1764 3205 1969 3245 perspicuum
1992 3215 2028 3235 ex
2052 3204 2140 3235 dictis
2165 3210 2238 3239 erat,
2255 3203 2343 3244 quod
2359 3202 2419 3232 alia
2434 3212 2500 3232 non

1441 3251 1509 3281 vult
1527 3249 1586 3280 nisi
1609 3249 1783 3279 bonitatem
1806 3249 1968 3299 propriam
1991 3249 2144 3284 volendo,
2169 3247 2211 3278 ita
2234 3246 2322 3288 quod
2345 3246 2412 3287 ipsa
2433 3247 2500 3276 sola

1442 3301 1488 3325 est
1503 3294 1530 3325 ei
1546 3293 1673 3324 volendi
1693 3303 1795 3324 causa.
1820 3293 1861 3323 Et
1875 3293 1928 3328 sic,
1945 3293 1977 3323 in
1994 3292 2122 3323 materia
2141 3292 2179 3322 de
2198 3301 2262 3332 qua
2285 3297 2331 3321 est
2345 3290 2498 3331 quaestio,

1442 3346 1488 3369 sat
1511 3338 1570 3368 fuit
1593 3337 1802 3367 universalem
1829 3337 1982 3367 maiorem
2005 3337 2043 3366 de
2067 3335 2196 3376 proprio
2221 3335 2306 3365 bono
2330 3344 2498 3370 assumere,

1441 3382 1635 3413 verissimam
1658 3380 1843 3411 formaliter:
1868 3381 1973 3410 minor
1990 3380 2074 3410 enim
2096 3379 2159 3410 iam
2183 3379 2313 3419 probata
2329 3385 2375 3409 est
2389 3378 2415 3415 *‚
2441 3378 2499 3409 sci-

1440 3427 1520 3462 licet,
1537 3427 1626 3456 Deus
1642 3425 1795 3465 quidquid
1815 3425 1892 3462 vult,
1908 3425 2076 3455 bonitatem
2086 3424 2255 3463 propriam
2272 3422 2404 3453 volendo
2421 3423 2497 3453 vult.

1498 3471 1536 3501 V.
1562 3470 1595 3499 In
1612 3469 1818 3509 responsione
1842 3469 1881 3499 ad
1903 3475 2062 3508 quartum,
2087 3467 2249 3507 diligenter
2272 3467 2396 3497 adverte
2412 3467 2499 3507 quod

1441 3514 1573 3545 intentio
1591 3513 1657 3543 eius
1674 3519 1720 3543 est
1743 3522 1854 3552 negare
1877 3512 1910 3542 in
1934 3512 1992 3542 Dei
2014 3511 2176 3542 voluntate
2192 3510 2367 3551 potentiam
2383 3510 2422 3541 ad
2441 3521 2498 3550 op-

1441 3559 1558 3599 posita:
1584 3556 1737 3598 quoniam
1759 3557 1791 3586 in
1816 3566 1851 3586 ea
1875 3556 1962 3586 nulla
1985 3555 2117 3585 omnino
2141 3562 2187 3585 est
2210 3554 2359 3594 potentia,
2380 3555 2434 3585 sed
2453 3561 2499 3584 est

1441 3603 1521 3632 velle
1540 3602 1606 3632 eius
1624 3608 1678 3631 aut
1693 3600 1902 3631 necessarium
1926 3599 2115 3639 simpliciter,
2141 3606 2175 3629 ut
2198 3599 2277 3629 velle
2301 3607 2351 3634 se;
2376 3605 2430 3629 aut
2445 3608 2497 3628 ne-

2540 981 2551 991 *
2568 980 2633 1002 Vers.
2650 987 2665 1003 ι.

2540 1138 2637 1160 'MoraL
2644 1139 2683 1160 lib.
2690 1139 2752 1166 XVI,

2541 1171 2566 1186 ca
2585 1181 2590 1186 .
2604 1171 2618 1186 x
2636 1165 2670 1191 (al.
2688 1168 2724 1187 ivl.
2742 1177 2752 1182 -

2541 1191 2576 1212 C.
2600 1197 2650 1219 cap.
2673 1198 2730 1213 xxx
2728 1198 2751 1213 ιι

2541 1219 2751 1244 {alxv,111etlib.

2540 1244 2596 1267 XX.
2617 1250 2665 1272 cap.
2689 1251 2752 1266 xxxix

2542 1271 2576 1293 tal.
2589 1275 2662 1294 xxm».

2565 1297 2593 1319 D
2609 1303 2666 1325 490.

2637 1334 2655 1359 μ.

2542 1781 2552 1792 ’
2567 1782 2618 1803 Αιι.
2632 1757 2655 1810 3ΐ

2537 2193 2606 2241 ξιιιίὸ.
2614 2193 2654 2220 IX,
2666 2199 2748 2221 cap.rv,

2526 3384 2537 3394 ⁴
2550 3384 2602 3405 Art.
2618 3389 2638 3409 2,
2652 3389 2672 3412 3.
