2768 4178
9 927 13 940 Ι
44 905 57 917 ⁸
70 904 106 928 Cf.
121 909 187 927 num.
201 910 234 926 iv.

47 2504 60 2516 '⁸
73 2504 144 2527 Num.
155 2510 186 2532 ¹7·

49 2614 59 2624 ·
73 2613 125 2636 Lib.
139 2613 158 2641 1,
173 2619 224 2642 cap.
234 2619 260 2635 u.

50 2980 136 3008 ·1.ib.1.
143 2981 263 3003 dium.

51 3377 63 3387 ³
76 3375 106 3398 D.
120 3381 184 3404 ¹⁰79·

958 249 1223 297 QUAESTio
1252 250 1377 296 xxx,
1407 249 1702 286 ARTicULUs
1732 249 1781 284 111

281 340 348 362 non
371 337 475 371 potest
498 340 564 360 esse
594 330 683 371 quod
713 340 778 361 una
800 329 857 360 uni
885 336 915 360 et
938 329 1033 359 altera
1057 328 1143 359 alteri
1167 327 1343 363 conveniat,

282 385 363 416 quae
387 374 551 415 proposita
575 373 707 405 fuerant.

339 419 406 449 Nec
422 419 525 449 obstat
548 418 710 458 processui
733 417 806 447 huic
830 417 874 447 sic
893 415 1046 456 exposito,
1071 415 1160 456 quod
1179 424 1253 445 curn
1269 420 1345 444 nota

282 462 431 493 illationis
454 462 555 493 littera
573 461 695 498 inferat,
720 461 840 491 dicens:
865 460 1071 500 Relinquitur
1086 468 1166 500 ergo
1181 458 1266 499 quod
1283 458 1345 498 spi-

282 508 376 537 ratio.
406 505 507 537 Illatio
531 505 617 536 enim
639 505 692 535 illa
714 514 781 535 non
805 503 930 544 respicit
952 503 1061 534 omnia
1091 502 1261 538 antedicta,
1291 501 1345 531 sed

283 559 471 581 communes
490 559 627 580 canones
650 549 701 579 hic
723 547 924 588 praemissos,
948 554 979 578 et
1001 547 1067 577 vim
1091 545 1248 577 dualitatis
1267 545 1345 576 rela-

283 594 423 630 tionum,
448 593 565 624 scilicet
587 592 797 633 processionis
826 599 856 622 et
879 590 1068 631 spirationis.
1096 590 1137 621 Et
1165 589 1347 620 intendebat

283 638 382 679 quod,
406 637 490 678 quia,
515 637 623 667 sinon
642 636 749 667 obviat
771 635 944 676 oppositio,
957 635 1063 674 'altera
1079 634 1192 664 harum
1213 632 1346 663 identifi-

284 689 372 712 catur
387 681 512 722 utrique
532 678 663 722 (scilicet
677 679 761 710 Patri
778 686 808 710 et
824 676 919 720 Filio)
937 685 967 709 et
985 678 1144 719 processio
1160 687 1226 707 non
1242 684 1346 718 potest

283 724 467 756 identificari
490 724 632 764 utrique,
661 722 850 763 relinquitur
873 723 962 762 quod
986 722 1114 762 spiratio
1137 720 1347 752 identificetur

284 769 420 809 utrique,
445 774 556 808 utpote
580 767 702 797 nullam
717 767 836 797 habens
855 767 894 796 ad
911 773 1078 806 utramque
1098 765 1345 806 oppositionem.

284 813 335 843 Sic
350 812 436 843 enim
451 811 544 842 infert
566 811 677 847 littera,
701 817 732 841 et
747 820 814 841 non
830 810 983 846 absolute,
1001 810 1067 840 sine
1083 809 1243 840 additione
1261 819 1347 849 prae—

284 856 339 887 fati
363 855 469 891 medii,
494 861 530 885 ut
554 862 638 895 patet
660 854 805 886 intuenti.

344 899 397 931 VI.
420 899 472 930 Ad
495 899 668 929 secundam
689 908 764 929 vero
794 898 1025 929 dubitationem
1039 897 1057 916 *
1079 897 1212 928 breviter
1235 896 1349 927 dicitur

283 943 382 984 quod,
407 952 481 973 cum
504 938 666 983 oppositio
687 942 813 973 relativa
833 942 1027 982 distinguens
1051 941 1155 971 divina
1178 941 1216 972 sit
1238 950 1347 971 secun-

284 987 363 1017 dum
386 986 532 1017 ordinem
556 986 700 1026 originis,
730 986 896 1026 dupliciter
918 992 1053 1026 possunt
1077 985 1137 1015 dici
1161 985 1266 1025 aliqua
1289 984 1347 1014 ibi-

284 1031 359 1062 dem
373 1030 499 1061 relative
516 1030 679 1071 opposita:
700 1030 816 1061 scilicet
832 1030 954 1060 ratione
969 1030 1144 1066 relationis,
1162 1029 1212 1058 vel
1227 1028 1347 1059 ratione

284 1075 431 1116 originis.
445 1074 604 1114 Opposita
619 1074 740 1106 ratione
754 1073 914 1105 relationis
930 1080 1004 1104 sunt
1018 1080 1142 1104 tantum
1155 1072 1345 1107 correlativa,

2386 249 2460 296 339

1399 326 1550 357 invicem:
1574 326 1695 357 ratione
1711 333 1819 356 autem
1842 326 1970 366 originis
1990 326 2137 367 opposita
2153 333 2226 357 sunt
2241 336 2461 367 quaecumque

1400 370 1443 400 sic
1467 381 1499 400 se
1522 371 1655 406 habent,
1685 370 1774 411 quod
1802 380 1904 400 unum
1928 377 2054 411 oportet
2081 380 2147 401 esse
2171 371 2208 400 ab
2233 370 2312 406 alio,
2343 377 2372 400 et
2395 380 2461 400 non

1400 424 1417 444 e
1433 421 1551 445 contra.
1576 414 1656 444 Dico
1677 424 1751 454 ergo
1776 414 1890 454 primo,
1915 415 2003 455 quod
2027 415 2164 445 secunda
2183 414 2376 445 combinatio
2396 424 2462 444 non

1400 458 1576 499 opponitur
1594 458 1714 498 primae
1733 458 1853 488 ratione
1875 458 2049 489 relationis:
2075 465 2105 489 et
2124 458 2184 489 hoc
2203 458 2336 489 intendit
2350 458 2460 494 littera,

1400 502 1506 532 dicens
1536 509 1683 532 neutram
1713 502 1827 532 harum
1854 502 2094 542 oppositionem
2118 502 2231 532 habere
2260 503 2299 532 ad
2322 502 2462 542 aliquam

1399 546 1535 576 illarum.
1565 546 1728 582 Secundo,
1754 547 1842 586 quod
1871 546 2030 586 processio
2055 546 2228 586 opponitur
2260 546 2385 586 utrique
2415 556 2462 576 ra-

1401 590 1487 620 tione
1507 590 1652 629 originis:
1677 590 1751 630 quia
1774 589 1864 629 origo
1889 590 2005 620 amoris
2029 590 2135 620 est-ab
2159 590 2327 626 intellectu,
2348 597 2378 620 et
2396 600 2462 620 non

1401 644 1418 664 e
1435 640 1552 664 contra.
1569 634 1610 664 Et
1625 634 1686 664 hoc
1704 633 1885 664 intendebat
1907 633 2017 669 littera,
2040 634 2207 664 excludens
2227 634 2462 673 processionem

1401 688 1418 708 a
1434 678 1522 708 Patre
1540 684 1570 708 et
1585 677 1681 707 Filio:
1707 684 1752 708 est
1769 677 1853 707 enim
1877 677 2038 717 oppositio
2055 677 2131 708 haec
2154 677 2315 717 oppositio
2338 677 2462 708 relativa

1402 721 1542 761 originis.
1567 721 1700 761 Spiratio
1725 728 1832 752 autem
1855 731 1912 751 nec
1935 721 2055 751 ratione
2078 721 2246 757 relationis,
2266 731 2323 751 nec
2342 721 2462 752 ratione

1401 765 1520 796 ordinis
1531 765 1669 805 originis,
1683 765 1823 806 aliquam
1838 765 1932 796 habet
1945 765 1985 795 ad
2001 765 2218 805 paternitatem
2234 771 2265 795 et
2278 764 2463 795 filiationem

1402 809 1654 850 oppositionem:
1680 816 1711 840 et
1730 815 1896 850 propterea
1920 809 2032 839 merito
2055 809 2201 839 coincidit
2225 818 2299 839 curn
2318 816 2461 849 utraque.

1402 854 1443 884 Et
1458 853 1501 883 sic
1518 853 1646 883 diversis
1662 852 1836 884 rationibus
1854 853 2088 893 interpretando
2105 852 2342 893 oppositionem
2361 853 2463 883 relati-

1401 907 1484 933 vam,
1500 897 1587 927 nulla
1604 903 1650 927 est
1668 896 1841 936 implicatio
1856 897 1889 926 in
1903 896 1965 927 hoc
1981 906 2140 937 processu,
2157 903 2193 926 ut
2208 902 2292 936 patet
2309 906 2345 926 ex
2359 896 2461 927 dictis:

1402 947 1432 971 et
1448 940 1611 971 efficaciter
1626 941 1797 980 probatum
1813 947 1859 971 est
1869 950 2018 980 personas
2035 940 2155 970 divinas
2168 950 2235 970 esse
2251 946 2311 970 tres
2327 947 2461 971 tantum.

1458 985 1525 1015 VII.
1551 985 1586 1014 In
1610 984 1816 1024 responsione
1840 984 1880 1014 ad
1903 985 2089 1021 secundum,
2114 985 2247 1020 adverte,
2265 984 2291 1014 si
2310 983 2356 1014 vis
2376 994 2462 1014 com-

1401 1028 1484 1068 plete
1506 1028 1612 1058 videre
1639 1038 1736 1068 quare
1770 1028 1929 1068 processio
1953 1028 2129 1059 intellectus
2159 1034 2189 1059 et
2219 1035 2349 1058 naturae
2377 1028 2462 1058 coin-

1402 1072 1486 1108 cidit,
1503 1082 1570 1102 non
1585 1078 1692 1102 autem
1713 1072 1894 1108 voluntatis,
1920 1079 1980 1102 tres
2009 1072 2195 1103 differentias
2212 1071 2331 1112 positas
2350 1071 2382 1102 in
2399 1072 2461 1113 Qq.

284 1125 320 1149 ut
341 1119 433 1149 Pater
456 1125 486 1149 et
508 1118 607 1149 Filius
631 1118 670 1148 ad
693 1118 838 1154 invicem,
863 1124 894 1148 et
914 1117 1035 1158 spirans
1059 1124 1089 1147 et
1111 1117 1285 1157 procedens
1309 1115 1348 1145 ad
1402 1116 1441 1146 de
1463 1117 1608 1146 Potentia
1632 1126 1686 1157 qu.
1702 1126 1730 1152 x,
1748 1124 1803 1147 art.
1822 1126 1850 1152 2,
1869 1116 1908 1145 ad
1930 1127 1978 1146 11.

1083 1260 1401 1303 ARTICULUS
1431 1261 1659 1302 TERTIUS

728 1345 884 1376 UTRUM
907 1344 1088 1375 TERMINI
1111 1344 1373 1375 NUMERALES
1396 1343 1574 1374 PONANT
1597 1344 1775 1381 ALIQUID
1800 1344 1842 1374 IN
1866 1344 2020 1374 Divmls

798 1415 808 1439 1
827 1414 910 1443 Sent„
931 1414 990 1439 dist.
1008 1421 1074 1445 xxm,
1094 1418 1140 1438 art.
1162 1412 1191 1443 3;
1213 1413 1254 1438 De
1272 1413 1339 1442 Por„
1359 1421 1403 1446 qu.
1424 1421 1458 1442 1¹,
1477 1418 1525 1438 art.
1539 1420 1569 1445 75
1590 1413 1686 1443 Quodt.
1705 1414 1740 1443 Χ,
1761 1421 1804 1446 qu.
1823 1421 1840 1444 ι,
1861 1418 1906 1438 art.
1923 1421 1945 1438 ι.

415 1515 435 1530 ν,
472 1514 476 1522 «
498 1507 521 1531 D
540 1506 700 1531 mnrium
727 1505 780 1530 sm
809 1504 1047 1530 PROCEDITUR.
1067 1493 1225 1530 Videtur
1243 1493 1348 1540 quod

1405 1492 1557 1529 rialibus
1585 1492 1812 1529 habentibus
1841 1491 2098 1540 quantitatem.
2133 1485 2217 1528 Alia
2246 1500 2301 1529 est
2330 1487 2461 1530 divisio

317 1541 359 1599 ᾖ
675 1547 888 1583 numerales
911 1553 1056 1595 ponant
1075 1545 1216 1594 aliquid
1234 1545 1273 1582 in
1294 1544 1348 1582 di-
1402 1545 1582 1592 formalis,
1612 1557 1710 1592 quae
1729 1545 1772 1582 fit
1790 1557 1859 1593 per
1887 1545 2081 1594 oppositas
2104 1545 2166 1581 vel
2194 1545 2362 1582 diversas
2389 1546 2462 1583 for-

283 1705 411 1755 petita.
442 1706 545 1753 Ergo
574 1704 698 1742 omnis
725 1704 909 1741 terminus
930 1704 1135 1741 numeralis
1154 1704 1193 1741 in
1213 1703 1348 1741 divinis

285 1758 472 1807 significat
490 1758 704 1795 essentiam.
727 1758 829 1805 Ergo
849 1757 956 1806 ponit
979 1757 1119 1806 aliquid
1138 1757 1176 1794 in
1195 1758 1292 1794 Deo.

340 1823 376 1848 2.
406 1812 638 1857 PRAETEREA‚
659 1810 843 1860 quidquid
863 1810 997 1847 dicitur
1016 1810 1063 1847 de
1083 1812 1168 1847 Deo
1189 1817 1226 1846 et
1245 1822 1347 1846 crea-

285 1864 396 1911 turis,
430 1863 657 1900 eminentius
686 1863 864 1900 convenit
891 1864 975 1899 Deo
1009 1875 1126 1912 quam
1156 1863 1345 1899 creaturis.

287 1917 366 1954 Sed
393 1916 543 1953 termini
571 1917 787 1953 numerales
823 1916 862 1952 in
896 1916 1074 1952 creaturis
1109 1915 1251 1965 aliquid
1278 1927 1349 1964 po-

286 1977 391 2007 nunt.
422 1970 523 2017 Ergo
536 1970 663 2006 'multo
684 1968 804 2016 magis
823 1969 860 2005 in
880 1969 976 2005 Deo.

342 2024 376 2060 3.
398 2023 631 2069 PRAETEREA,
649 2021 680 2058 si
698 2021 849 2059 termini
869 2022 1084 2058 numerales
1104 2034 1183 2058 non
1200 2028 1348 2070 ponunt

287 2075 428 2124 aliquid
455 2075 495 2112 in
523 2074 680 2121 divinis,
716 2074 783 2112 sed
811 2074 1041 2111 inducuntur
1069 2074 1118 2111 ad
1146 2078 1348 2111 removen-

288 2129 381 2166 dum
400 2135 559 2174 tantum,
579 2135 620 2164 ut
638 2140 708 2176 per
724 2127 977 2176 pluralitatem
1002 2135 1247 2164 removeatur
1265 2126 1348 2163 uni-

286 2188 355 2227 tas,
377 2189 413 2218 et
436 2193 506 2229 per
532 2180 715 2217 unitatem
742 2180 954 2229 pluralitas;
983 2180 1151 2228 sequitur
1178 2180 1284 2228 quod
1303 2182 1349 2218 sit

288 2233 478 2271 circulatio
506 2234 545 2270 in
573 2233 736 2279 ratione,
771 2233 1008 2270 confundens
1045 2232 1274 2269 intellectum
1313 2241 1349 2271 et

287 2286 378 2324 nihil
407 2286 638 2332 certificans;
674 2286 779 2335 quod
814 2293 870 2322 est
902 2285 1186 2322 inconveniens.
1223 2287 1349 2324 Relin-

287 2338 415 2388 quitur
438 2351 527 2387 ergo
557 2339 663 2387 quod
690 2338 839 2376 termini
866 2339 1082 2375 numerales
1110 2338 1250 2387 aliquid
1281 2352 1349 2388 po-

287 2400 383 2429 nunt
409 2404 447 2430 in
480 2392 629 2429 divinis.

342 2446 416 2483 SED
445 2457 591 2482 CONTRA
617 2456 684 2481 EST
711 2444 816 2492 quod
845 2444 1007 2480 Hilarius
1036 2444 1137 2490 dicit,
1167 2444 1206 2481 in
1226 2445 1277 2481 IV
1305 2445 1351 2481 de

291 2498 328 2535 T
323 2499 394 2535 rin.
415 2498 451 2534 *z
477 2498 631 2534 Sustulit
655 2497 926 2547 singularitatis
953 2509 1000 2533 ac
1020 2497 1227 2534 solitudinis
1246 2497 1349 2534 intel-

288 2551 480 2601 ligentiam
504 2550 689 2599 professio
723 2550 920 2595 consortii,
949 2550 1054 2598 quod
1083 2558 1137 2587 est
1163 2550 1348 2599 professio

287 2603 515 2652 pluralitatis.
537 2603 587 2639 Et
604 2603 832 2640 Ambrosius
853 2602 950 2649 dicit,
970 2602 1009 2639 in
1027 2602 1123 2639 libro
1143 2604 1189 2639 de
1205 2603 1298 2640 Fide
1311 2603 1348 2640 *ε

294 2657 389 2693 Cum
428 2667 544 2692 unum
574 2657 697 2692 Deum
726 2656 903 2701 dicimus,
943 2656 1064 2692 unitas
1095 2656 1349 2704 pluralitatem

289 2709 454 2746 excludit
478 2709 655 2754 deorum,
695 2721 768 2745 non
798 2708 1040 2756 quantitatem
1068 2708 1105 2745 in
1134 2710 1217 2746 Deo
1239 2710 1349 2757 poni-

288 2774 383 2798 mus.
413 2762 471 2798 Ex
490 2761 629 2810 quibus
647 2761 797 2798 videtur
825 2762 930 2810 quod
952 2761 1173 2799 huiusmodi
1192 2762 1350 2798 nomina

289 2822 375 2852 sunt
403 2814 555 2852 inducta
578 2814 617 2851 in
638 2814 774 2851 divinis
803 2814 851 2851 ad
880 2814 1173 2861 removendum,
1203 2827 1281 2851 non
1301 2815 1350 2851 ad

289 2867 515 2916 ponendum
544 2867 694 2915 aliquid.

343 2922 568 2957 RESPONDEO
601 2931 785 2957 memnon
822 2920 927 2968 quod
956 2919 1155 2967 Magister,
1195 2920 1232 2956 in
1260 2921 1350 2957 Sen-

290 2973 408 3010 tentiis
426 2973 457 3019 *,
486 2973 594 3022 ponit
608 2979 625 2994 ‘³‘
651 2974 755 3020 quod
783 2972 932 3009 termini
951 2973 1166 3009 numerales
1186 2985 1263 3009 non
1282 2985 1350 3021 po-

290 3033 384 3062 nunt
412 3026 552 3075 aliquid
585 3026 623 3062 in
652 3025 809 3072 divinis,
849 3025 915 3062 sed
952 3033 1154 3062 removent
1190 3033 1349 3062 tantum.

290 3078 362 3114 Alii
389 3090 484 3115 vero
514 3078 642 3115 dicunt
671 3078 911 3115 contrarium.

343 3131 404 3168 Ad
425 3131 657 3169 evidentiam
683 3131 792 3179 igitur
810 3131 934 3178 huius,
955 3131 1276 3168 considerandum
1297 3138 1352 3167 est

292 3184 397 3231 quod
426 3184 550 3221 omnis
577 3185 766 3233 pluralitas
795 3184 1037 3231 consequitur
1065 3183 1230 3233 aliquam
1258 3184 1352 3221 divi-

292 3236 451 3272 sionem.
473 3237 541 3273 Est
555 3245 681 3273 autem
702 3237 841 3285 duplex
861 3236 1010 3274 divisio.
1031 3237 1116 3274 Una
1135 3236 1350 3283 materialis,

292 3300 390 3337 quae
418 3289 461 3325 fit
485 3289 696 3327 secundum
725 3290 951 3327 divisionem
980 3289 1168 3326 continui:
1199 3297 1235 3325 et
1253 3290 1352 3326 hanc

293 3341 534 3390 consequitur
547 3340 564 3370 β
583 3355 764 3380 numerus
780 3343 845 3391 qui
866 3350 920 3379 est
939 3342 1083 3391 species
1098 3342 1309 3391 quantitatis
1319 3341 1350 3379 ³¹⁸.

292 3394 404 3431 Unde
432 3393 514 3430 talis
542 3407 723 3432 numerus
751 3408 830 3432 non
859 3402 914 3432 est
941 3395 1011 3432 nisi
1035 3395 1073 3432 in
1093 3395 1206 3431 rebus
1234 3402 1352 3431 mate-

345 3508 373 3540 α)
389 3507 474 3539 ponit.
491 3521 511 3525 -
524 3507 616 3538 posuit
635 3498 745 3532 codices.

346 3541 371 3575 β)
391 3542 567 3574 consequitur.
584 3554 604 3562 -
621 3542 741 3574 sequitur
758 3543 858 3567 codices
878 3548 903 3568 et
921 3544 970 3568 ab.

345 3578 371 3612 γ)
392 3577 597 3602 multitudinem.
615 3590 634 3596 —
651 3578 735 3602 solam
755 3578 851 3602 addunt
869 3578 914 3604 Pb.

1402 1610 1506 1635 mas:
1538 1605 1573 1634 et
1590 1598 1689 1635 hanc
1709 1598 1938 1635 divisionem
1958 1598 2125 1646 sequitur
2145 1598 2344 1635 multitudo
2364 1611 2462 1648 quae

1403 1663 1483 1688 non
1512 1658 1568 1687 est
1595 1650 1632 1687 in
1660 1651 1787 1699 aliquo
1816 1662 1973 1698 genere,
2013 1651 2079 1688 sed
2109 1658 2164 1687 est
2196 1651 2242 1687 de
2272 1658 2463 1688 transcen-

1404 1703 1590 1751 dentibus,
1612 1704 1823 1740 secundum
1844 1703 1949 1752 quod
1969 1716 2035 1740 ens
2056 1703 2233 1741 dividitur
2254 1716 2324 1752 per
2341 1717 2463 1741 unum

1405 1764 1440 1793 et
1459 1757 1587 1793 multa.
1619 1757 1668 1793 Et
1685 1757 1799 1793 talem
1828 1756 2108 1793 multitudinem
2138 1757 2258 1793 solam
2284 1757 2464 1805 contingit

1404 1822 1487 1846 esse
1514 1810 1552 1846 in
1576 1811 1690 1846 rebus
1718 1809 2041 1846 immaterialibus.

1457 1862 1624 1909 Quidam
1644 1862 1763 1910 igitur,
1784 1875 1862 1899 non
1891 1862 2172 1899 considerantes
2200 1862 2270 1898 nisi
2298 1862 2463 1899 multitu-

1404 1915 1533 1952 dinem
1549 1920 1564 1942 ⁷
1583 1927 1682 1962 quae
1699 1923 1753 1952 est
1767 1915 1913 1964 species
1932 1915 2145 1963 quantitatis
2166 1915 2359 1962 discretae,
2376 1915 2464 1963 quia

1402 1968 1585 2005 videbant
1604 1967 1709 2015 quod
1725 1968 1912 2017 quantitas
1928 1967 2088 2004 discreta
2107 1980 2185 2005 non
2204 1968 2319 2004 habet
2337 1969 2463 2004 locum

1403 2020 1442 2058 in
1462 2020 1608 2067 divinis,
1628 2028 1838 2069 posuerunt
1857 2021 1962 2068 quod
1981 2020 2132 2057 termini
2152 2021 2366 2058 numerales
2386 2033 2464 2058 non

1402 2081 1552 2122 ponunt
1579 2073 1719 2122 aliquid
1746 2073 1785 2110 in
1813 2075 1912 2120 Deo,
1942 2073 2010 2110 sed
2038 2081 2238 2111 removent
2258 2081 2416 2110 tantum.
2437 2095 2461 2101 -

1403 2126 1478 2163 Alii
1504 2138 1618 2173 vero,
1648 2126 1812 2164 eandem
1843 2126 2123 2163 multitudinem
2161 2126 2462 2174 considerantes,

1405 2179 1578 2216 dixerunt
1606 2179 1721 2227 quod,
1751 2179 1846 2216 sicut
1874 2178 2029 2215 scientia
2047 2179 2201 2227 ponitur
2228 2179 2266 2215 in
2295 2180 2379 2215 Deo
2408 2192 2464 2216 se-

1405 2233 1574 2268 cundum
1594 2231 1779 2268 rationem
1806 2231 2003 2280 propriam
2032 2232 2220 2279 scientiae,
2240 2244 2318 2268 non
2337 2239 2464 2268 autem

1404 2285 1618 2322 secundum
1637 2284 1823 2321 rationem
1843 2284 1900 2321 sui
1920 2284 2078 2332 generis,
2095 2285 2184 2333 quia
2202 2285 2240 2321 in
2260 2286 2344 2322 Deo
2365 2285 2466 2321 nulla

1406 2345 1462 2374 est
1489 2337 1666 2385 qualitas;
1695 2337 1745 2374 ita
1765 2349 1946 2374 numerus
1974 2337 2014 2374 in
2042 2338 2126 2374 Deo
2155 2338 2308 2386 ponitur
2332 2350 2464 2374 secun-

1406 2391 1498 2428 dum
1517 2390 1712 2439 propriam
1741 2390 1928 2427 rationem
1955 2391 2116 2438 numeri,
2145 2403 2223 2427 non
2252 2398 2380 2427 autem
2409 2403 2465 2427 se—

1406 2443 1575 2480 cundum
1595 2443 1781 2480 rationem
1801 2443 1858 2480 sui
1879 2443 2036 2490 generis,
2057 2443 2163 2490 quod
2191 2451 2246 2479 est
2265 2443 2462 2491 quantitas.

1458 2497 1542 2532 Nos
1571 2503 1698 2533 autem
1729 2496 1890 2532 dicimus
1919 2495 2024 2544 quod
2051 2496 2201 2532 termini
2229 2497 2462 2542 numerales,

1405 2548 1618 2585 secundum
1657 2549 1762 2596 quod
1789 2548 1948 2585 veniunt
1984 2548 2023 2585 in
2058 2548 2381 2598 praedicationem
2411 2549 2464 2585 di-

1404 2601 1548 2648 vinam,
1578 2614 1656 2638 non
1684 2609 1883 2638 sumuntur
1911 2613 1933 2638 a
1961 2613 2122 2638 numero
2152 2601 2217 2649 qui
2238 2609 2293 2638 est
2320 2601 2464 2649 species

1405 2654 1637 2703 quantitatis;
1667 2654 1756 2701 quia
1784 2653 1837 2690 sic
1866 2654 1912 2691 de
1940 2655 2025 2691 Deo
2055 2667 2133 2691 non
2161 2654 2372 2691 dicerentur
2395 2654 2465 2690 nisi

1405 2706 1676 2755 metaphorice,
1705 2706 1799 2743 sicut
1827 2714 1863 2743 et
1891 2707 1985 2743 aliae
2012 2707 2259 2756 proprietates
2288 2719 2464 2755 corpora-

1404 2760 1509 2806 lium,
1530 2759 1625 2796 sicut
1651 2759 1820 2806 latitudo,
1850 2760 2058 2807 longitudo,
2080 2768 2116 2797 et
2136 2759 2287 2796 similia:
2318 2760 2385 2797 sed
2404 2773 2464 2796 su-

1406 2820 1562 2849 muntur
1590 2825 1612 2849 a
1639 2812 1876 2849 multitudine
1906 2813 2117 2850 secundum
2147 2813 2249 2861 quod
2274 2820 2330 2849 est
2347 2821 2464 2850 trans-

1407 2865 1583 2902 cendens.
1615 2865 1817 2902 Multitudo
1842 2873 1970 2902 autem
1991 2865 2044 2902 sic
2063 2873 2217 2914 accepta
2243 2867 2317 2902 hoc
2346 2866 2464 2902 modo

1406 2930 1446 2954 se
1474 2918 1590 2954 habet
1617 2918 1666 2954 ad
1694 2918 1813 2954 multa
1841 2919 1888 2955 de
1917 2918 2054 2966 quibus
2086 2918 2341 2967 praedicatur,
2371 2918 2466 2955 sicut

1406 2983 1527 3007 unum
1547 2971 1652 3018 quod
1672 2970 1903 3007 convertitur
1931 2983 2019 3008 cum
2040 2979 2125 3008 ente
2150 2971 2198 3008 ad
2219 2983 2296 3007 ens.
2327 2971 2465 3007 Huius-

1406 3023 1512 3060 modi
1532 3031 1657 3060 autem
1678 3035 1811 3070 unum,
1837 3024 1932 3060 sicut
1955 3036 2069 3072 supra
2087 3024 2107 3046 ³¹²
2126 3024 2267 3060 dictum
2289 3032 2355 3070 est,
2377 3036 2464 3060 cum

1406 3077 1454 3114 de
1482 3076 1554 3113 Dei
1581 3076 1722 3113 unitate
1747 3084 1930 3124 ageretur,
1960 3089 2038 3113 non
2066 3077 2168 3113 addit
2193 3076 2331 3125 aliquid
2351 3089 2465 3125 supra

1407 3142 1474 3166 ens
1516 3129 1586 3166 nisi
1628 3129 1869 3176 negationem
1907 3129 2102 3167 divisionis
2138 3137 2309 3166 tantum:
2348 3142 2464 3166 unum

1408 3182 1508 3219 enirn
1538 3181 1721 3230 significat
1758 3194 1824 3219 ens
1851 3182 2068 3219 indivisum.
2104 3183 2152 3218 Et
2179 3182 2265 3219 ideo
2296 3182 2342 3218 de
2372 3194 2465 3230 quo-

1408 3247 1571 3284 cumque
1601 3234 1744 3271 dicatur
1773 3247 1906 3280 unum,
1936 3235 2165 3283 significatur
2196 3235 2256 3270 illa
2284 3247 2343 3271 res
2371 3235 2465 3272 indi-

1406 3288 1508 3324 visa:
1548 3287 1642 3324 sicut
1675 3299 1791 3324 unum
1821 3288 1962 3325 dictum
2002 3288 2048 3324 de
2076 3287 2253 3334 homine,
2284 3287 2466 3335 significat

1407 3348 1580 3377 naturam
1599 3341 1661 3377 vel
1690 3341 1938 3377 substantiam
1959 3338 1972 3384 ἕ
1996 3340 2162 3377 hominis
2182 3353 2261 3377 non
2289 3340 2462 3378 divisam.

1407 3395 1456 3430 Et
1485 3394 1619 3430 eadem
1649 3393 1813 3440 ratione,
1851 3406 1938 3430 cum
1974 3393 2147 3430 dicuntur
2174 3399 2184 3413 ²
2218 3406 2277 3430 res
2304 3393 2463 3439 multae,

1460 3506 1484 3538 δ)
1505 3507 1545 3531 vel
1567 3507 1751 3532 substantiam.
1773 3521 1793 3525 —
1816 3507 1946 3531 Omittunt
1965 3507 2074 3532 codices.
2092 3520 2111 3526 -
2129 3507 2208 3531 Iidem
2231 3507 2317 3532 statim
2341 3515 2388 3539 pro
2411 3515 2462 3533 non

1406 3542 1532 3571 divisam,
1552 3542 1701 3567 indivisam.

1460 3578 1481 3610 ε)
1502 3577 1636 3602 dicuntur.
1654 3590 1673 3597 ο
1692 3577 1817 3602 dicantur
1835 3577 1944 3602 codices.

2493 3037 2502 3045 “
2519 3036 2567 3063 Qu.
2582 3042 2615 3063 xi,
2630 3040 2672 3058 art.
2686 3042 2704 3058 ι.
