2768 4178
75 877 84 886 ·
99 875 167 897 Vers.
183 881 214 902 ¹7·

74 1034 84 1043 ’
100 1033 128 1056 D.
142 1033 193 1062 465.

78 1991 88 2003 ⁴
103 1990 131 2012 D.
145 1990 196 2020 367.

81 2406 91 2416 ’
109 2405 139 2427 D.
153 2405 204 2433 928.

84 3468 95 3479 ¹⁸
111 3467 146 3490 Cf.
162 3472 226 3489 num.
241 3472 274 3488 111.

316 267 391 302 402

315 333 534 383 supposit03
564 333 625 371 alii
653 333 789 370 melius
818 333 992 371 dixerunt
1020 333 1124 382 quod
1147 333 1223 369 hoc
1242 345 1386 370 nomen

315 389 420 424 Deus
440 399 484 423 ex
504 387 623 424 modo
644 386 880 434 significandi
899 387 1015 423 habet
1033 394 1075 423 ut
1093 386 1246 435 proprie
1266 387 1386 435 possit

316 452 532 489 supponere
551 452 621 489 pro
637 452 814 489 persona,
831 440 927 477 sicut
946 447 982 476 et
1000 440 1076 476 hoc
1095 451 1238 476 nomen
1258 441 1382 478 homo.

335 516 338 520 ι
369 493 614 542 Quandoque
631 505 720 541 ergo
740 494 814 530 hoc
834 505 976 530 nomen
995 494 1099 529 Deus
1114 493 1295 542 supponit
1313 506 1383 542 pro

317 547 498 592 essentia,
527 554 569 583 ut
597 559 687 583 cum
722 546 876 593 dicitur,
906 547 1010 583 Deus
1038 551 1163 582 creat:
1192 546 1281 594 quia
1309 547 1384 584 hoc

314 600 575 649 praedicatum
605 599 787 648 competit
815 599 985 636 subiecto
1012 598 1159 635 ratione
1188 600 1316 637 fornae
1337 601 1384 638 si-

315 653 526 701 gnificatae,
548 665 647 700 quae
677 660 733 689 est
753 652 883 689 deitas.
915 651 1160 700 Quandoque
1179 665 1273 690 vero
1294 666 1382 703 sup-

314 706 423 756 ponit
441 718 668 755 personam:
697 706 761 742 vel
788 718 907 742 unam
936 713 1095 751 tantum,
1116 713 1157 742 ut
1177 718 1265 743 cum
1294 707 1383 744 dici-

315 767 385 807 tur,
406 760 510 796 Deus
528 765 709 808 generat‚·
735 759 798 796 vel
827 760 933 805 duas,
954 766 996 795 ut
1015 771 1103 794 cum
1126 758 1261 796 dicitur
1278 760 1383 796 Deus

313 813 449 861 spirat‚·
476 814 538 850 vel
557 820 644 859 tres,
673 819 714 849 ut
734 824 822 848 cum
851 812 995 858 dicitur,
1024 812 1128 861 Regi
1143 812 1381 849 saeculorum

315 865 531 911 immortali,
561 865 746 911 invisibili,
775 865 847 902 soli
872 866 955 902 Deo
984 872 1074 911 etc.,
1105 865 1325 902 ITim.1*.

368 921 426 955 An
455 930 592 956 PR1M1JM
621 930 718 955 ERGO
747 929 931 955 111οΕΝοοΜ
966 918 1072 965 quod
1100 918 1176 955 1100
1204 931 1348 955 nomen
1369 916 1383 940 ὅ

314 973 437 1018 Deus,
468 972 552 1008 licet
581 971 783 1008 conveniat
817 983 905 1008 cum
934 970 1102 1008 terminis
1131 971 1382 1019 singularibus

314 1025 352 1062 in
371 1026 457 1071 hoc,
475 1025 579 1074 quod
597 1025 722 1062 forma
740 1024 945 1072 significata
965 1036 1043 1061 non
1063 1024 1333 1073 multiplicatur
1345 1025 1382 1071 *3

315 1078 495 1115 convenit
534 1085 664 1115 tamen
702 1089 789 1114 cum
828 1077 998 1114 terminis
1037 1078 1307 1115 communibus
1344 1078 1383 1116 in

314 1132 400 1179 hoc,
430 1131 535 1179 quod
564 1131 687 1167 forma
719 1130 928 1178 significata
947 1130 1137 1168 invenitur
1155 1131 1193 1168 in
1211 1132 1382 1180 pluribus

314 1184 530 1233 suppositis.
559 1184 671 1221 Unde
696 1197 774 1220 non
795 1191 944 1232 oportet
972 1184 1077 1233 quod
1097 1190 1275 1234 semper‘
1294 1198 1381 1235 sup-

313 1245 434 1287 ponat
460 1249 530 1286 pro
561 1237 721 1274 essentia
749 1249 871 1285 quarn
895 1237 1091 1285 significat.

366 1292 425 1327 AD
454 1303 643 1328 SECUNDUM
673 1290 991 1340 memnon-quod
1012 1290 1176 1327 obiectio
1205 1291 1267 1328 illa
1294 1303 1382 1340 pro-

315 1343 414 1381 cedit
434 1352 565 1381 contra
594 1344 676 1381 illos
706 1344 770 1393 qui
791 1344 969 1381 dicebant
1001 1344 1106 1393 quod
1134 1344 1210 1381 hoc
1238 1356 1383 1381 nomen

313 1398 418 1434 Deus
455 1409 534 1434 non
571 1397 686 1434 habet
723 1397 935 1434 naturalem
973 1397 1276 1446 suppositionem
1312 1410 1382 1447 pro

314 1462 479 1499 persona
498 1450 522 1486 ζ.
708 1488 716 1495 ,

368 1505 427 1540 AD
455 1515 614 1540 TERTmM
634 1515 818 1540 mcaNDUM
838 1503 945 1552 quod
973 1504 1078 1541 aliter
1107 1517 1147 1542 se
1176 1505 1290 1542 habet
1309 1506 1385 1543 hoc

315 1569 460 1593 nomen
492 1557 597 1594 Deus
625 1556 673 1594 ad
698 1557 998 1606 supponendum
1030 1570 1101 1606 pro
1129 1570 1317 1607 persona,
1349 1566 1386 1596 et

315 1611 390 1647 hoc
418 1622 563 1647 nomen
594 1611 719 1646 h0m0.
759 1610 860 1656 Quia
889 1610 990 1647 0111111
1025 1611 1150 1648 1011113
1178 1611 1384 1659 significata

315 1676 384 1712 per
411 1663 486 1700 hoc
518 1675 662 1700 nomen
689 1664 819 1709 homo,
849 1663 946 1701 idest
973 1664 1206 1712 humanitas,
1237 1665 1385 1702 realiter

317 1716 498 1754 dividitur
530 1716 568 1753 in
598 1716 756 1753 diversis
785 1717 1003 1766 suppositis,
1033 1730 1103 1766 per
1135 1730 1175 1754 se
1204 1718 1386 1767 supponit

315 1783 386 1819 pro
419 1781 604 1818 persona;
636 1769 782 1807 etiamsi
815 1770 906 1807 nihil
941 1770 1103 1808 addatur
1130 1771 1236 1819 quod
1265 1773 1386 1809 deter-

317 1823 434 1860 minet
462 1822 588 1871 ipsum
618 1823 667 1859 ad
694 1835 914 1872 personam,
945 1836 1043 1873 quae
1073 1831 1128 1861 est
1147 1824 1386 1873 suppositum

318 1876 544 1914 distinctum.
574 1876 706 1914 Unitas
726 1884 854 1914 autem
873 1877 954 1914 sive
975 1877 1231 1914 communitas
1250 1878 1384 1915 huma-

318 1942 390 1966 nae
410 1938 566 1966 naturae
595 1942 675 1966 non
704 1938 759 1967 est
787 1930 1002 1967 secundum
1031 1943 1134 1978 rem,
1164 1931 1231 1968 sed
1260 1931 1385 1968 solum

317 1984 529 2021 secundum
559 1982 904 2020 considerationem
923 1982 963 2020 *t
993 1984 1096 2021 unde
1117 1983 1185 2020 iste
1204 1984 1387 2021 terminus

317 2038 428 2073 homo
462 2049 541 2073 non
569 2036 749 2085 supponit
785 2049 855 2085 pro
894 2044 1029 2073 natura
1058 2037 1277 2083 communi,
1317 2037 1387 2074 nisi

317 2097 473 2139 propter
492 2089 718 2137 exigentiam
739 2089 894 2127 alicuius
922 2090 1051 2137 additi,
1071 2098 1114 2127 ut
1133 2103 1221 2127 cum
1241 2090 1387 2138 dicitur,

317 2144 429 2180 homo
458 2149 511 2180 est
535 2143 686 2192 species.
707 2164 731 2170 -
753 2143 830 2180 Sed
854 2143 979 2180 forma
998 2143 1207 2191 significata
1226 2156 1295 2193 per
1313 2144 1388 2181 hoc

319 2208 462 2233 nornen
491 2197 606 2242 Deus,
637 2196 776 2232 scilicet
805 2196 965 2233 essentia
994 2197 1134 2244 divina,
1165 2205 1221 2234 est
1247 2209 1324 2234 una
1353 2205 1389 2234 et

321 2249 536 2286 communis
556 2249 768 2286 secundum
789 2261 883 2286 rem.
914 2249 1026 2286 Unde
1050 2262 1120 2299 per
1138 2262 1179 2286 se
1208 2250 1390 2299 supponit

319 2315 390 2351 pro
419 2309 554 2339 natura
588 2302 802 2339 communi:
833 2302 902 2339 sed
931 2314 976 2339 ex
1003 2303 1181 2340 adiuncto
1211 2303 1388 2340 determi-

320 2363 431 2393 natur
449 2361 462 2378 ‘’
483 2356 561 2392 eius
585 2355 795 2405 suppositio
815 2356 863 2393 ad
882 2367 1090 2404 personam
1109 2356 1141 2393 ²¹².
1170 2356 1282 2393 Unde
1303 2368 1390 2393 cum

321 2409 475 2456 dicitur,
514 2410 618 2445 Deus
653 2414 832 2458 generat,
862 2409 1008 2446 ratione
1045 2416 1151 2460 actus
1189 2409 1390 2447 notionalis

321 2461 500 2511 supponit
532 2462 608 2499 hoc
640 2474 785 2499 nomen
816 2463 921 2499 Deus
952 2474 1024 2510 pro
1056 2474 1221 2511 persona
1255 2462 1388 2500 Patris.

322 2516 399 2553 Sed
428 2528 516 2552 cum
551 2515 685 2552 dicitur
703 2513 731 2562 ⁰,
761 2516 865 2552 Deus
897 2527 972 2552 non
999 2521 1178 2565 generat,
1207 2515 1297 2552 nihil
1325 2516 1390 2553 ad-

321 2569 418 2606 ditur
445 2569 551 2618 quod
580 2568 806 2605 determinet
832 2569 908 2605 hoc
931 2581 1076 2606 nornen
1105 2569 1154 2606 ad
1181 2581 1389 2617 personam

322 2622 425 2659 Filii:
458 2622 562 2659 unde
595 2621 705 2659 datur
732 2621 883 2670 intelligi
920 2623 1024 2671 quod
1053 2621 1245 2670 generatio
1279 2634 1391 2672 repu-

321 2683 409 2723 gnet
437 2675 588 2712 divinae
609 2682 776 2712 naturae.
808 2675 884 2712 Sed
904 2675 935 2712 si
955 2675 1115 2712 addatur
1143 2675 1285 2724 aliquid
1303 2688 1388 2725 per-

319 2729 442 2766 tinens
467 2730 515 2766 ad
542 2740 748 2777 personam
778 2728 871 2775 Filii,
891 2741 985 2765 vera
1013 2728 1080 2765 erit
1108 2728 1270 2776 locuti0;
1299 2736 1342 2766 ut
1360 2729 1390 2766 si

322 2782 486 2829 dicatur,
516 2783 620 2819 Deus
647 2782 795 2831 genitus
822 2793 896 2819 non
924 2787 1093 2831 generat.
1123 2782 1236 2819 Unde
1274 2781 1387 2819 etiam

322 2847 400 2872 non
419 2835 599 2883 sequitur,
629 2841 684 2871 est
699 2835 804 2871 Deus
821 2846 1011 2884 generans
1031 2840 1067 2872 et
1083 2841 1137 2872 est
1153 2842 1161 2856 ⁴
1189 2836 1294 2872 Deus
1313 2847 1388 2872 non

320 2900 520 2938 generans,
550 2887 618 2924 nisi
647 2895 811 2937 ponatur
839 2888 977 2937 aliquid
1004 2888 1198 2937 pertinens
1231 2889 1280 2926 ad
1304 2901 1389 2937 per-

373 3003 399 3036 δ)
418 3004 466 3029 hoc
485 3011 588 3029 nomen.
606 3017 625 3022 —
644 3003 692 3028 iste
710 3004 841 3028 terminus
859 3004 961 3028 codices
981 3010 1006 3029 01
1025 3005 1065 3029 ed.
1084 3012 1110 3030 a.

374 3040 395 3072 ε)
415 3046 525 3071 semper.
544 3052 562 3060 —-
579 3039 736 3071 simpliciter
754 3040 823 3064 addit
842 3039 872 3065 D.

373 3074 398 3107 ζ)
413 3082 467 3107 pro
481 3081 608 3107 persona.
625 3088 644 3093 —
663 3074 724 3099 Om.
744 3075 772 3098 B.

373 3111 400 3142 η)
420 3110 622 3135 determinatur.
640 3123 659 3128 -
678 3110 839 3135 terminatur
857 3110 979 3135 ABCDE.

374 3144 398 3178 θ)
418 3146 526 3171 dicitur.
544 3159 563 3164 -
580 3145 693 3170 dicimus
712 3145 740 3170 Ρ.

375 3181 393 3212 ι)
413 3184 439 3206 et
457 3184 504 3206 est.
521 3194 540 3200 -
557 3184 583 3206 et
601 3180 651 3210 Plu
675 3181 784 3206 Unde..
799 3189 850 3206 non
869 3188 1001 3214 generans
1020 3190 1073 3207 om.
1092 3182 1121 3207 B.

375 3217 400 3249 κ)
419 3217 493 3241 dicit.
511 3230 530 3236 -·
548 3216 622 3241 d1'x1't
641 3216 669 3241 P.
688 3230 706 3235 —
725 3216 775 3240 Pro
796 3217 869 3241 Deus
888 3217 983 3246 Pater,
1004 3218 1086 3242 Pater
1105 3218 1178 3243 Deus
1197 3217 1307 3242 codices.

970 254 1237 300 QUAESTIO
1267 254 1448 301 XXXIX,
1478 254 1776 292 ARTICULUS
1807 255 1858 291 IV

1440 346 1575 379 sonas;
1604 342 1647 370 ut
1672 342 1765 382 puta
1794 334 1823 371 si
1857 334 2046 382 dicamus,
2080 335 2194 371 Pater
2227 341 2282 372 est
2310 337 2415 373 Deus
2441 348 2510 386 ge-

1440 399 1598 432 nerans,
1628 393 1665 423 et
1689 387 1808 424 Filius
1835 393 1890 424 est
1915 388 2019 424 Deus
2047 400 2122 424 non
2149 399 2350 437 generans.
2381 390 2430 426 Et
2458 389 2508 426 ita

1439 452 1518 477 non
1547 440 1715 488 sequitur
1743 441 1848 489 quod
1876 440 1947 477 sint
1968 440 2099 489 plures
2127 441 2197 477 dii:
2226 441 2314 490 quia
2341 442 2454 479 Pater
2473 450 2510 480 et

1439 493 1556 530 Filius
1585 501 1673 530 sunt
1701 506 1798 530 unus
1824 495 1940 540 Deus,
1970 501 2011 530 ut
2041 494 2184 531 dictum
2214 502 2269 531 est
2287 494 2318 531 *.

1491 548 1551 583 An
1567 558 1740 589 QUARTUM
1759 559 1944 584 111οΕΝοοΜ
1959 547 2066 596 quod
2084 548 2181 584 haec
2201 555 2257 584 est
2275 548 2380 595 falsa,
2396 549 2510 586 Pater

1436 599 1571 648 genuit
1594 612 1635 636 se
1661 601 1810 636 Deum:
1839 600 1927 649 quia
1946 601 1986 648 ly
2003 612 2053 646 se,
2076 613 2165 637 cum
2185 600 2231 637 sit
2255 601 2507 649 reciprocum,

1438 652 1551 689 refert
1583 652 1687 690 idem
1725 653 1978 702 suppositum.
2019 654 2157 702 Neque
2193 661 2248 690 est
2276 654 2508 691 contrarium

1438 705 1544 753 quod
1576 705 1809 754 Augustinus
1838 706 1926 744 dicit
1944 713 1977 753 ⁸,
2007 707 2059 744 ad
2090 707 2314 744 Maximum
2333 706 2373 754 ³¹³,
2404 706 2509 756 quod

1437 758 1543 795 Deus
1569 758 1683 795 Pater
1709 760 1842 808 genuit
1866 760 2027 797 alterum
2054 772 2105 797 se.
2136 760 2238 808 Quia
2257 761 2296 809 ly
2313 772 2353 797 se
2371 761 2434 797 vel
2454 767 2510 798 est

1438 823 1548 848 casus
1576 811 1730 848 ablativi
1754 809 1786 855 λς
1815 819 1858 848 111
1884 812 1930 849 311
1958 825 2108 860 30113113,
2137 814 2269 863 genuit
2295 814 2456 850 alterum
2484 826 2509 851 α

1436 875 1484 901 se.
1515 865 1586 901 Vel
1615 864 1703 901 facit
1730 865 1956 902 relationem
1990 866 2220 915 simplicem,
2252 874 2288 903 et
2315 867 2368 904 sic
2397 867 2511 904 refert

1436 916 1672 954 identitatem
1701 925 1876 954 naturae:
1912 918 1979 955 sed
2009 926 2064 956 est
2091 919 2301 968 impropria
2332 921 2396 957 vel
2430 931 2509 957 ern-

1436 970 1587 1018 phatica
1615 970 1769 1018 locutio,
1798 978 1840 1007 ut
1865 970 1911 1007 sit
1940 983 2087 1018 sensus,
2115 974 2249 1021 genuit
2272 973 2433 1010 alterum
2461 973 2509 1010 si-

1437 1024 1636 1060 millimum
1663 1024 1744 1061 sihi.
1765 1046 1789 1052 -
1811 1023 1991 1061 Similiter
2010 1032 2047 1061 et
2064 1025 2161 1062 haee
2181 1033 2238 1063 est
2255 1027 2359 1074 falsa,
2379 1027 2511 1076 genuit

1437 1077 1554 1114 alium
1583 1078 1720 1114 Deum.
1752 1077 1853 1124 Quia
1881 1077 1968 1114 licet
1991 1077 2109 1114 Filius
2136 1077 2183 1115 sit
2209 1079 2306 1116 alius
2333 1092 2356 1117 a
2383 1080 2508 1127 Patre,

1436 1138 1479 1167 ut
1506 1143 1622 1180 supra
1641 1130 1661 1152 ²¹⁶
1690 1130 1835 1167 dictum
1865 1137 1931 1178 est,
1953 1143 2033 1168 non
2061 1138 2190 1168 tamen
2216 1139 2272 1169 est
2305 1132 2510 1170 dicendum

1438 1184 1544 1233 quod
1573 1184 1619 1221 sit
1646 1184 1743 1220 alius
1761 1185 1887 1221 Deus:
1916 1184 2006 1232 quia
2025 1184 2292 1233 intelligeretur
2310 1185 2416 1234 quod
2435 1186 2510 1223 hoc

1438 1237 1671 1275 adiectivum
1690 1237 1788 1274 alius
1805 1245 1967 1286 poneret
1986 1249 2067 1274 rem
2088 1250 2198 1275 suam
2218 1238 2316 1276 circa
2336 1239 2511 1276 substan-

1437 1290 1560 1328 tivum
1599 1291 1704 1339 quod
1743 1298 1798 1327 est
1831 1291 1958 1335 Deus,·
1988 1298 2023 1327 et
2051 1290 2104 1328 sic
2132 1291 2407 1339 significaretur
2436 1292 2511 1330 dis-

1437 1344 1567 1381 tinctio
1588 1343 1746 1381 deitatis.
1763 1365 1787 1371 -
1809 1343 1978 1391 Quidam
1998 1352 2129 1381 tamen
2149 1345 2367 1382 concedunt
2385 1345 2509 1393 istam,

1437 1398 1571 1447 genuit
1602 1397 1718 1434 alium
1751 1398 1900 1434 Deum.-
1933 1397 1984 1434 ita
2015 1398 2121 1447 quod
2153 1399 2191 1446 ly
2219 1398 2315 1435 alius
2349 1398 2395 1435 sit
2422 1399 2511 1436 sub-

1418 1451 1657 1498 stantivum,
1679 1458 1716 1487 et
1734 1451 1772 1499 ly
1796 1451 1901 1487 Deus
1920 1451 2134 1499 appositive
2164 1459 2404 1489 construatur
2423 1464 2511 1490 cum

1440 1517 1499 1541 eo.
1540 1504 1616 1541 Sed
1643 1503 1705 1541 hic
1735 1511 1790 1540 est
1818 1504 2050 1553 improprius
2078 1504 2221 1542 modus
2249 1505 2444 1555 loquendi,
2475 1512 2512 1544 et

1440 1557 1641 1595 evitandus
1660 1563 1691 1603 μ,
1721 1569 1768 1594 110
1798 1557 1908 1594 detur
1936 1557 2087 1594 occasio
2118 1557 2268 1595 erroris.

1492 1612 1552 1647 AD
1573 1622 1735 1653 Qum-rum
1758 1622 1944 1648 111οΕΝοοΜ
1965 1611 2072 1659 quod
2090 1612 2187 1648 haec
2207 1618 2262 1648 est
2281 1611 2386 1658 falsa,
2406 1613 2512 1649 Deus

1438 1664 1569 1714 genuit
1596 1665 1721 1700 Deum
1750 1664 1817 1712 qui
1841 1669 1897 1700 est
1925 1665 2029 1701 Deus
2061 1665 2196 1701 Pater:
2225 1664 2325 1713 quia,
2356 1677 2445 1702 cum
2473 1665 2512 1714 ly

1439 1718 1553 1754 Pater
1584 1716 1799 1766 appositive
1835 1724 2075 1754 construatur
2107 1729 2198 1754 cum
2234 1718 2273 1766 ly
2299 1719 2424 1764 Deus,
2453 1730 2512 1755 re-

1441 1770 1585 1818 stringit
1622 1770 1748 1818 ipsum
1777 1766 1826 1807 ad
1855 1770 2034 1807 standum
2067 1782 2140 1818 pro
2174 1782 2341 1819 persona
2367 1771 2509 1818 Patris;

1440 1832 1482 1860 ut
1510 1823 1555 1860 sit
1583 1835 1733 1870 sensus,
1762 1823 1896 1872 genuit
1925 1823 2050 1860 Deum
2087 1823 2154 1871 qui
2185 1829 2240 1860 est
2274 1824 2351 1872 ipse
2377 1825 2512 1862 Pater:

1442 1884 1478 1914 et
1497 1876 1550 1913 sic
1569 1877 1681 1913 Pater
1707 1883 1805 1912 esset
1829 1875 1989 1924 genitus,
2019 1876 2125 1925 quod
2145 1884 2201 1913 est
2220 1877 2370 1914 falsum.
2399 1877 2512 1915 Unde

1441 1929 1619 1978 negativa
1642 1936 1699 1966 est
1716 1941 1821 1976 vera,
1840 1929 1972 1979 genuit
1998 1930 2125 1966 Deum
2153 1930 2220 1978 qui
2243 1942 2318 1967 non
2338 1935 2392 1967 est
2408 1931 2513 1968 Deus

1441 1984 1555 2020 Pater
1573 1988 1595 2019 ’.
1617 2003 1641 2010 -
1663 1982 1703 2019 Si
1731 1990 1862 2019 tamen
1890 1982 2159 2031 intelligeretur
2184 1983 2413 2021 constructio
2433 1995 2514 2021 non

1443 2049 1526 2074 esse
1555 2035 1782 2085 appositiva,
1803 2035 1872 2073 sed
1896 2035 2038 2085 aliquid
2059 2048 2143 2073 esse
2169 2036 2512 2086 interponendum

1442 2098 1533 2127 tunc
1562 2102 1582 2126 e
1611 2101 1802 2127 converso
1831 2089 2063 2127 affirmativa
2091 2097 2190 2126 esset
2211 2102 2318 2137 vera,
2339 2098 2377 2128 et
2399 2102 2513 2139 nega-

1443 2143 1520 2181 tiva
1554 2143 1667 2189 falsa;
1701 2150 1743 2179 ut
1775 2142 1821 2179 sit
1854 2154 2010 2190 30113113,
2037 2143 2171 2193 genuit
2201 2144 2327 2181 Deum
2364 2144 2431 2193 qui
2461 2149 2517 2182 est

1443 2198 1547 2234 Deus
1575 2196 1642 2244 qui
1666 2201 1721 2232 est
1745 2197 1868 2233 Pater.
1905 2195 1983 2233 Sed
2010 2196 2107 2233 haec
2137 2203 2192 2233 est
2220 2203 2365 2234 extorta
2398 2208 2515 2247 expo-

1443 2249 1539 2286 sitio.
1570 2249 1683 2286 Unde
1711 2249 1846 2285 melius
1876 2256 1932 2285 est
1963 2249 2070 2298 quod
2099 2249 2320 2298 simpliciter
2346 2250 2515 2288 affirma-

1443 2302 1522 2340 tiva
1550 2309 1720 2350 negetur,
1749 2309 1787 2338 et
1814 2301 1990 2349 negativa
2019 2302 2262 2340 concedatur.

1498 2354 1783 2404 Praepositivus
1810 2361 1941 2391 tamen
1969 2354 2060 2391 dixit
2092 2355 2198 2404 quod
2226 2363 2306 2392 tam
2339 2356 2515 2404 negativa

1445 2420 1562 2457 quam
1597 2407 1823 2445 affirmativa
1852 2415 1908 2444 est
1935 2408 2039 2445 falsa.
2079 2408 2181 2455 Quia
2208 2409 2284 2445 hoc
2312 2409 2514 2447 relativum

1444 2462 1511 2510 qui
1541 2461 1579 2498 in
1616 2460 1848 2498 affirmativa
1878 2468 2004 2510 potest
2038 2461 2177 2498 referre
2215 2461 2457 2511 suppositum
2477 2459 2511 2499 ⁶:

1444 2516 1513 2553 sed
1540 2515 1580 2552 in
1607 2514 1784 2562 negativa
1819 2514 1932 2551 refert
1959 2521 1996 2550 et
2023 2514 2273 2562 significatum
2309 2522 2345 2552 et
2372 2527 2514 2565 suppo-

1445 2568 1570 2605 situm.
1609 2569 1721 2606 Unde
1749 2579 1883 2604 sensus
1911 2567 2163 2604 affirmativae
2193 2575 2266 2615 est,
2294 2568 2402 2616 quod
2430 2580 2514 2606 esse

1445 2623 1572 2659 Deum
1607 2623 1760 2658 Patrem
1795 2620 1999 2658 conveniat
2029 2633 2220 2669 personae
2259 2621 2353 2659 Filii.
2387 2622 2514 2670 Nega-

1443 2675 1544 2713 tivae
1571 2686 1664 2712 vero
1695 2686 1829 2711 sensus
1858 2680 1925 2721 est,
1955 2674 2062 2722 quod
2091 2686 2173 2711 esse
2201 2675 2330 2712 Deum
2359 2675 2512 2712 Patrem

1444 2740 1523 2766 non
1560 2735 1708 2765 tantum
1733 2733 1746 2748 ⁰
1774 2734 2020 2764 removeatur
2047 2740 2070 2764 a
2098 2739 2264 2776 persona
2302 2727 2405 2775 Filii,
2444 2728 2513 2766 sed

1444 2781 1558 2819 etiam
1578 2793 1601 2818 a
1621 2780 1814 2818 divinitate
1835 2780 1927 2817 eius.
1949 2801 1973 2808 —
1994 2780 2071 2818 Sed
2094 2780 2169 2818 hoc
2187 2780 2442 2818 irrationabile
2456 2780 2513 2819 vi-

1445 2835 1571 2872 detur:
1598 2846 1699 2882 cum,
1719 2833 1934 2870 secundum
1954 2833 2285 2882 Philosophum-²¹⁸,
2306 2833 2354 2871 de
2370 2834 2511 2871 eodem

1445 2888 1493 2926 de
1512 2900 1590 2937 quo
1620 2895 1676 2924 est
1703 2886 1920 2934 affirmatio,
1949 2886 2069 2935 possit
2099 2886 2210 2924 etiam
2240 2898 2322 2923 esse
2346 2887 2509 2935 negatio.

1496 3003 1524 3037 λ)
1543 3010 1621 3029 casus
1638 3003 1757 3028 ablativi.
1775 3017 1794 3022 -
1811 3003 1945 3028 ablativus
1963 3010 2040 3028 casus
2058 3003 2089 3028 B.

1497 3039 1525 3073 μ)
1544 3043 1571 3064 et
1590 3039 1739 3064 evitandus.
1757 3053 1776 3058 —
1793 3042 1820 3064 et
1838 3039 1964 3064 vitandus
1982 3038 2104 3068 ABCDE,
2123 3037 2265 3063 evitandus
2284 3038 2356 3071 GpF.

1495 3075 1519 3106 ν)
1540 3075 1613 3100 Deus
1631 3075 1723 3100 Pater.
1740 3088 1759 3094 —
1778 3074 1850 3099 Deus
1870 3074 1952 3099 Pater
1969 3074 2026 3099 eius
2045 3075 2079 3104 Α,
2099 3073 2181 3098 Pater·
2198 3073 2255 3098 eius
2274 3074 2325 3098 (ΣΕ.

1497 3109 1520 3143 ξ)
1539 3110 1715 3142 suppositum.
1733 3123 1752 3129 -
1770 3109 1835 3134 Hlii
1852 3109 1951 3135 scilicet
1970 3109 2000 3143 ly·
2019 3109 2106 3134 Deum
2125 3108 2230 3134 ratione
2243 3108 2375 3141 suppositi
2393 3108 2462 3134 addit
2479 3109 2514 3134 Β.

1443 3146 1515 3171 Idem
1533 3150 1593 3178 post
1611 3153 1668 3178 seq.
1685 3145 1850 3178 suppositum
1870 3145 1940 3170 addit
1958 3145 2030 3170 Filii.

1497 3181 1523 3214 ο)
1543 3183 1658 3206 tantum.
1675 3195 1694 3200 -
1712 3181 1796 3206 solum
1821 3180 1923 3205 codices
1942 3184 1968 3205 et
1985 3180 2035 3206 ab.
2057 3193 2077 3200 -
2095 3180 2144 3204 Pro
2169 3179 2324 3210 divinitate,
2349 3179 2449 3205 deitate
2467 3187 2510 3205 oo—

1444 3216 1522 3242 dices.
1884 3224 1886 3226 ’
2358 3215 2366 3222 ·

1002 3295 1333 3329 Commentaria
1356 3294 1606 3328 Cardinatis
1629 3294 1830 3328 Caietani

383 3384 489 3404 11111113
513 3374 613 3404 clarus
638 3380 684 3404 est
707 3383 742 3404 ex
766 3373 1033 3414 praecedentibus.
1057 3392 1077 3397 —
1101 3374 1136 3405 ln
1159 3383 1292 3415 corpore
1320 3374 1386 3404 duo

325 3386 469 3449 Tfacit:
495 3418 609 3458 primo,
631 3417 723 3449 refert
746 3417 932 3458 opinionem
957 3418 1131 3458 quandam;
1152 3419 1303 3455 secundo,
1328 3417 1387 3448 im-

323 3463 435 3502 probat
458 3472 536 3499 eam,
562 3462 721 3503 simulque
743 3462 914 3502 respondet
936 3462 1079 3503 quaesito
1102 3462 1130 3494 *-

381 3506 417 3535 11.
443 3506 559 3543 Quoad
577 3507 732 3546 primum,
756 3506 865 3546 opinio
890 3507 1047 3547 quaedam
1066 3506 1126 3538 fuit
1145 3507 1233 3548 quod
1256 3505 1387 3537 nomina

325 3550 498 3580 essentialia
521 3560 558 3580 ex
581 3560 612 3580 se
643 3557 831 3590 supponunt
861 3550 987 3591 proprie
1011 3561 1069 3591 pro
1093 3551 1241 3588 essentia,
1272 3550 1327 3581 sed
1350 3560 1388 3581 ex

325 3593 473 3624 adiuncto
498 3594 651 3625 notionali
675 3595 842 3625 trahuntur
865 3595 904 3624 ad
928 3595 1077 3626 standum
1100 3605 1159 3635 pro
1178 3604 1323 3636 persona.
1347 3594 1389 3625 Et

1442 3379 1488 3404 est
1502 3373 1598 3404 huius
1621 3373 1867 3405 fundamentum
1883 3373 1989 3404 divina
2012 3373 2205 3414 simplicitas,
2221 3383 2286 3415 qua
2301 3373 2337 3405 fit
2355 3373 2446 3414 quod
2460 3383 2508 3404 es-

1441 3418 1550 3454 sentia,
1571 3427 1630 3458 pro
1649 3428 1714 3458 qua
1737 3417 1891 3459 supponit
1913 3418 2119 3454 abstractum,
2145 3424 2191 3449 est
2212 3417 2299 3448 idem
2321 3417 2506 3458 supposito,

1442 3471 1500 3502 pro
1524 3472 1590 3503 quo
1614 3462 1768 3502 supponit
1791 3467 1984 3492 concretum.

1499 3506 1549 3536 111.
1568 3506 1685 3543 Quoad
1699 3506 1885 3543 secundum,
1899 3505 2098 3546 improbatur
2113 3505 2218 3546 primo
2233 3505 2372 3546 praefata
2384 3504 2505 3546 opinio.

1442 3549 1526 3587 Quia
1549 3549 1582 3580 in
1605 3549 1795 3590 proprietate
1818 3549 1988 3580 locutionis
2012 3551 2201 3581 attendenda
2223 3556 2298 3581 sunt
2316 3549 2429 3584 ambo,
2449 3548 2506 3579 sci-

1442 3594 1514 3624 licet
1530 3593 1725 3634 significatio,
1739 3600 1770 3624 et
1786 3593 1902 3624 modus
1919 3593 2123 3634 significandi.
2140 3593 2300 3625 Praedicta
2316 3599 2423 3624 autem
2437 3592 2506 3634 opi—

2537 502 2547 511 ·
2560 501 2613 523 Art.
2629 502 2738 529 praeced.

2536 735 2548 747 ⁸
2566 735 2640 763 Epist.
2664 742 2735 764 mxx,

2537 762 2566 784 31.
2581 768 2643 784 var.

2562 1135 2612 1164 Qu.
2626 1141 2692 1163 xxxi,
2706 1138 2752 1158 m.

2538 2819 2550 2831 ⁸
2564 2819 2621 2842 Peri
2631 2820 2751 2848 Hermen„

2538 2852 2644 2901 ἓῖρτζές
2663 2853 2752 2900 1¹35.³·1'‚

2539 2899 2593 2922 lect.
2607 2905 2631 2922 x.
