2768 4178
40 391 53 403 ⁴
66 390 118 412 Art.
129 377 205 418 praec.

53 2893 262 2970 ἐνωὲξὲιέαα
213 2893 268 2916 dist.

31 2919 269 3002 &afflans-¹.

56 3207 148 3236 ·.Epist
149 3213 225 3230 mvn
233 3207 269 3234 (al.

55 3235 186 3284 ffikrsstss
196 3236 271 3289 ζ’ῃέξέἑ

32 3327 33 3330 ¹
37 3286 172 3340 ³310„an
174 3293 204 3315 .,ι
210 3293 271 3310 vers.

969 193 1237 240 QuAesrio
1268 194 1357 240 ΧΠ,
1387 193 1683 230 ARTICULUS
1712 195 1799 231 v111

284 274 587 323 comprehendit.
627 275 766 311 Nullus
804 281 934 311 autem
968 273 1177 309 intellectus
1211 279 1357 308 creatus

283 328 446 365 totaliter
474 328 603 364 Deum
633 326 962 375 comprehendere
989 332 1134 374 potest,
1163 332 1205 361 ut
1233 331 1359 361 osten-

284 393 371 418 sum
388 388 443 417 est
455 380 486 417 ²⁸.
504 381 643 417 Nullus
658 379 770 428 igitur
782 379 991 416 intellectus
1012 386 1171 424 creatus,
1187 377 1356 415 videndo

284 435 426 481 Deum,
447 440 573 483 potest
602 444 834 482 cognoscere
864 431 995 468 omnia
1023 443 1121 480 quae
1145 431 1252 468 Deus
1273 430 1359 467 facit

284 487 348 525 vel
366 493 493 536 potest
511 487 653 524 facere:
683 486 759 523 hoc
778 484 880 522 enim
902 492 1000 522 esset
1029 484 1357 533 comprehendere

287 540 367 578 eius
395 539 588 577 virtutem.
628 538 707 576 Sed
739 539 880 576 horum
908 550 1008 586 quae
1046 538 1153 574 Deus
1182 537 1269 574 facit
1296 537 1358 574 vel

286 594 412 631 facere
439 599 583 642 potest,
616 598 722 629 tanto
753 590 885 639 aliquis
913 591 1122 627 intellectus
1150 591 1261 640 plura
1297 603 1359 627 co-

287 645 444 695 gnoscit,
464 652 608 694 quanto
627 643 833 693 perfectius
852 645 980 681 Deum
999 643 1117 681 videt.

340 701 399 736 AD
428 710 567 736 PRIMUM
594 709 693 735 ERGO
721 709 906 735 DtCENDUM
935 697 1040 746 quod
1070 697 1277 745 Gregorius
1305 697 1359 733 lo-

288 752 416 802 quitur
443 758 631 800 quantum
658 750 707 787 ad
736 750 1005 788 sufficientiam
1034 750 1190 798 obiecti,
1220 749 1360 787 scilicet

287 804 372 852 Dei,
389 804 494 853 quod
509 802 534 851 ⁰,
550 811 737 853 quantum
753 803 791 841 in
807 816 848 840 se
865 811 931 851 est,
947 803 1180 841 sufficienter
1195 803 1360 841 continet

288 857 421 895 omnia
451 864 487 894 et
506 856 755 894 demonstrat.
785 857 878 894 Non
906 865 1036 894 tamen
1065 857 1235 906 sequitur
1254 856 1360 905 quod

287 909 552 960 unusquisque
566 910 703 947 videns
718 911 845 947 Deum
861 917 868 930 ¹
888 910 1018 947 omnia
1034 917 1254 959 cognoscat:
1270 910 1360 960 quia

288 977 368 1002 non
395 963 562 1014 perfecte
592 963 883 1013 comprehendit
910 963 1050 1013 ipsum.

342 1019 401 1055 An
430 1029 622 1055 SECUNDUM
650 1029 835 1055 DlCENDUM
864 1017 970 1066 quod
989 1017 1124 1054 videns
1148 1017 1359 1066 speculum,

289 1082 369 1109 non
411 1078 467 1108 est
503 1070 760 1107 necessarium
802 1071 908 1119 quod
951 1070 1083 1107 omnia
1124 1070 1163 1106 in
1204 1069 1360 1118 speculo

287 1123 438 1172 videat,
468 1123 538 1161 nisi
566 1124 767 1172 speculum
794 1123 881 1161 visu
910 1136 981 1161 suo
1010 1122 1324 1172 comprehendat.

342 1178 401 1214 AD
430 1188 590 1214 TERTmM
618 1188 803 1214 DICENDUM
832 1176 950 1226 quod,
971 1176 1056 1213 licet
1082 1175 1207 1213 maius
1235 1175 1281 1212 sit
1307 1174 1361 1212 vi-

272 1229 382 1272 rdere
409 1231 538 1268 Deum
565 1228 683 1280 quam
713 1230 844 1267 omnia
872 1229 965 1276 alia,
994 1236 1125 1266 tamen
1153 1228 1278 1265 maius
1307 1235 1364 1265 est

287 1282 421 1321 videre
441 1283 495 1321 sic
514 1284 642 1320 Deum
663 1282 769 1332 quod
788 1282 919 1319 omnia
937 1282 975 1319 in
996 1294 1042 1319 eo
1072 1288 1363 1329 cognoscantur,

289 1348 407 1386 quam
435 1336 567 1374 videre
595 1336 650 1373 sic
676 1335 804 1384 ipsum
839 1334 945 1384 quod
973 1347 1052 1372 non
1080 1334 1233 1382 omnia,
1263 1334 1331 1372 sed
1350 1340 1363 1354 ¹

287 1389 472 1439 pauciora
491 1390 554 1426 vel
573 1389 683 1438 plura
703 1394 982 1436 cognoscantur
1004 1388 1043 1425 in
1068 1400 1127 1425 eo.
1158 1389 1238 1424 Iam
1260 1387 1362 1424 enim

342 1500 368 1536 0)
385 1503 467 1536 quod.
484 1517 503 1522 -
520 1502 568 1535 qui
585 1503 614 1527 B.

344 1538 362 1572 ι)
378 1538 471 1580 vide-ns
485 1538 608 1563 Deum.·-
621 1537 714 1563 videns
727 1537 813 1570 ipsum
828 1537 940 1563 codices.
955 1551 974 1556 —
988 1538 1016 1562 In
1030 1537 1082 1563 fine
1097 1545 1150 1571 arg.
1166 1537 1252 1569 ipsum
1268 1544 1321 1562 om.
1331 1537 1362 1566 A,

288 1577 480 1642 “2525ss
497 1616 543 1634 seu
562 1608 652 1634 mab.
669 1622 689 1628 -
708 1608 759 1634 Pro
778 1608 805 1633 in
824 1615 863 1638 eo,
879 1608 906 1633 in
926 1608 985 1633 Deo
1003 1608 1060 1634 AD.

2412 210 2482 246 129

1414 279 1612 308 ostensum
1633 273 1718 309 est*
1733 274 1838 321 quod
1855 275 2056 312 multitudo
2073 276 2310 323 cognitorum
2330 277 2367 313 in
2386 278 2484 325 Deo,

1415 325 1659 373 consequitur
1678 326 1841 363 modum
1860 327 2046 364 videndi
2038 341 2162 377 ipsum
2182 330 2243 366 vel
2263 329 2383 378 magis
2401 342 2486 378 per-

1414 377 1556 414 fectum
1584 379 1646 415 vel
1675 378 1803 416 minus
1831 380 2054 428 perfectum.

1467 433 1525 468 An
1556 442 1730 474 QUARTUM
1763 444 1947 470 mcssNDuM
1985 435 2090 482 quod
2129 436 2299 472 naturale
2338 435 2484 473 deside-

1415 483 1513 521 rium
1534 484 1724 522 rationalis
1755 493 1950 522 creaturae
1980 494 2036 523 est
2063 487 2111 524 ad
2135 488 2336 525 sciendum
2356 489 2485 526 omnia

1414 536 1475 573 illa
1494 549 1593 586 quae
1612 538 1801 587 pertinent
1820 539 1867 576 ad
1886 539 2161 587 perfectionem
2190 541 2418 588 intellectus;
2449 550 2485 579 et

1414 590 1510 627 haec
1539 598 1626 628 sunt
1654 590 1801 640 species
1830 598 1867 628 et
1895 604 2034 640 genera
2067 605 2215 641 rerum,
2252 602 2288 631 et
2320 595 2485 632 rationes

1416 655 1568 691 earum,
1599 656 1698 693 quae
1727 644 1766 681 in
1794 645 1880 682 Deo
1908 645 2053 683 videbit
2081 646 2234 694 quilibet
2261 647 2398 684 videns
2428 660 2483 685 es-

1415 696 1576 734 sentiam
1606 697 1776 735 divinam
1794 697 1826 735 ³¹³.
1857 698 2100 746 Cognoscere
2124 707 2252 736 autem
2271 699 2284 720 λ
2312 700 2382 737 alia
2411 701 2483 738 sin-

1415 749 1578 798 gularia,
1610 758 1644 787 et
1674 750 1835 799 cogitata
1864 759 1901 788 et
1929 752 2026 788 facta
2059 764 2215 799 eorum,
2246 765 2323 790 non
2353 761 2408 790 est
2437 754 2483 790 de

1414 803 1648 852 perfectione
1674 803 1885 841 intellectus
1915 804 2040 853 creati,
2070 817 2141 842 nec
2161 805 2209 842 ad
2225 806 2299 842 hoc
2319 806 2400 843 eius
2419 819 2484 843 na-

1414 857 1534 894 turale
1563 856 1794 894 desiderium
1822 857 1959 895 tendit:
1988 870 2060 895 nec
2088 858 2225 895 iterum
2253 871 2483 907 cognoscere

1415 910 1476 947 illa
1495 921 1593 959 quae
1613 909 1787 947 nondum
1803 917 1822 937 μ
1842 918 1941 959 sunt,
1964 911 2032 948 sed
2054 910 2137 948 fieri
2157 924 2179 948 a
2198 912 2283 948 Deo
2312 919 2483 961 possunt.

1417 963 1457 1000 Si
1484 970 1614 1000 tamen
1643 964 1746 1000 solus
1780 964 1886 1001 Deus
1914 963 2129 1012 videretur,
2159 964 2224 1012 qui
2253 972 2309 1002 est
2336 965 2421 1002 fons
2451 972 2486 1001 et

1415 1015 1644 1065 principium
1682 1016 1796 1053 totius
1831 1029 1915 1054 esse
1951 1025 1987 1054 et
2013 1017 2201 1064 veritatis,
2239 1017 2289 1054 ita
2323 1019 2485 1067 repleret

1416 1070 1584 1106 naturale
1599 1069 1830 1107 desiderium
1850 1070 2003 1118 sciendi,
2020 1071 2125 1119 quod
2144 1070 2232 1107 nihil
2252 1071 2355 1108 aliud
2370 1083 2485 1120 quae-

1416 1129 1572 1170 reretur,
1594 1129 1630 1159 et
1648 1123 1782 1159 beatus
1808 1131 1916 1160 esset.
1946 1124 2058 1161 Unde
2079 1124 2166 1161 dicit
2185 1124 2431 1172 Augustinus,
2450 1125 2486 1161 V

1422 1175 1588 1223 Confess.
1604 1175 1639 1211 *z
1669 1176 1812 1224 Infelix
1838 1177 1951 1213 homo
1978 1177 2043 1225 qui
2068 1178 2138 1213 scit
2163 1178 2291 1214 omnia
2318 1177 2381 1214 illa
2401 1177 2484 1224 (sci-

1416 1227 1503 1264 licet
1531 1231 1748 1276 creaturas),
1769 1234 1803 1265 te
1826 1235 1952 1266 autem
1973 1230 2103 1266 nescit.-
2124 1230 2252 1266 beatus
2271 1236 2395 1267 autem
2423 1231 2488 1279 qui

1417 1286 1452 1317 te
1477 1281 1557 1326 scit,
1587 1281 1699 1317 etiam
1726 1282 1760 1318 si
1786 1282 1850 1318 illa
1879 1283 2027 1319 nesciat.
2063 1283 2137 1324 Qui
2163 1281 2253 1319 Dero
2273 1289 2307 1319 te
2326 1289 2337 1303 ⁹
2365 1289 2401 1319 et
2422 1283 2485 1320 illa

1419 1334 1533 1379 novit,
1563 1346 1637 1370 non
1660 1340 1818 1383 propter
1846 1335 1910 1371 illa
1930 1336 2074 1372 beatior
2101 1342 2164 1381 est,
2193 1335 2259 1372 sed
2280 1342 2436 1385 propter
2454 1342 2488 1373 te

1417 1387 1540 1423 solum
1569 1388 1708 1423 beatus.

1471 1500 1500 1534 λ)
1523 1502 1688 1534 Cognoscere
1706 1505 1806 1527 autem.
1817 1516 1836 1521 —
1851 1502 1906 1527 Sed
1923 1509 2082 1535 cognoscere
2101 1502 2129 1526 B.
2148 1517 2168 1521 -
2187 1503 2238 1527 Pro
2256 1502 2319 1531 alia,
2335 1503 2426 1528 omnia
2439 1504 2488 1528 ali-

1418 1544 1470 1569 qua
1490 1537 1521 1567 A,
1534 1537 1581 1561 sed
1600 1537 1691 1562 omnia
1710 1537 1845 1570 expungit;
1864 1538 1955 1570 aliqua
1974 1538 2060 1562 ceteri.

1473 1573 1501 1606 μ.)
1522 1572 1650 1598 nondum.
1667 1585 1687 1592 -—
1705 1580 1722 1597 a
1742 1573 1800 1598 Deo
1820 1580 1871 1598 non
1892 1573 2047 1605 ACDEGpF
2068 1578 2092 1597 et
2111 1573 2152 1597 ed.
2166 1581 2192 1604 a,
2208 1573 2296 1598 adhuc
2316 1580 2366 1598 non
2387 1574 2430 1599 sF.

1471 1609 1494 1640 ν)
1514 1611 1549 1633 te.
1568 1622 1588 1626 —
1605 1612 1632 1633 et
1651 1611 1676 1634 te
1694 1608 1770 1633 AEF.
1788 1622 1807 1628 —
1825 1611 1864 1634 est
1883 1616 1937 1633 om.
1956 1609 2068 1633 codices.

978 1690 1312 1724 Commentario.
1335 1689 1586 1724 Car-dinalis
1608 1690 1809 1725 Caietam

321 1789 342 1811 n
357 1778 462 1815 titulo,
479 1778 512 1819 ly
527 1778 637 1808 omnia
661 1776 820 1808 distribuit
835 1786 894 1816 pro
909 1776 1062 1807 omnibus
1080 1775 1174 1807 rebus
1190 1785 1361 1816 rerumque

293 1791 497 1855 Irationibus
513 1821 668 1852 absolutis
684 1828 715 1853 et
733 1820 924 1862 respectivis,
941 1820 1077 1851 realibus
1094 1827 1125 1851 et
1139 1819 1279 1856 rationis,
1296 1829 1363 1850 non

290 1868 399 1900 solum
414 1876 496 1908 quae
512 1872 587 1897 sunt
602 1875 810 1907 quocumque
825 1865 936 1901 modo,
951 1865 1007 1895 sed
1021 1874 1103 1905 quae
1117 1874 1184 1894 non
1199 1864 1364 1904 implicant

291 1911 576 1944 contradictionem
598 1920 684 1947 esse,
707 1910 789 1940 idest
811 1919 870 1950 pro
894 1908 1046 1939 omnibus
1068 1908 1263 1949 simpliciter.
1279 1925 1299 1930 —
1315 1908 1363 1948 Ly

291 1957 326 1988 in
343 1956 415 1987 Deo
431 1954 617 1995 intelligitur
638 1954 805 1986 obiective:
830 1953 875 1984 ita
892 1953 982 1994 quod
997 1953 1030 1983 in
1046 1953 1109 1983 hoc
1125 1952 1249 1984 obiecto
1273 1952 1363 1993 quod

292 2006 340 2032 est
361 2000 460 2036 Deus,
483 1998 611 2030 videant
634 1998 743 2029 omnia
765 1997 889 2028 inclusa
911 1997 945 2028 in
969 2007 1008 2028 eo
1032 1996 1288 2038 quomodolibet.

349 2044 388 2076 11.
412 2044 448 2075 In
471 2053 605 2083 corpore
621 2053 686 2074 una
709 2042 884 2078 conclusio,
904 2041 1087 2082 responsiva
1103 2041 1246 2082 quaesito
1270 2051 1363 2081 nega-

292 2089 371 2121 tive:
394 2088 511 2119 Nullus
527 2087 704 2118 intellectus
719 2093 840 2117 creatus
856 2086 962 2116 videre
981 2092 1086 2126 potest
1101 2085 1134 2116 in
1149 2085 1220 2116 Deo
1235 2085 1362 2120 omnia;

292 2133 348 2166 sed
362 2132 456 2173 plura
473 2131 524 2162 vel
545 2131 705 2172 pandora,
722 2130 809 2161 iuxta
824 2130 962 2160 modum
979 2129 1106 2160 videndi
1123 2130 1239 2160 Deum.
1255 2146 1273 2152 -
1288 2129 1364 2159 Pro-

293 2177 395 2209 batur.
421 2176 654 2216 Quaecumque
679 2174 826 2206 videntur
848 2174 882 2204 in
905 2174 993 2210 Deo,
1017 2173 1165 2204 videntur
1187 2173 1365 2204 secundum

292 2221 382 2263 quod
395 2227 470 2252 sunt
484 2220 518 2251 in
534 2219 623 2260 ipso:
647 2229 723 2259 ergo
739 2219 887 2249 videntur
906 2225 941 2249 ut
956 2217 1084 2249 effectus
1102 2217 1274 2248 virtualiter
1290 2227 1365 2248 con-

291 2265 370 2298 tenti
392 2265 426 2296 in
450 2273 562 2296 causa:
594 2273 670 2304 ergo
693 2264 785 2304 plura
808 2263 858 2293 vel
882 2262 1049 2303 pauciora,
1074 2262 1251 2292 secundum
1277 2262 1366 2302 quod

291 2309 462 2352 perfectius
473 2309 524 2340 vel
539 2308 646 2339 minus
662 2307 799 2348 perfecte
812 2307 937 2338 videtur
951 2307 1051 2338 Deus:
1072 2316 1146 2346 ergo
1163 2316 1230 2336 non
1246 2306 1364 2342 omnia,

292 2353 354 2387 nisi
371 2354 460 2386 Deus
475 2353 613 2385 totaliter
636 2351 933 2393 comprehendatur.
958 2351 1043 2391 Ergo
1058 2361 1077 2381 a
1090 2350 1181 2381 nullo
1205 2350 1366 2381 intellectu

293 2405 398 2430 creato
413 2397 512 2429 videri
533 2403 669 2439 possunt
683 2396 793 2427 omnia
806 2395 839 2426 in
855 2396 941 2432 Deo;
961 2395 1017 2426 sed
1030 2395 1123 2436 plura
1139 2395 1189 2426 vel
1204 2395 1365 2435 pauciora,

293 2443 380 2475 iuxta
398 2443 535 2474 modurn
557 2441 686 2472 videndi
708 2441 826 2481 ipsum.

346 2487 546 2519 Antecedens
573 2491 670 2526 patet.
702 2484 940 2526 Consequentia
962 2484 1066 2525 prima
1094 2484 1262 2525 probatur:
1292 2483 1367 2524 quia

293 2531 403 2563 omnia
434 2537 510 2561 sunt
531 2530 565 2561 in
588 2530 659 2561 Deo
683 2535 719 2560 ut
741 2529 775 2559 in
803 2538 898 2559 causa
927 2528 1186 2559 eminentissima.
1222 2528 1367 2559 Secunda

293 2585 370 2607 vero
385 2575 552 2616 probatur:
576 2573 653 2615 quia
675 2579 797 2614 quanto
813 2573 920 2614 aliqua
942 2582 1036 2604 causa
1051 2572 1220 2613 perfectius
1245 2582 1365 2612 cogno-

294 2619 401 2656 scitur,
425 2625 514 2650 tanto
533 2617 667 2659 plures'
659 2627 692 2648 111
708 2627 746 2648 ea
759 2616 888 2648 effectus
903 2616 1059 2648 videntur.
1084 2617 1126 2648 Et
1148 2616 1367 2647 manifestatur

294 2663 357 2706 hoc
380 2673 418 2694 ex
439 2662 613 2693 differentia
634 2661 857 2693 intellectuum
878 2660 1096 2692 humanorum
1119 2661 1200 2692 circa
1223 2660 1367 2701 proposi-

294 2715 366 2740 tum
389 2707 522 2748 aliquod
543 2705 738 2746 principium
767 2705 943 2736 multarum
973 2705 1230 2736 conclusionum.
1259 2705 1367 2735 Tertia

296 2761 334 2783 ex
348 2751 488 2783 secunda
503 2750 664 2782 evidenter
675 2749 828 2790 sequitur.
849 2750 970 2788 Quarta
984 2756 1092 2781 autem
1108 2747 1273 2790 probatur:
1292 2749 1367 2790 quia

295 2796 404 2828 nullus
426 2795 604 2826 intellectus
627 2800 749 2825 creatus
772 2800 876 2834 potest
899 2794 1006 2825 Deum
1030 2793 1309 2834 comprehendere.

352 2840 406 2872 111.
430 2839 523 2871 Circa
545 2838 683 2880 primam
711 2838 987 2879 consequentiam,
1012 2838 1147 2869 dubium
1170 2837 1306 2868 occurrit
1330 2846 1367 2867 ex

296 2885 394 2920 Scoto
407 2884 426 2904 *
448 2891 480 2916 et
497 2883 606 2914 ceteris
629 2882 824 2923 ponentibus
841 2882 875 2913 in
890 2882 961 2914 Deo
985 2892 1052 2913 esse
1068 2892 1117 2913 res
1135 2888 1172 2913 ut
1185 2882 1220 2912 in
1236 2881 1366 2921 speculo

295 2928 487 2966 voluntaria
511 2927 746 2968 Formaturque
761 2926 841 2958 ratio
857 2933 967 2958 contra
984 2927 1121 2957 litteram
1139 2926 1194 2957 sic.
1214 2926 1276 2957 Res
1293 2932 1367 2956 sunt

296 2974 331 3005 in
353 2973 424 3004 Deo
447 2981 514 3003 non
537 2972 645 3003 solum
669 2978 705 3002 ut
726 2971 758 3001 in
783 2980 887 3008 causa,
911 2971 967 3002 sed
986 2978 1022 3002 ut
1041 2971 1075 3001 in
1098 2970 1229 3011 speculo
1252 2970 1365 3000 volun-

296 3017 395 3049 tario:
421 3026 495 3058 ergo
514 3015 678 3056 sophisma
697 3014 931 3056 consequentis
947 3015 1166 3051 committitur,
1191 3014 1365 3050 inferendo,

297 3070 378 3102 ergo
399 3070 452 3092 res
479 3061 512 3091 in
533 3061 604 3091 Deo
627 3060 778 3091 videntur
796 3060 947 3099 praecise
972 3065 1007 3091 ut
1033 3061 1066 3090 in
1091 3068 1201 3090 causa.
1231 3058 1368 3090 Constat

298 3105 385 3138 enim
414 3104 505 3146 quod
525 3104 560 3145 ly
575 3105 727 3145 praecise
756 3103 1000 3144 subintelligitur
1021 3103 1055 3134 in
1078 3103 1198 3135 littera:
1222 3103 1367 3144 alioquin

298 3158 365 3180 non
386 3148 514 3180 inferret
533 3148 701 3184 intentum,
722 3154 759 3179 ut
776 3154 871 3187 patet.
888 3165 909 3170 -
923 3148 1122 3179 Antecedens
1140 3148 1302 3188 probatur.
1327 3147 1367 3178 Et

298 3193 483 3225 auctoritate
505 3193 686 3233 Augustini,
710 3192 744 3222 in
767 3192 847 3223 libro
871 3191 911 3223 de
939 3192 1078 3223 Videndo
1099 3192 1206 3223 Deum
1221 3191 1254 3221 *ε
1279 3192 1366 3222 Deus

298 3245 345 3270 est
363 3237 531 3278 speculum
547 3236 775 3273 voluntarium,
791 3242 823 3267 et
836 3237 865 3267 si
881 3236 949 3267 vult
962 3236 1098 3275 videtur,
1116 3241 1146 3267 et
1160 3237 1190 3267 si
1205 3245 1268 3266 non
1286 3236 1364 3273 vult,

299 3293 363 3314 non
380 3281 515 3314 videtur.
539 3281 581 3312 Et
595 3281 732 3312 ratione:
759 3280 835 3322 quia
849 3280 938 3311 Deus
953 3286 1164 3321 repraesentat
1182 3279 1291 3310 omnia
1307 3280 1367 3310 dis-

298 3327 408 3362 tincte,
432 3331 469 3356 ut
491 3325 674 3365 speculum,
698 3331 730 3356 et
751 3335 819 3356 non
841 3324 1020 3355 indistincte
1042 3331 1177 3360 tantum,
1201 3330 1238 3355 ut
1261 3334 1365 3355 causa.

299 3372 340 3403 Et
360 3376 537 3412 propterea,
562 3378 637 3400 cum
658 3375 745 3400 totus
767 3369 887 3400 litterae
910 3378 1075 3409 processus
1098 3368 1249 3399 fundetur
1272 3378 1366 3409 super

299 3416 371 3452 hoc,
395 3413 485 3455 quod
499 3413 587 3444 Deus
605 3420 815 3453 repraesentet
837 3423 903 3444 non
927 3413 987 3444 nisi
1010 3419 1047 3444 ut
1070 3423 1163 3444 causa
1178 3412 1364 3448 indistincte,

299 3469 390 3491 ruere
411 3458 546 3488 videtur.

357 3504 410 3534 1V.
425 3502 476 3533 Ad
491 3500 682 3532 evidentiam
695 3500 801 3538 huius,
817 3502 906 3538 scito,
924 3512 961 3533 ex
975 3502 1039 3539 Qu.
1055 3501 1095 3532 de
1116 3501 1223 3539 Verit„
1240 3511 1295 3542 qu.
1312 3511 1364 3537 x11,

302 3555 356 3579 art.
373 3548 403 3584 6,
421 3546 510 3588 quod
529 3555 576 3576 res
593 3550 667 3575 sunt
688 3544 720 3575 in
744 3545 814 3576 Deo
833 3546 961 3587 proprie
979 3552 1016 3577 ut
1030 3545 1064 3576 in
1081 3555 1183 3582 causa,
1199 3545 1365 3586 metapho-

444 3608 554 3632 Summr.
573 3606 674 3631 Timor..
693 3605 725 3631 D.
737 3605 852 3631 Tamna
871 3606 904 3632 Τ.
922 3607 940 3631 Ι.

1417 1775 1479 1806 rice
1507 1783 1615 1807 autem
1638 1783 1674 1807 ut
1696 1776 1729 1806 in
1753 1777 1894 1817 speculo.
1927 1777 2014 1808 Deus
2038 1777 2123 1807 enim
2147 1784 2194 1808 est
2215 1788 2286 1808 vere
2310 1785 2341 1809 et
2362 1779 2488 1819 proprie

1419 1829 1525 1851 causa:
1547 1830 1613 1851 non
1625 1830 1697 1851 vere
1713 1827 1744 1852 et
1760 1820 1887 1862 proprie
1902 1821 2079 1861 speculum,
2096 1822 2151 1852 sed
2163 1822 2388 1862 metaphorice.
2405 1823 2487 1853 Dici-

1418 1871 1471 1895 tur
1484 1864 1571 1895 enim
1587 1865 1763 1904 speculum,
1783 1865 1860 1906 quia
1879 1865 2023 1896 distincte
2042 1873 2268 1905 repraesentat:
2289 1867 2344 1896 sed
2359 1877 2425 1897 non
2443 1873 2490 1898 est

1419 1908 1546 1948 proprie
1571 1909 1746 1948 speculum,
1771 1909 1846 1950 quia
1869 1919 1935 1940 non
1959 1916 2171 1950 repraesentat
2190 1910 2344 1950 impressa
2359 1911 2397 1941 ab
2412 1911 2486 1947 alio,

1418 1959 1455 1983 ut
1478 1953 1598 1993 speculi
1621 1952 1700 1983 ratio
1724 1953 1835 1984 habet:
1861 1959 1991 1994 propter
2013 1963 2112 1994 quam
2131 1954 2357 1991 conditionem,
2381 1955 2486 1986 Verbo

1419 1996 1478 2027 Dei
1502 2007 1520 2026 a
1541 1997 1632 2028 Patre
1654 1997 1838 2037 procedenti
1861 1998 2029 2038 speculum
2052 1998 2283 2039 appropriatur,
2307 1999 2383 2040 Sap.
2400 2009 2443 2029 vn
2457 1998 2485 2035 '¹‘,

1420 2041 1543 2072 candor
1566 2046 1613 2072 est
1636 2042 1720 2072 enim
1746 2042 1827 2073 lucis
1845 2047 2008 2079 aeternae,
2034 2047 2064 2072 et
2081 2043 2246 2083 speculum
2263 2044 2333 2074 sine
2347 2044 2486 2081 macula,

1420 2092 1531 2125 utpote
1554 2085 1654 2116 Patn's
1678 2095 1822 2126 expressa
1837 2086 1954 2126 imago.
1979 2085 2114 2117 Constat
2128 2093 2236 2117 autem
2252 2097 2289 2117 ex
2304 2087 2523 2129 Dionysio*

1420 2136 1451 2159 et
1466 2129 1648 2169 Augustino
1663 2128 1691 2166 ἢ
1716 2130 1912 2170 theologiam
1929 2130 2138 2171 symbolicam
2154 2140 2221 2161 non
2237 2140 2303 2162 esse
2323 2141 2488 2172 argumen-

1420 2173 1559 2204 tativam.
1591 2173 1678 2204 Nihil
1707 2174 1803 2214 igitur
1833 2184 1870 2204 ex
1893 2174 1955 2205 hoc
1978 2174 2196 2215 metaphorico
2227 2175 2358 2206 nomine
2383 2175 2489 2206 efficax

1419 2217 1527 2247 inferri
1551 2224 1666 2257 potest.

1477 2261 1516 2292 V.
1541 2262 1592 2292 Ad
1615 2261 1835 2293 auctoritatem
1858 2272 1932 2302 ergo
1957 2262 2160 2302 Augustini*
2184 2262 2306 2300 dicitur,
2331 2265 2420 2305 quod
2444 2271 2489 2295 est

1420 2305 1542 2336 locutio
1566 2306 1792 2346 metaphorica,
1817 2314 1946 2347 propter
1968 2306 2056 2337 illam
2079 2307 2310 2345 conditionem,
2335 2308 2410 2349 quia
2433 2309 2490 2339 sci-

1421 2350 1493 2381 licet
1516 2350 1660 2381 distincte
1684 2358 1903 2391 repraesentat.
1934 2351 2156 2382 Voluntarium
2180 2359 2288 2383 autem
2311 2353 2425 2384 dicitur
2443 2363 2491 2383 ra-

1421 2394 1509 2425 tione
1531 2394 1727 2426 voluntariae
1751 2395 1928 2426 collationis
1950 2395 2080 2426 luminis
2095 2396 2223 2436 gloriae,
2244 2403 2274 2427 et
2297 2397 2373 2428 tanti
2396 2397 2491 2428 lumi—

1422 2438 1480 2470 nis.
1498 2439 1539 2469 Et
1554 2439 1617 2469 hoc
1633 2447 1776 2479 respectu
1789 2439 1920 2470 visionis
1935 2440 2053 2470 beatae.
2072 2440 2229 2480 Respectu
2241 2451 2317 2471 vero
2334 2447 2491 2472 novarum

1421 2483 1662 2519 revelationum,
1689 2483 1776 2514 Deus
1796 2494 1861 2514 non
1882 2484 2039 2515 concurrit
2062 2484 2224 2520 obiective,
2242 2486 2297 2515 sed
2317 2485 2489 2516 causaliter.

1422 2527 1462 2558 Et
1485 2534 1652 2567 propterea
1675 2528 1809 2558 omnino
1834 2535 1879 2558 est
1902 2528 2128 2564 voluntarium,
2154 2535 2185 2559 et
2208 2529 2299 2569 quasi
2323 2530 2490 2570 speculum

1422 2571 1610 2611 exemplare.

1477 2616 1532 2646 VI.
1544 2615 1595 2646 Ad
1611 2615 1766 2646 rationem
1782 2622 1889 2646 autem
1905 2615 1937 2646 in
1954 2616 2141 2656 oppositum
2150 2616 2168 2635 *
2182 2617 2304 2653 dicitur,
2317 2619 2407 2658 quod
2419 2628 2490 2649 vere

1421 2666 1530 2700 peccat
1545 2660 1722 2690 secundum
1742 2658 1896 2690 fallaciam
1913 2659 2156 2701 Consequenfis,
2169 2671 2204 2692 ac
2219 2661 2245 2691 si
2261 2670 2490 2702 repraesentare

1422 2703 1566 2734 distincte
1581 2713 1649 2734 uno
1668 2703 1769 2733 modo
1793 2704 1964 2744 contingat,
1981 2704 2098 2735 scilicet
2112 2705 2193 2736 sicut
2211 2706 2245 2736 in
2260 2707 2401 2746 speculo.
2427 2707 2489 2738 Ubi

1422 2747 1500 2779 scito
1523 2748 1613 2788 quod
1630 2754 1861 2788 repraesentare
1881 2748 2025 2779 distincte
2045 2749 2210 2790 dupliciter
2226 2750 2390 2790 contingit.
2414 2751 2488 2782 Uno

1421 2792 1532 2828 modo,
1557 2792 1647 2833 quod
1670 2791 1829 2823 distinctio
1852 2802 1885 2823 se
1909 2799 2013 2824 teneat
2029 2799 2179 2834 exparte
2194 2797 2484 2835 repraesentantis,
2481 2805 2487 2812 ·

1421 2842 1458 2867 ut
1481 2843 1610 2877 apparet
1632 2836 1666 2866 in
1689 2836 1830 2876 speculo,
1854 2836 1887 2867 in
1903 2847 1970 2877 quo
1986 2838 2145 2878 quaelibet
2167 2838 2286 2878 species
2309 2849 2487 2879 repraesen-

1421 2887 1490 2911 tans
1509 2880 1639 2921 aliquid,
1654 2887 1796 2911 remanet
1814 2880 1959 2912 distincta
1973 2891 1992 2911 a
2008 2881 2112 2922 specie
2133 2889 2383 2922 repraesentante
2402 2884 2488 2914 aliud

1421 2925 1454 2955 in
1471 2924 1585 2955 eodem
1601 2924 1741 2964 speculo.
1765 2924 1840 2955 Alio
1863 2925 1973 2962 modo,
1997 2925 2040 2956 ita
2056 2926 2144 2967 quod
2161 2926 2318 2957 distinctio
2335 2937 2367 2957 se
2383 2934 2488 2958 teneat

1422 2979 1463 3000 ex
1479 2974 1578 3009 parte
1600 2974 1938 3009 repraesentatorum;
1962 2976 1998 3000 ut
2017 2970 2042 3000 si
2062 2970 2219 3001 dicamus:
2245 2971 2349 3001 anima
2364 2971 2487 3002 intelle-

1422 3013 1503 3044 ctiva
1516 3019 1728 3053 repraesentat
1745 3013 1888 3044 distincte
1907 3013 2045 3044 formam
2063 3015 2287 3054 corporeitatis,
2305 3021 2335 3045 et
2349 3015 2487 3046 formam

1422 3057 1519 3093 mixti,
1537 3063 1567 3088 et
1585 3057 1725 3087 animam
1747 3058 1964 3098 vegetativam,
1981 3065 2012 3089 et
2027 3058 2166 3089 animam
2185 3059 2374 3090 sensitivam.
2399 3060 2487 3090 Haec

1422 3102 1507 3132 enirn
1530 3111 1595 3132 non
1619 3101 1736 3132 habent
1764 3101 1798 3132 in
1821 3109 1932 3133 natura
1954 3102 2159 3133 intellectivae
2188 3103 2311 3133 animae
2342 3103 2487 3134 distincta

1421 3146 1627 3177 fundamenta
1650 3145 1896 3177 similitudinum
1918 3146 2044 3177 illarum
2067 3147 2107 3177 ad
2123 3156 2208 3177 eam:
2234 3147 2288 3177 sed
2311 3157 2367 3187 per
2382 3157 2486 3178 unum

1422 3197 1452 3221 et
1467 3190 1553 3220 idem
1576 3195 1687 3220 natura
1710 3189 1834 3220 animae
1856 3190 2063 3222 intellectivae
2086 3191 2235 3222 omnibus
2258 3192 2428 3231 respondet
2451 3198 2487 3222 ut

1421 3234 1546 3271 similis,
1575 3244 1641 3264 non
1665 3233 1771 3264 minus
1794 3244 1893 3275 quam
1916 3235 1941 3265 si
1965 3234 2164 3275 singulorum
2187 3235 2354 3275 proprium
2377 3235 2485 3266 simili-

1421 3278 1539 3309 tudinis
1562 3277 1808 3309 fundamentum
1830 3278 1976 3309 haberet:
2005 3279 2048 3310 ita
2071 3279 2156 3309 enim
2179 3286 2388 3319 repraesentat
2410 3290 2485 3320 pro-

1420 3323 1502 3364 prias
1519 3322 1715 3353 conditiones
1731 3322 1895 3363 cuiusque,
1910 3333 1946 3354 ac
1962 3323 1987 3353 si
2003 3323 2202 3363 singulorum
2217 3323 2391 3364 adaequata
2407 3331 2487 3355 esset

1421 3367 1548 3407 species.
1566 3366 1607 3397 Et
1620 3366 1701 3397 ratio
1717 3374 1772 3403 est,
1785 3367 1860 3407 quia
1873 3367 2018 3398 excedere
2033 3377 2100 3397 non
2111 3367 2244 3408 impedit
2258 3367 2485 3408 perfectionem

1419 3410 1685 3452 repraesentandi:
1710 3410 1788 3441 nihil
1803 3411 1889 3441 enim
1905 3411 2010 3450 minus
2027 3411 2145 3451 species
2160 3411 2222 3442 albi
2243 3418 2486 3452 repraesentaret

1419 3456 1535 3496 ipsum,
1556 3455 1581 3485 si
1605 3465 1680 3485 cum
1702 3454 1764 3486 hoc
1787 3465 1843 3495 per
1865 3455 1950 3486 idem
1973 3463 2215 3495 repraesentaret
2234 3455 2328 3486 etiam
2346 3456 2483 3496 nigrum.

1474 3500 1584 3530 Peccat
1606 3509 1680 3538 ergo
1704 3499 1784 3530 ratio
1808 3499 1981 3539 dupliciter.
2006 3499 2123 3535 Primo,
2143 3500 2218 3540 quia
2241 3509 2278 3530 ex
2301 3510 2394 3530 sensu
2418 3510 2484 3530 me-

1420 3543 1584 3584 taphorico
1612 3543 1722 3583 arguit.
1754 3543 1917 3579 Secundo,
1950 3543 2024 3584 quia
2047 3544 2200 3584 supponit
2229 3545 2318 3584 quod
2342 3544 2484 3575 distincte

2311 3613 2339 3637 17

2513 287 2562 308 'In
2578 293 2684 316 corpore.

2512 704 2520 713 ·
2535 703 2564 724 D.
2574 709 2623 731 277.

2512 1184 2522 1194 '
2538 1183 2595 1211 Cap.
2610 1190 2640 1205 iv.

2514 2004 2523 2012 ·
2539 2002 2608 2025 Vers.
2616 2002 2652 2024 26.

2540 2086 2614 2117 Epist.
2621 2092 2656 2113 rx,
2678 2086 2730 2107 Tito

2514 2111 2537 2149 Ἐ
2549 2118 2593 2160 11ξέ
2594 2138 2672 2166 Epist
2674 2144 2731 2160 xcm

2515 2166 2552 2191 (al.
2566 2166 2644 2192 xrvnr)
2655 2181 2661 2192 ,
2677 2171 2730 2192 cap.

2517 2198 2566 2213 vin.

2517 2270 2526 2278 ‘
2542 2267 2578 2290 Cf.
2594 2273 2658 2289 num.
2672 2272 2703 2288 111.

2517 2623 2526 2632 ·
2542 2621 2577 2643 Cf.
2592 2621 2687 2644 ibidem.
