2768 4178
91 492 100 501 ·
115 491 151 512 De
162 490 273 521 Generat.
281 492 305 511 et

91 517 185 581 giss?
187 519 214 565 ²131
224 517 264 571 ’ξ’
271 517 303 573 a,

90 569 304 624 tsszfffi'tssssg‘P32·

91 625 160 651 sqq.).

189 704 204 727 ⁷l

92 2185 101 2195 ·
118 2184 154 2206 Cf.
169 2189 234 2205 num.
249 2189 281 2205 vr.

329 247 406 293 458

330 326 579 362 mutationem
607 325 689 362 fieri
718 325 732 351 ζ
759 325 796 362 in
826 325 1049 374 corporibus
1078 325 1290 362 secundum
1323 325 1397 362 for-

331 391 413 415 mas
443 378 670 415 essentiales.
702 379 876 424 Quarum
905 378 1264 415 transmutationum
1286 390 1396 426 quas-

331 432 420 469 dam
446 444 578 468 causas
597 431 888 468 universaliores
907 432 1114 480 ponebant,
1135 438 1177 466 ut
1197 430 1396 480 obliquum

331 484 524 532 circulum,
555 484 766 521 secundum
792 484 1032 522 Aristotelem
1052 483 1082 531 ²⁸,
1111 484 1174 520 vel
1193 483 1310 531 ideas,
1340 496 1396 521 se-

331 538 499 574 cundum
529 538 728 574 Platonem
748 537 778 574 ²¹².

385 590 461 627 Sed
491 590 812 627 considerandum
834 598 889 626 est
917 590 1022 638 quod
1050 589 1208 626 materia
1235 601 1305 638 per
1323 589 1396 626 for-

331 656 437 680 mam
467 644 698 680 contrahitur
717 643 765 680 ad
786 642 1076 680 determinatam
1097 642 1281 690 speciem3
1303 642 1399 679 sicut

332 697 539 733 substantia
567 696 723 733 alicuius
753 696 891 745 speciei
909 708 979 744 per
999 695 1175 732 accidens
1196 695 1230 732 ei
1248 701 1262 718 ⁷¹
1283 695 1398 732 adve-

331 750 437 787 niens
472 749 704 786 contrahitur
736 751 784 786 ad
818 748 1110 786 determinatum
1144 748 1308 785 modurn
1342 761 1398 785 es-

331 802 458 850 sendi,
488 810 529 839 ut
556 804 668 839 homo
702 802 933 839 contrahitur
964 814 1033 850 per
1064 801 1204 838 album.
1239 801 1397 850 Utrique

330 856 440 904 igitur
474 856 811 893 consideraverunt
844 868 910 892 ens
942 854 1156 904 particulari
1183 852 1196 875 ⁰
1228 855 1397 903 quadam

332 908 654 955 consideratione,
683 909 745 945 vel
774 909 1000 956 inquantum
1031 915 1086 944 est
1119 909 1190 944 hoc
1222 920 1306 953 ens,
1335 909 1398 945 vel

331 962 556 1010 inquantum
577 969 631 998 est
650 962 722 998 tale
741 973 816 998 ens.
838 962 886 998 Et
907 961 959 998 sic
978 962 1091 998 rebus
1107 968 1114 981 ‘
1132 973 1265 997 causas
1285 973 1398 1009 agen-

331 1023 387 1051 tes
415 1015 656 1063 particulares
685 1014 982 1062 assignaverunt.

385 1069 434 1104 Et
461 1068 614 1104 ulterius
643 1067 757 1116 aliqui
787 1075 984 1104 erexerunt
1011 1079 1051 1104 se
1080 1067 1129 1104 ad
1159 1066 1400 1104 consideran-

333 1121 425 1158 dum
455 1133 521 1158 ens
549 1121 775 1170 inquantum
806 1129 860 1157 est
885 1133 966 1157 ens:
998 1128 1033 1157 et
1062 1120 1400 1163 consideraverunt

332 1186 487 1211 causam
507 1187 635 1211 rerum
655 1180 682 1219 κ,
713 1186 791 1210 πιοπι
811 1174 935 1211 solum
956 1173 1168 1210 secundum
1189 1174 1294 1222 quod
1313 1181 1400 1210 sunt

330 1229 424 1264 haec
451 1228 513 1264 vel
542 1227 652 1273 talia,
687 1227 756 1264 sed
784 1227 997 1264 secundum
1033 1226 1140 1275 quod
1173 1234 1259 1264 sunt
1286 1227 1397 1264 entia.

332 1281 417 1317 Hoc
446 1281 555 1329 igitur
582 1280 688 1329 quod
709 1288 764 1317 est
783 1293 897 1317 causa
920 1292 1047 1317 rerum
1066 1280 1293 1329 inquantum
1313 1288 1400 1317 sunt

332 1334 450 1382 entia,
486 1341 636 1383 oportet
669 1346 750 1370 esse
785 1346 939 1371 causam
978 1346 1127 1381 rerum,
1162 1346 1240 1371 non
1273 1334 1398 1370 solum

331 1388 542 1424 secundum
557 1387 663 1436 quod
679 1394 765 1424 sunt
784 1387 874 1424 talia
888 1399 958 1436 per
977 1387 1120 1424 formas
1135 1387 1396 1435 accidentales,

330 1452 401 1476 nec
429 1440 641 1477 secundum
670 1440 775 1489 quod
805 1448 891 1477 sunt
918 1441 1012 1477 haec
1038 1453 1108 1489 per
1135 1441 1278 1477 formas
1311 1441 1399 1477 sub-

330 1493 529 1540 stantiales,
560 1494 628 1531 sed
657 1493 771 1530 etiam
801 1493 1013 1530 secundum
1041 1505 1157 1531 omne
1182 1493 1272 1530 illud
1293 1493 1399 1542 quod

329 1546 490 1595 pertinet
522 1547 570 1584 ad
600 1559 681 1584 esse
719 1547 870 1584 illorum
905 1559 1149 1596 quocumque
1183 1547 1315 1584 modo.
1349 1548 1398 1584 Et

382 1679 407 1712 ζ)
421 1680 492 1714 fieri.
510 1694 529 1699 -
547 1680 608 1705 Om.
628 1680 730 1705 codices
750 1684 775 1704 et
793 1680 844 1705 ab.

382 1717 408 1747 η)
428 1716 461 1740 ei.
479 1730 498 1734 -
517 1716 577 1741 Om.
597 1715 651 1740 FG.

326 1749 589 1818 Ρανῗέεἴῇᾞειαανί.
600 1750 795 1783 -particulare
809 1751 976 1784 ABDEFpC3
996 1752 1017 1776 B
1032 1756 1092 1784 post
1104 1750 1318 1776 consideratione
1331 1751 1402 1775 addit

1015 246 1282 293 QUAESTIO
1312 247 1450 294 XLIV,
1479 246 1777 283 ARTICULUS
1808 248 1839 283 11

1452 325 1504 362 sic
1525 332 1674 374 oportet
1697 338 1842 373 ponere
1863 325 1976 362 etiam
2006 325 2205 362 materiam
2224 325 2389 374 primam
2419 338 2521 364 crea-

1452 386 1529 415 tam
1560 379 1607 414 ab
1636 378 1840 415 universali
1870 391 1984 415 causa
2013 378 2167 415 entium.

1505 433 1563 467 AD
1592 443 1729 468 PR1MUM
1758 442 1854 468 ERGO
1878 443 2063 468 mCENDUM
2083 431 2189 480 quod
2208 431 2464 480 Philosophus
2483 431 2522 468 in

1453 485 1466 520 1
1495 485 1643 532 Physic.
1675 484 1841 533 loquitur
1874 485 1920 522 de
1951 484 2033 521 fieri
2065 484 2298 533 particulari,
2329 484 2435 532 quod
2468 491 2523 521 est

1453 537 1500 574 de
1529 537 1653 574 forma
1668 537 1707 574 in
1726 538 1903 585 formam,
1934 538 2014 575 sive
2034 537 2310 574 accidentalem
2334 537 2415 574 sive
2435 537 2523 574 sub-

1452 590 1685 641 stantialem:
1715 603 1817 627 nunc
1849 598 1979 628 autern
2012 591 2207 639 loquimur
2239 590 2287 627 de
2320 590 2433 627 rebus
2466 602 2523 626 se-

1453 643 1622 680 cundum
1652 643 1935 681 emanationem
1965 656 2097 681 earum
2127 644 2175 680 ab
2194 643 2398 680 universali
2422 643 2522 692 prin-

1453 695 1551 744 cipio
1587 696 1749 733 essendi.
1788 699 1823 733 A
1861 710 1937 745 qua
1975 697 2131 746 quidem
2171 695 2412 733 emanatione
2450 708 2522 733 nec

1452 748 1611 785 materia
1640 749 1858 798 excluditur,
1888 750 1974 787 licet
2002 763 2024 787 a
2049 750 2175 799 primo
2202 749 2322 786 modo
2351 748 2523 786 factionis

1453 802 1684 838 excludatur.

1506 856 1564 891 Ab
1594 866 1783 891 SECUNDUM
1812 866 1996 892 D1CENDUM
2017 857 2122 904 quod
2141 855 2268 904 passio
2290 863 2345 892 est
2364 855 2522 892 effectus

1453 907 1623 944 aetionis.
1653 907 1765 944 Unde
1784 906 1796 928 λ
1825 914 1861 943 et
1889 908 2109 945 rationabile
2138 916 2194 945 est
2221 908 2327 958 quod
2355 908 2522 958 primum

1452 960 1682 1009 principium
1715 960 1912 1009 passivum
1946 961 1992 997 sit
2020 961 2177 998 effectus
2209 961 2322 1010 primi
2347 961 2522 1011 principii

1454 1014 1583 1050 actiV1:
1613 1025 1703 1050 narn
1736 1026 1851 1050 omne
1886 1014 2151 1063 imperfectum
2185 1021 2360 1051 causatur
2387 1027 2410 1052 a
2436 1027 2523 1063 per·
2574 1010 2577 1013 ⁷

1454 1067 1563 1104 fecto.
1596 1067 1759 1115 Oportet
1778 1067 1880 1104 enirn
1901 1067 2068 1116 primum
2086 1066 2316 1116 principium
2337 1079 2420 1104 esse
2439 1080 2523 1116 per-

1454 1119 1722 1167 fectissimum,
1755 1128 1798 1157 ut
1830 1120 1919 1157 dicit
1950 1120 2190 1168 Aristoteles,
2224 1120 2263 1157 in
2295 1120 2365 1157 XII
2398 1121 2524 1157 Meta-

1447 1174 1560 1222 phys.
1582 1173 1613 1210 ²¹².

1507 1229 1566 1264 AD
1586 1238 1746 1264 TERTmM
1770 1238 1955 1264 Dicssunun
1979 1226 2086 1275 quod
2105 1226 2199 1263 ratio
2219 1225 2282 1263 illa
2300 1238 2380 1263 non
2399 1233 2525 1263 osten-

1455 1279 1507 1317 dit
1527 1280 1632 1329 quod
1651 1287 1671 1308 f*
1689 1280 1848 1317 materia
1876 1292 1955 1317 non
1984 1279 2030 1316 sit
2058 1287 2194 1327 creata,
2224 1279 2292 1317 sed
2320 1279 2427 1328 quod
2446 1291 2526 1316 non

1454 1333 1500 1370 sit
1528 1340 1652 1370 creata
1681 1332 1762 1370 sine
1791 1333 1926 1370 forma.
1957 1332 2064 1370 Licet
2089 1332 2191 1370 enim
2218 1345 2335 1370 omne
2356 1339 2525 1370 creatum

1453 1387 1499 1423 sit
1531 1386 1570 1423 in
1603 1394 1710 1434 actu,
1745 1399 1825 1423 non
1857 1395 1987 1424 tamen
2021 1394 2076 1423 est
2108 1394 2214 1423 actus
2247 1386 2391 1434 purus.'
2413 1385 2525 1423 Unde

1454 1447 1603 1490 oportet
1632 1439 1737 1489 quod
1766 1439 1880 1477 etiam
1908 1439 1999 1476 illud
2028 1439 2132 1489 quod
2153 1452 2193 1476 se
2212 1440 2328 1476 habet
2356 1451 2401 1475 ex
2419 1446 2526 1488 parte

1452 1493 1666 1542 potentiae,
1706 1493 1752 1530 sit
1790 1501 1980 1540 creatum,
2016 1493 2046 1529 si
2074 1500 2196 1529 totum
2231 1492 2337 1541 quod
2365 1491 2414 1529 ad
2442 1503 2526 1529 esse

1453 1546 1569 1596 ipsius
1597 1546 1770 1596 pertinet,
1802 1554 1972 1584 creatum
2002 1554 2068 1583 est.

1507 1681 1524 1712 ι)
1538 1679 1624 1705 rebus.
1643 1694 1662 1698 -
1680 1680 1741 1705 Om.
1761 1679 1879 1712 CDEpA.

1504 1715 1529 1748 κ)
1544 1722 1643 1740 rerum.
1661 1729 1680 1734 -
1699 1722 1790 1740 eorum
1810 1715 1910 1745 ACDE,
1929 1722 2021 1740 earum
2041 1715 2070 1739 Β.

1503 1749 1532 1783 λ)
1550 1751 1632 1775 Unde.
1650 1764 1670 1770 -
1687 1750 1748 1776 Om.
1767 1751 1814 1775 Fa.
1829 1765 1847 1769 -
1865 1753 1892 1775 et
1910 1758 1963 1774 orn.
1982 1749 2014 1775 D.
2476 1750 2480 1754 ”

1507 1786 1535 1820 μ.)
1547 1793 1598 1811 non
1609 1786 1726 1811 ostendit
1735 1786 1962 1819 quota—ostendit
1972 1793 2024 1810 non
2035 1785 2106 1818 quod
2115 1784 2264 1815 ABCDEG,
2271 1784 2389 1810 ostendit
2397 1783 2469 1817 quod
2478 1783 2526 1817 pF.

1010 1874 1344 1908 Commentaria
1366 1874 1619 1907 Garamans
1640 1874 1842 1907 Caietam

359 1974 379 1994 N
406 1964 514 2000 titulo,
540 1969 681 1995 creatum
706 1974 773 1994 non
797 1963 948 2004 accipitur
971 1964 1114 2004 proprie,
1139 1970 1174 1994 ut
1198 1963 1400 2003 distinguitur

333 1976 469 2039 Icontra
492 2014 715 2039 concreatum:
739 2009 794 2038 sed
810 2015 845 2039 ut
865 2008 1068 2048 distinguitur
1084 2015 1194 2038 contra
1208 2009 1398 2045 increatum,

330 2053 446 2083 scilicet
468 2052 666 2083 incausatum
691 2052 838 2083 effective.

386 2098 421 2127 ln
438 2107 570 2137 corpore
585 2097 650 2127 duo
666 2096 752 2128 facit:
773 2097 887 2136 primo,
904 2097 996 2137 ponit
1012 2103 1072 2127 tres
1089 2096 1215 2128 ordines
1232 2106 1399 2127 causarum

331 2140 543 2178 efficientium,
559 2141 713 2182 paulatim
730 2152 747 2171 a
761 2140 962 2182 philosophis
986 2141 1146 2177 inventos;
1171 2141 1323 2178 secundo,
1341 2140 1399 2171 ibi:

330 2186 404 2217 Hoc
427 2187 537 2227 igitur,
563 2186 733 2226 respondet
756 2185 899 2226 quaesito
914 2185 940 2216 *.

392 2230 428 2260 11.
454 2230 571 2266 Quoad
587 2230 739 2269 primum,
756 2236 894 2270 quatuor
913 2229 996 2260 dicit.
1021 2230 1141 2267 Primo,
1159 2229 1300 2270 primurn
1317 2230 1400 2260 ordi-

332 2284 406 2305 nem
430 2283 606 2310 causarum,
622 2273 924 2304 transmutationum
941 2273 1190 2304 accidentalium.
1206 2291 1225 2296 -
1240 2274 1399 2312 Secundo,

333 2318 508 2349 secundum
524 2318 669 2348 ordinem
692 2328 868 2354 causarum,
886 2317 1189 2348 transmutationum
1213 2318 1400 2349 substantia-

331 2363 421 2393 lium.
439 2379 457 2385 -
478 2362 594 2400 Tertio,
620 2362 679 2392 ibi:
705 2362 768 2393 Sed
783 2362 1051 2393 considerandum
1072 2367 1129 2399 est,
1147 2362 1401 2393 convenientiam

332 2407 412 2438 inter
435 2406 494 2437 hos
518 2406 643 2437 ordines
666 2406 747 2437 inter
770 2416 811 2437 se.
837 2407 879 2437 Et
902 2406 1044 2437 consistit
1059 2406 1091 2436 in
1107 2406 1179 2443 hoc,
1200 2407 1289 2447 quod
1313 2414 1400 2438 utro-

333 2451 427 2492 bique
451 2450 635 2491 philosophi
652 2460 760 2481 causas
775 2457 902 2491 agentes
925 2450 1129 2492 particulares
1152 2451 1246 2481 rebus
1265 2450 1401 2491 assigna-

332 2501 454 2526 verunt.
480 2495 578 2532 Quod
601 2495 768 2535 probatur:
801 2495 876 2536 quia
900 2501 1037 2535 utroque
1061 2495 1160 2525 modo
1185 2495 1402 2526 considerave-

332 2546 407 2571 runt
437 2548 491 2569 ens
514 2539 699 2579 particulare
729 2538 969 2580 particulariter,
1000 2539 1117 2570 scilicet
1139 2539 1332 2580 inquantum
1355 2546 1402 2570 est

334 2585 398 2615 tale
421 2593 488 2621 ens,
512 2583 561 2614 vel
584 2584 776 2624 inquantum
792 2590 838 2614 est
852 2583 911 2614 hoc
927 2593 992 2614 ens.
1019 2583 1118 2621 Quod
1134 2583 1301 2624 probatur:
1327 2583 1402 2625 quia

334 2628 414 2659 sicut
438 2627 615 2659 subiectum
646 2638 701 2668 per
729 2627 867 2658 formam
895 2627 1119 2658 accidentalem
1144 2627 1340 2659 contrahitur
1362 2628 1402 2659 ad

335 2672 577 2703 determinatum
600 2672 736 2703 modum
759 2672 892 2708 essendi,
916 2672 959 2703 ita
983 2672 1112 2703 materia
1135 2672 1237 2713 prima
1259 2682 1316 2712 per
1339 2672 1401 2703 for-

335 2727 423 2747 mam
446 2716 683 2747 substantialem
710 2717 750 2747 ad
781 2716 1021 2747 determinatam
1048 2716 1197 2756 speciem.
1217 2734 1237 2739 —
1259 2717 1401 2754 Quarto,

335 2761 463 2792 tertium
486 2761 631 2791 ordinem
647 2761 738 2801 ponit
752 2769 934 2791 causarum:
960 2767 991 2792 et
1005 2760 1036 2791 in
1053 2771 1092 2791 eo
1108 2767 1154 2791 est
1170 2771 1264 2792 causa
1280 2761 1402 2792 entium

335 2805 526 2846 inquantum
550 2812 623 2836 sunt
647 2805 738 2836 entia.
762 2805 803 2836 Et
825 2805 1009 2845 investigata
1028 2805 1141 2836 dicitur
1155 2805 1233 2836 haec
1256 2815 1350 2836 causa
1366 2815 1403 2836 ex

336 2849 584 2880 consideratione
613 2849 751 2886 entium,
777 2859 843 2880 non
874 2850 982 2880 solum
1012 2850 1189 2880 secundum
1217 2850 1306 2891 quod
1329 2856 1403 2881 sunt

335 2893 411 2924 haec
425 2894 477 2924 vel
491 2893 553 2930 illa,
571 2900 606 2925 ut
620 2893 652 2924 in
669 2893 836 2934 prioribus,
854 2894 908 2924 sed
923 2894 1101 2924 secundum
1116 2894 1205 2935 quod
1220 2900 1294 2925 sunt
1309 2893 1401 2925 entia.

395 2938 446 2968 111.
472 2937 563 2969 Circa
586 2937 645 2968 hos
670 2948 838 2969 causarum
866 2938 1007 2975 ordines,
1040 2938 1165 2969 adverte
1189 2938 1294 2978 primo
1323 2947 1403 2980 quo-

336 2982 435 3012 modo
461 2989 605 3013 sumatur
628 2992 684 3013 ens
708 2992 763 3013 seu
787 2992 855 3013 esse
877 2983 940 3013 hoc
962 2982 995 3013 in
1019 2983 1103 3014 loco.
1135 2983 1215 3013 Tres
1238 2982 1324 3013 enim
1351 2982 1403 3013 hic

335 3033 499 3068 ponuntur
521 3036 627 3057 rerum
651 3026 858 3063 conditiones,
883 3026 999 3058 scilicet
1021 3036 1088 3058 esse
1111 3026 1310 3063 accidentale,
1336 3036 1403 3057 esse

336 3070 547 3107 substantiale,
565 3077 595 3102 et
614 3081 680 3102 esse
697 3071 857 3102 absolute:
882 3081 963 3112 quae
979 3071 1060 3102 inter
1074 3081 1106 3102 se
1121 3081 1187 3102 non
1204 3071 1404 3102 uniformiter

336 3114 580 3154 distinguuntur.
611 3115 695 3145 Nam
718 3115 799 3146 inter
822 3125 888 3146 esse
911 3115 1114 3146 substantiale
1145 3122 1175 3146 et
1198 3115 1401 3152 accidentale,

336 3158 501 3189 manifesta
520 3165 565 3190 est
584 3159 764 3199 disparatio.
789 3159 865 3190 Esse
881 3166 987 3190 autem
1004 3159 1148 3191 absolute
1170 3169 1236 3190 non
1253 3166 1299 3191 est
1314 3159 1403 3191 tertia

337 3213 394 3239 res,
420 3203 473 3233 sed
490 3213 522 3233 se
538 3203 632 3234 habet
647 3204 687 3234 ad
703 3203 757 3234 illa
779 3203 869 3244 quasi
893 3203 974 3234 sicut
996 3204 1120 3235 animal
1142 3204 1183 3235 ad
1206 3205 1270 3235 tale
1293 3209 1324 3235 et
1339 3204 1404 3234 tale

336 3247 467 3278 animal.
498 3247 539 3278 Et
562 3254 744 3288 propterea,
774 3248 919 3288 quamvis
948 3258 1090 3288 semper,
1115 3258 1190 3279 cum
1213 3247 1249 3280 fit
1272 3248 1403 3289 aliquod

337 3301 413 3327 esse,
438 3291 502 3321 sive
525 3291 728 3322 substantiale
751 3292 816 3322 sive
839 3292 1038 3329 accidentale,
1053 3291 1107 3324 fiat
1128 3303 1195 3323 esse
1218 3291 1314 3335 (sicut
1328 3301 1403 3323 cum

337 3334 371 3366 fit
387 3335 496 3371 homo,
518 3334 553 3366 fit
568 3336 694 3372 animal,
712 3343 742 3367 et
758 3346 832 3367 cum
848 3335 883 3367 fit
898 3336 1017 3373 album,
1042 3336 1077 3367 fit
1100 3335 1311 3380 coloratum);
1336 3346 1403 3367 non

337 3386 442 3410 tamen
466 3389 590 3420 semper
613 3390 679 3411 esse
702 3379 737 3411 fit
754 3390 817 3420 per
839 3390 884 3418 se,
905 3381 959 3411 sed
979 3381 1172 3422 quandoque
1188 3391 1244 3422 per
1260 3380 1403 3412 accidens

338 3429 368 3453 et
390 3424 583 3464 quandoque
599 3434 655 3464 per
670 3434 712 3455 se.
737 3425 777 3455 Et
793 3434 867 3455 cum
887 3424 1018 3465 quidem
1040 3423 1075 3455 fit
1091 3435 1158 3456 esse
1174 3435 1230 3466 per
1249 3425 1401 3460 accidens,

293 3493 301 3503 .
338 3467 375 3497 ab
393 3467 481 3497 omni
505 3478 597 3498 causa
620 3467 667 3499 fit:
693 3475 724 3499 et
740 3475 824 3499 extra
840 3478 986 3509 praesens
1010 3475 1056 3500 est
1079 3469 1292 3510 propositum.
1317 3468 1403 3500 Cum

339 3518 445 3541 autem
468 3510 502 3542 fit
518 3522 573 3552 per
590 3522 631 3548 se,
647 3522 665 3542 a
680 3513 747 3543 sola
771 3523 864 3544 causa
888 3513 966 3544 entis
990 3513 1181 3554 inquantum
1205 3523 1269 3550 ens,
1294 3511 1338 3544 fit.
1363 3513 1403 3543 Et

339 3554 400 3585 hoc
423 3555 522 3585 modo
547 3566 691 3596 praesens
714 3556 814 3588 littera
838 3557 875 3587 de
899 3557 970 3597 ipso
995 3567 1061 3588 esse
1081 3567 1136 3588 seu
1153 3564 1223 3588 ente
1242 3556 1400 3598 loquitur:

339 3605 369 3629 et
392 3599 452 3629 hoc
475 3599 612 3630 insinuat
636 3600 688 3630 illa
712 3600 951 3641 specificationis
975 3609 1065 3638 nota,
1092 3603 1280 3642 inquantum
1305 3602 1400 3632 entia.

1455 1963 1496 1994 Et
1518 1970 1685 2004 propterea
1708 1963 1741 1994 in
1763 1963 1866 1994 littera
1893 1962 2007 1994 dicitur
2034 1962 2124 2003 quod
2154 1961 2387 1993 considerantes
2417 1972 2527 1994 causas

1454 2007 1758 2039 transmutationum
1781 2014 1847 2038 tam
1874 2007 2128 2038 substantialium
2151 2017 2251 2048 quam
2274 2007 2524 2044 accidentalium,

1455 2052 1733 2083 consideraverunt
1748 2062 1796 2082 res
1815 2052 1874 2082 sub
1898 2052 2037 2092 quadam
2062 2051 2240 2092 particulari
2264 2051 2526 2088 consideratione,

1455 2096 1535 2127 idest
1558 2097 1735 2135 secundum
1759 2096 1921 2137 quandam
1945 2095 2101 2127 rationem
2125 2095 2309 2136 specialem,
2335 2103 2365 2127 et
2388 2105 2454 2126 non
2479 2105 2526 2126 se-

1456 2141 1598 2172 cundum
1621 2140 1778 2172 rationem
1801 2140 2115 2171 universalissimum:
2139 2140 2229 2177 idest,
2250 2139 2527 2171 consideraverunt

1454 2185 1647 2226 inquantum
1675 2192 1749 2216 sunt
1771 2186 1870 2222 haec,
1895 2192 1973 2225 puta
1996 2185 2112 2221 homo,
2137 2185 2213 2221 bos,
2237 2184 2355 2215 animal
2378 2190 2451 2221 etc„
2475 2184 2526 2215 vel

1455 2230 1553 2267 talia,
1579 2236 1657 2269 puta
1684 2239 1794 2270 grave,
1820 2239 1945 2265 rarum,
1971 2229 2094 2265 album,
2119 2229 2211 2260 dulce
2234 2235 2310 2266 etc.;
2335 2235 2366 2260 et
2388 2238 2456 2259 non
2478 2227 2526 2259 in-

1455 2280 1614 2315 quantum
1636 2278 1723 2304 sunt.

1514 2318 1566 2348 IV.
1592 2317 1682 2348 Circa
1707 2317 1960 2348 convenientiam
1984 2317 2064 2348 inter
2086 2316 2209 2357 primos
2232 2316 2369 2353 ordines,
2394 2324 2425 2348 et
2440 2315 2526 2348 diffe-

1455 2361 1588 2392 rentiam
1612 2371 1725 2392 eorum
1744 2372 1762 2391 a
1783 2361 1885 2397 tertio,
1910 2361 2045 2392 dubium
2069 2360 2220 2397 occurrit,
2245 2367 2403 2402 quantum
2425 2361 2527 2392 valeat

1455 2405 1535 2437 ratio
1552 2405 1671 2436 reddita
1687 2405 1719 2436 in
1736 2405 1847 2442 littera,
1864 2405 1942 2435 dum
1962 2405 2076 2436 dicitur
2097 2405 2196 2446 quod,
2213 2405 2289 2446 quia
2304 2404 2434 2436 materia
2450 2415 2526 2436 con-

1455 2450 1588 2481 trahitur
1610 2459 1666 2491 per
1689 2450 1835 2486 formam,
1861 2449 1942 2481 sicut
1965 2449 2140 2480 substantia
2163 2455 2232 2486 etc„
2257 2448 2330 2480 ideo
2355 2448 2525 2492 utrobique

1456 2494 1670 2526 consideratae
1698 2501 1772 2525 sunt
1794 2493 1931 2525 rationes
1955 2500 1986 2525 et
2009 2503 2120 2524 causae
2148 2493 2369 2533 particulares,
2398 2499 2430 2525 et
2451 2502 2526 2534 pro—

1455 2546 1562 2580 pterea
1585 2545 1679 2569 restat
1702 2538 1967 2569 considerandum
1995 2548 2051 2568 ens
2075 2537 2252 2568 secundum
2280 2537 2370 2579 quod
2392 2546 2465 2574 ens,
2495 2543 2527 2569 et

1456 2593 1551 2614 causa
1574 2582 1677 2623 prima
1701 2593 1736 2613 ac
1759 2581 2035 2613 universalissima.
2060 2582 2148 2613 Haec
2171 2581 2245 2613 satis
2268 2581 2418 2622 ambigua
2440 2587 2524 2619 sunt,

1456 2635 1487 2658 et
1503 2633 1631 2668 propter
1647 2627 1877 2663 auctoritatem,
1894 2633 1924 2658 et
1940 2633 2070 2667 propter
2085 2625 2251 2657 rationem.
2270 2626 2403 2668 Propter
2417 2632 2526 2657 aucto-

1456 2672 1581 2703 ritatem
1605 2671 1752 2712 quidem:
1778 2671 1863 2712 quia,
1889 2677 1925 2702 ut
1948 2678 2034 2712 patet
2056 2670 2113 2701 XII
2133 2671 2331 2712 Metaphys„
2347 2677 2422 2702 text.
2440 2669 2480 2701 28
2492 2668 2521 2707 ⁹,

1457 2726 1568 2747 causae
1585 2715 1665 2746 entis
1687 2715 1879 2757 inquantum
1904 2725 1968 2752 ens,
1986 2722 2060 2746 sunt
2074 2725 2186 2746 causae
2209 2714 2357 2746 facientes
2380 2714 2525 2746 substau-

1456 2761 1532 2792 tiam
1549 2771 1586 2791 ex
1602 2770 1681 2801 pura
1693 2759 1844 2800 potentia.
1858 2777 1878 2783 —
1892 2760 1933 2790 Et
1948 2759 1977 2790 V
1988 2760 2129 2800 PhJsic„
2142 2766 2216 2790 text.
2234 2770 2253 2800 7
2265 2758 2292 2796 *,
2313 2758 2426 2794 dicitur
2436 2759 2527 2800 quod

1456 2805 1489 2836 in
1512 2805 1713 2845 generatione
1741 2803 1938 2835 substantiali
1961 2803 1996 2835 fit
2019 2813 2075 2835 ens
2098 2803 2280 2844 simpliciter
2305 2813 2341 2834 ex
2364 2813 2431 2834 non
2454 2809 2526 2834 ente

1457 2849 1655 2890 simpliciter:
1682 2858 1756 2889 ergo
1772 2847 1807 2879 fit
1823 2858 1878 2879 ens
1899 2848 2076 2879 secundum
2092 2847 2182 2889 quod
2197 2857 2262 2878 ens.
2287 2847 2328 2878 Et
2346 2847 2432 2878 idem
2455 2846 2525 2878 mil-

1457 2893 1513 2924 lies
1536 2893 1668 2924 habetur
1691 2892 1724 2923 in
1747 2892 1952 2933 philosophia
1975 2891 2161 2924 Aristotelis.

1511 2938 1644 2978 Propter
1666 2937 1822 2969 rationem
1844 2944 1969 2969 autem:
1993 2936 2069 2978 quia
2092 2935 2158 2967 fieri
2177 2946 2232 2966 ens
2251 2935 2444 2976 inquantum
2459 2944 2525 2972 ens,

1458 2989 1488 3013 et
1510 2982 1702 3023 inquantum
1731 2991 1786 3012 ens
1814 2988 1902 3018 actu,
1928 2981 2014 3012 idem
2038 2987 2100 3015 est;
2131 2979 2285 3021 quoniam
2315 2979 2457 3020 potentia
2479 2986 2527 3011 est

1457 3026 1598 3058 conditio
1615 3025 1806 3062 diminuens,
1820 3032 1855 3056 ut
1871 3025 1984 3056 dicitur
1998 3025 2041 3056 lv
2052 3024 2248 3065 Metaphys„
2267 3033 2385 3056 comm.
2397 3034 2447 3056 xv.
2463 3023 2527 3056 Sed

1457 3081 1512 3102 ens
1536 3070 1569 3101 in
1592 3076 1663 3101 actu
1687 3069 1722 3101 fit
1745 3080 1800 3111 per
1824 3080 1856 3100 se
1881 3080 1918 3101 ex
1942 3076 2012 3100 ente
2035 3069 2068 3100 in
2091 3068 2233 3110 potentia
2251 3077 2346 3109 pura:
2371 3077 2447 3108 ergo
2469 3077 2527 3109 per

1457 3114 1755 3146 transmutationem
1778 3113 2017 3146 substantialem
2039 3112 2075 3144 fit
2097 3122 2152 3144 ens
2175 3112 2367 3154 inquantum
2390 3122 2455 3143 ens.
2485 3111 2527 3143 Et

1457 3159 1501 3190 sic
1525 3158 1698 3190 differentia
1727 3158 1883 3199 assignata
1910 3157 1943 3188 in
1973 3157 2074 3189 littera
2101 3156 2189 3188 nulla
2211 3163 2266 3188 est.
2291 3157 2333 3188 Et
2355 3155 2434 3187 ratio
2458 3155 2526 3187 eius

1457 3203 1535 3234 ruit:
1560 3203 1636 3244 quia
1659 3202 1798 3239 materia,
1823 3202 1881 3234 etsi
1897 3201 2109 3238 contrahatur,
2126 3211 2193 3232 non
2210 3208 2316 3232 tamen
2332 3199 2528 3232 contrahitur

1457 3247 1548 3288 quasi
1567 3248 1743 3278 secundum
1763 3257 1796 3277 se
1812 3246 1860 3283 sit,
1877 3246 1932 3277 sed
1947 3245 2023 3287 quia
2046 3255 2083 3276 ex
2102 3245 2316 3276 contractione
2331 3244 2445 3286 accipit
2459 3253 2527 3276 esse

1458 3292 1491 3322 in
1514 3298 1586 3322 actu
1611 3291 1809 3332 simpliciter:
1834 3290 1988 3332 quoniam
2004 3290 2182 3321 secundum
2197 3299 2230 3320 se
2244 3299 2348 3330 neque
2363 3289 2452 3330 quid,
2468 3297 2527 3320 nec

1457 3336 1561 3377 quale,
1586 3345 1690 3377 neque
1713 3335 1834 3376 aliquid
1858 3341 1904 3366 est
1927 3333 2063 3365 aliorum
2085 3343 2248 3374 generum,
2274 3341 2310 3365 ut
2332 3332 2446 3364 dicitur
2467 3332 2526 3364 vu

1457 3380 1654 3421 Metaphys„
1670 3386 1743 3411 text.
1762 3379 1780 3409 8
1795 3378 1823 3410 ⁴¹.

1513 3424 1551 3455 V.
1578 3423 1669 3455 Circa
1683 3423 1790 3464 ipsum
1805 3422 1935 3454 tertium
1959 3421 2103 3453 ordinem
2126 3421 2262 3453 dubium
2281 3420 2426 3458 occurrit,
2451 3419 2527 3462 quia

1459 3468 1575 3499 falsum
1598 3467 1752 3509 supponit
1774 3467 1863 3508 quod
1887 3477 1952 3503 ens,
1969 3466 2161 3507 inquantum
2180 3476 2245 3503 ens,
2262 3466 2375 3497 habeat
2397 3474 2526 3496 causam

1459 3512 1641 3543 effectivam.
1674 3511 1706 3543 Si
1730 3511 1815 3542 enirn
1840 3521 1910 3547 επις,
1936 3511 2127 3552 inquantum
2151 3520 2222 3547 ens,
2247 3510 2375 3541 haberet
2397 3518 2525 3540 causam

1458 3555 1641 3592 effectivam,
1663 3565 1759 3586 omne
1778 3565 1833 3586 ens
1853 3555 1979 3586 haberet
1997 3565 2126 3586 causam
2144 3553 2328 3590 effectivam,
2348 3552 2525 3584 secundum

1457 3600 1546 3641 quod
1570 3607 1616 3631 est
1639 3608 1711 3630 ens:
1737 3606 1767 3630 et
1790 3599 1833 3630 sic
1856 3599 1958 3635 Deus,
1983 3606 2019 3630 ut
2041 3609 2112 3635 ens,
2139 3605 2219 3629 esset
2242 3604 2401 3632 causatus,
2425 3603 2483 3627 etc.
2504 3613 2524 3619 —

2551 1180 2561 1190 ·
2572 1177 2644 1201 8.’Πι.
2654 1178 2765 1200 leet.v1u.

2552 1216 2563 1221 -
2578 1205 2632 1228 Did.
2654 1205 2695 1227 tib.
2717 1204 2750 1227 xl

2553 1237 2606 1260 cap.
2620 1237 2667 1259 vu,
2681 1237 2705 1253 n.
2720 1237 2743 1259 9.

2651 1285 2671 1311 μ

2757 1220 2764 1232 t

2552 2674 2562 2684 ·
2577 2672 2634 2696 ma.
2653 2673 2694 2696 nb.
2716 2673 2763 2702 xx.

2553 2704 2605 2728 etp.
2614 2705 2638 2727 v,
2652 2706 2676 2723 ιι.
2690 2700 2714 2723 8.

2551 2765 2562 2777 “
2569 2764 2624 2794 Djd.
2632 2770 2684 2794 eap-
2689 2771 2706 2794 1,
2714 2771 2738 2788 n.
2743 2771 2766 2794 7.

2554 3378 2564 3388 '
2585 3378 2638 3401 Did.
2659 3378 2700 3401 llb.
2719 3376 2753 3401 Vl

2552 3410 2604 3434 etp.
2619 3410 2654 3433 ιιι,
2669 3410 2692 3428 ιι.
2706 3411 2730 3432 4.

2765 3220 2768 3232 l

2765 3249 2768 3271 l

2763 3274 2768 3302 l

2763 3315 2768 3362 ἰ
