2768 4178
295 277 369 315 272

295 347 468 385 nominat
489 347 935 396 praedeterminationem
956 347 1279 396 *impositionem
1304 359 1368 383 ne-

297 400 498 447 cessitatis;
529 400 625 437 sicut
664 408 718 437 est
755 401 793 438 in
831 401 946 438 rebus
984 400 1238 448 naturalibus,
1269 412 1367 449 quae

297 462 384 491 sunt
410 454 779 502 praedeterminatae
809 454 858 491 ad
886 466 1020 491 unum.
1048 454 1166 500 Quod
1193 461 1296 502 patet
1325 465 1370 489 ex

298 519 343 544 eo
374 507 480 555 quod
509 507 656 544 subdit:
687 519 762 544 non
791 507 891 544 enim
919 507 1000 545 vult
1026 506 1222 553 malitiam,
1249 518 1370 555 neque

297 560 486 608 compellit
510 560 697 597 virtutem.
729 561 840 598 Unde
869 559 1163 609 praedestinatio
1198 572 1278 596 non
1307 573 1369 597 ex-

298 613 472 650 cluditur.

350 668 409 703 AD
439 678 630 704 SECUNDUM
657 678 842 704 DICENDUM
871 666 977 714 quod
1003 673 1196 702 creaturae
1224 665 1368 703 irratio-

297 720 401 757 nales
430 732 509 756 non
533 727 621 756 sunt
640 732 801 768 capaces
821 719 917 756 illius
945 719 1032 755 finis
1062 718 1125 767 qui
1151 719 1368 756 facultatem

296 773 491 810 humanae
520 780 676 810 naturae
707 773 862 810 excedit.
884 772 996 809 Unde
1024 784 1103 808 non
1131 772 1286 820 proprie
1316 772 1369 809 di-

298 833 433 863 cuntur
451 826 741 875 praedestinari:
763 826 832 863 etsi
856 825 1061 874 aliquando
1082 824 1242 861 abusive
1262 837 1369 873 prae-

298 879 498 917 destinatio
528 879 748 917 nominetur
776 887 950 928 respectu
975 878 1252 926 cuiuscumque
1281 879 1369 914 alte-

298 932 375 970 rius
403 933 502 970 finis.

350 988 409 1023 An
438 997 597 1023 TERTmM
625 997 810 1023 DICENDUM
840 985 945 1034 quod
976 983 1250 1033 praedestinari
1279 996 1369 1021 con-

296 1039 402 1076 venit
426 1039 579 1087 angelis,
610 1039 706 1075 sicut
735 1046 771 1075 et
788 1038 1028 1084 hominibus,
1057 1037 1144 1074 licet
1171 1049 1370 1086 nunquam

297 1092 436 1129 fuerint
463 1092 603 1129 miseri.
630 1093 732 1129 Nam
763 1099 891 1129 motus
929 1103 1008 1128 non
1037 1090 1173 1139 accipit
1201 1090 1370 1139 speciem

993 267 1260 314 QUAESTIO
1290 268 1434 314 xxm,
1464 267 1761 304 ARTICULUS
1791 268 1823 303 11

1425 359 1447 384 a
1475 347 1639 384 termino
1660 360 1682 384 a
1712 359 1803 396 qu0,
1825 347 1892 384 sed
1921 359 1943 383 a
1968 346 2132 383 termino
2162 347 2211 384 ad
2240 360 2374 397 quem:
2405 348 2496 385 nihil

1425 401 1527 438 enim
1558 401 1686 448 refert,
1716 408 1904 449 quantum
1934 400 1983 437 ad
2011 400 2199 437 rationem
2229 401 2495 448 dealbationis,

1422 461 1550 491 utrum
1579 454 1639 490 ille
1669 454 1735 503 qui
1763 454 1981 499 dealbatur,
2018 453 2129 490 fuerit
2157 453 2262 502 niger
2293 462 2357 492 aut
2390 455 2495 503 palli-

1423 507 1494 544 dus
1518 507 1581 544 vel
1601 508 1755 544 rubeus.
1785 508 1835 544 Et
1862 507 2032 544 similiter
2055 506 2146 543 nihil
2175 507 2287 544 refert
2306 507 2354 545 ad
2383 508 2495 544 ratio-

1423 573 1514 597 nem
1543 560 1910 609 praedestinationis,
1931 569 2059 597 utrum
2079 559 2214 608 aliquis
2238 561 2495 609 praedestine-

1423 621 1483 651 tur
1502 620 1514 634 ⁹
1533 614 1571 651 in
1590 614 1710 651 vitam
1730 621 1928 651 aeternam
1950 626 1972 650 a
1992 621 2088 650 statu
2110 613 2299 660 miseriae,
2319 615 2383 651 vel
2403 626 2494 651 non.

1423 688 1447 695 -
1465 667 1654 714 Quamvis
1684 667 1755 704 dici
1789 667 1907 716 possit
1935 667 2040 716 quod
2070 667 2196 704 omnis
2226 667 2375 704 collatio
2405 666 2497 704 boni

1423 732 1539 769 supra
1566 720 1738 757 debitum
1768 721 1849 757 eius
1878 721 1937 757 cui
1969 721 2171 767 confertur,
2206 721 2254 758 ad
2283 720 2498 758 misericor-

1425 773 1527 810 diam
1556 773 1742 821 pertineat
1769 771 1794 820 ξ,
1815 781 1856 810 ut
1884 786 1999 822 supra
2027 773 2047 795 ’³‘
2076 774 2219 811 dictum
2249 781 2316 811 est.

1477 827 1536 862 AD
1558 838 1731 868 QUARTUM
1749 838 1934 864 monimum
1953 826 2071 876 quod,
2093 827 2207 864 etiam
2227 827 2256 864 si
2276 833 2289 848 ⁰
2308 826 2497 876 aliquibus

1425 890 1470 915 ex
1508 878 1662 927 speciali
1689 879 1885 928 privilegio
1922 892 1992 917 sua
2018 880 2314 929 praedestinatio
2354 881 2497 917 revele-

1424 939 1504 978 tur,
1531 943 1610 968 non
1637 939 1768 968 tamen
1797 932 1979 970 convenit
2005 940 2047 970 ut
2075 934 2265 972 reveletur
2293 933 2496 971 omnibus:

1424 984 1514 1033 quia
1542 984 1596 1021 sic
1624 984 1674 1021 illi
1703 984 1768 1033 qui
1796 997 1876 1022 non
1897 993 1984 1022 sunt
2010 987 2291 1035 praedestinati,
2319 988 2498 1036 despera-

1425 1045 1528 1084 rent,
1559 1045 1596 1074 et
1624 1037 1805 1075 securitas
1834 1037 1873 1075 in
1905 1039 2192 1088 praedestinatis
2229 1040 2497 1089 negligentiam

1402 1095 1404 1098 ’
1425 1099 1587 1140 pareret.

352 1205 381 1240 p.)
396 1205 727 1238 praedeterminationem.
745 1219 764 1225 —-
777 1206 1055 1238 praedestinationem
1072 1206 1184 1231 codices.
1195 1219 1209 1224 -
1228 1206 1280 1230 Pro
1289 1213 1371 1238 prae-

298 1241 492 1267 determinatae
511 1241 548 1266 ad
567 1249 661 1271 unum,
682 1241 862 1267 determinata
881 1241 918 1267 ad
937 1249 1018 1266 unum
1037 1242 1154 1273 codices,
1174 1242 1371 1274 praedetermi-

299 1281 364 1302 nata
383 1277 420 1302 ad
439 1284 520 1302 umam
540 1277 598 1302 edd.
618 1277 670 1302 ab.

1480 1206 1503 1238 ν)
1518 1206 1746 1238 praedestinetur.
1764 1220 1784 1226 -
1802 1206 1952 1231 destinetur
1969 1205 2117 1232 ACDEFG.

1481 1239 1504 1274 ξ)
1520 1242 1666 1273 pertineat.
1685 1256 1703 1261 —
1716 1242 1838 1274 pertinet
1856 1242 1968 1267 codices.

1480 1278 1506 1310 o)
1525 1277 1607 1302 etiam
1625 1277 1657 1302 si.
1675 1291 1694 1296 -
1712 1278 1763 1302 etsi
1780 1278 1835 1308 FG,
1852 1277 1877 1303 si
1895 1278 1981 1303 ceteri.

986 1356 1319 1389 Commentaria
1342 1356 1593 1390 Car-dinalis
1616 1356 1816 1390 Caietant

330 1445 350 1465 N
374 1435 477 1471 titulo,
502 1435 627 1466 adverte
645 1435 733 1476 quod
756 1435 808 1466 hic
831 1436 994 1477 quaeritur
1010 1436 1048 1466 de
1072 1435 1178 1466 divina
1201 1437 1371 1476 praedesti-

302 1448 467 1516 Inatione,
485 1489 551 1510 non
568 1479 762 1520 simpliciter,
780 1490 817 1510 ex
833 1481 933 1511 modo
950 1480 1136 1521 quaerendi;
1154 1481 1209 1511 sed
1225 1489 1368 1521 respectu

298 1524 480 1554 hominum.
505 1524 686 1565 Utrumque
706 1531 812 1555 tamen
829 1531 876 1555 est
898 1525 1067 1556 intentum.
1087 1525 1128 1555 Et
1152 1532 1318 1566 propterea
1336 1526 1370 1556 in

299 1578 432 1608 corpore
455 1568 643 1599 determinat
665 1569 886 1609 quaestionem
910 1579 952 1600 an
978 1575 1025 1601 est
1048 1569 1246 1609 simpliciter:
1267 1570 1300 1600 in
1323 1580 1370 1601 re-

299 1612 525 1653 sponsionibus
548 1623 624 1643 vero
644 1620 916 1653 argumentorum,
934 1621 1077 1654 respectu
1097 1614 1279 1645 hominum.

356 1657 394 1687 II.
413 1657 447 1687 In
472 1667 604 1697 corpore
623 1657 754 1698 ponitur
772 1658 866 1689 unica
882 1658 1056 1694 conclusio,
1076 1658 1259 1698 responsiva
1274 1669 1370 1700 quae-

299 1701 360 1732 sito
385 1700 584 1738 affirmative,
609 1703 649 1733 In
673 1702 743 1733 Deo
766 1708 813 1733 est
829 1703 1084 1743 praedestinatio
1091 1710 1104 1740 ,·
1128 1713 1202 1733 cum
1226 1713 1292 1734 uno
1317 1713 1368 1734 co-

297 1745 426 1776 rollario
446 1745 479 1775 in
499 1746 592 1777 calce.
607 1764 627 1769 -
643 1746 799 1777 Probatur
822 1747 985 1778 conclusio
1010 1747 1062 1777 sic.
1083 1747 1156 1778 Vita
1178 1754 1312 1784 aeterna,
1338 1748 1370 1778 in

299 1789 406 1820 divina
427 1789 549 1820 visione
574 1791 763 1827 consistens,
789 1797 835 1822 est
857 1790 928 1822 finis
952 1791 1103 1822 excedens
1127 1792 1371 1832 proportionem

300 1841 330 1865 et
346 1834 527 1865 facultatem
550 1841 680 1865 naturae
697 1842 830 1866 creatae:
856 1845 931 1876 ergo
953 1835 1113 1866 rationalis
1130 1843 1270 1866 creatura
1286 1836 1370 1867 illius

300 1888 411 1918 capax,
436 1879 619 1919 perducitur
641 1879 673 1909 in
697 1879 800 1919 ipsam
822 1879 913 1921 quasi
937 1890 954 1910 a
978 1880 1048 1910 Deo
1071 1880 1269 1910 transmissa:
1294 1890 1370 1920 ergo

298 1922 394 1953 huius
417 1923 662 1954 transmissionis
686 1924 766 1954 ratio
789 1924 823 1954 in
845 1925 916 1955 Deo
932 1924 1127 1965 praeexistit:
1153 1934 1228 1965 ergo
1251 1924 1284 1955 in
1300 1925 1370 1955 Deo

300 1974 346 1998 est
369 1967 623 2007 praedestinatio.

352 2011 551 2042 Antecedens
575 2018 607 2042 et
630 2011 813 2049 declaratur,
838 2012 1062 2053 distinguendo
1087 2011 1248 2052 duplicem
1272 2011 1370 2044 finem

298 2055 332 2086 in
351 2065 449 2096 quern
473 2066 491 2086 a
513 2055 619 2086 divina
646 2056 845 2097 providentia
873 2064 1014 2088 creatura
1042 2057 1219 2093 ordinatur,
1253 2057 1372 2088 scilicet

299 2100 580 2140 proportionatum
603 2107 633 2131 et
656 2102 970 2141 superexcedentem:
992 2107 1022 2132 et
1041 2101 1194 2141 probatur
1209 2111 1246 2132 ex
1261 2111 1370 2142 supra-

300 2144 389 2175 dictis
405 2145 437 2175 in
454 2155 510 2185 qu.
525 2155 577 2176 xu.
588 2162 608 2167 —
623 2145 728 2175 Prima
747 2146 974 2187 consequentia
997 2146 1163 2186 probatur:
1188 2146 1264 2187 quia
1282 2146 1322 2176 ad
1337 2146 1371 2177 id

299 2189 339 2219 ad
362 2189 452 2230 quod
471 2199 537 2219 non
560 2196 665 2229 potest
688 2190 807 2231 aliquid
824 2201 881 2221 sua
896 2190 1012 2221 virtute
1035 2190 1221 2231 pertingere,
1243 2197 1371 2231 oportet

299 2233 338 2263 ab
363 2233 424 2263 alio
448 2233 631 2270 transmitti,
656 2233 737 2265 sicut
752 2235 862 2274 sagitta
878 2245 895 2265 a
912 2234 1085 2275 sagittante.
1097 2252 1117 2256 -
1133 2234 1279 2265 Secunda
1295 2245 1369 2265 vero

299 2277 467 2318 probatur:
492 2277 568 2318 quia
590 2277 623 2307 in
648 2287 686 2308 eo
711 2285 757 2309 est
780 2278 861 2309 ratio
886 2278 1005 2309 ordinis
1029 2278 1177 2309 omnium
1200 2278 1234 2308 in
1257 2277 1369 2315 finem,

299 2331 382 2362 quae
395 2327 528 2352 vocatur
543 2321 750 2362 providentia.
761 2341 781 2345 -
791 2322 898 2353 Tertia
914 2329 1022 2353 autem
1036 2322 1188 2362 probatur
1204 2322 1257 2352 sic.
1275 2322 1368 2353 Ratio

298 2365 343 2396 rei
363 2365 485 2396 fiendae
500 2365 533 2396 in
553 2373 658 2397 mente
677 2366 791 2397 actoris
807 2366 1026 2407 praeexistens,
1044 2372 1091 2397 est
1107 2367 1265 2407 quaedam
1280 2377 1370 2407 prae-

299 2409 476 2440 existentia:
501 2420 576 2450 ergo
596 2410 675 2441 ratio
692 2411 878 2442 huiusmodi
893 2410 1140 2442 transmissionis
1163 2409 1300 2447 fiendae,
1326 2418 1371 2442 est

298 2454 509 2495 praeexistens
533 2454 745 2486 transmissio:
770 2465 845 2496 ergo
870 2455 916 2486 est
939 2455 1190 2495 praedestinatio.
1216 2455 1371 2486 Probatur

298 2498 361 2529 hoc
381 2498 546 2529 ultimum:
562 2499 638 2540 quia
653 2499 817 2530 destinare
840 2506 886 2531 est
909 2499 1041 2536 mittere,
1067 2506 1098 2531 et
1114 2499 1370 2540 praedestinatio

300 2549 346 2573 est
364 2543 442 2573 ratio
467 2543 653 2574 huiusmodi
677 2543 922 2574 transmissionis
946 2544 978 2574 in
1002 2544 1100 2575 vitam
1124 2550 1293 2574 aeternam.

354 2586 570 2618 Corollarium
593 2598 668 2618 vero
688 2595 748 2619 est:
772 2586 1029 2625 Praedestinatio,
1047 2595 1203 2629 quantum
1224 2588 1263 2618 ad
1283 2587 1367 2618 obie-

299 2638 357 2668 cta,
378 2638 424 2662 est
447 2642 518 2672 pars
541 2632 768 2672 providentiae.
792 2633 833 2663 Et
856 2633 1026 2673 probatur:
1051 2633 1126 2673 quia
1154 2632 1370 2672 providentiae

299 2676 424 2706 divinae
448 2676 610 2707 subiacent
633 2676 751 2713 omnia,
769 2677 877 2718 quoad
901 2677 1047 2708 ordinem
1070 2677 1103 2708 in
1126 2676 1234 2707 finem.

354 2720 405 2751 111.
426 2720 563 2751 Adverte
577 2720 637 2757 hic,
658 2722 747 2762 quod
763 2721 1006 2762 praedestinatio
1029 2731 1065 2752 ex
1079 2728 1166 2762 parte
1185 2728 1283 2757 actus,
1304 2730 1370 2751 non

1422 1436 1554 1476 ponitur
1572 1446 1644 1477 pars
1668 1436 1898 1476 providentiae:
1919 1436 2075 1477 quoniam
2094 1443 2181 1467 actus
2206 1436 2332 1467 divinus
2355 1446 2413 1467 nec
2427 1446 2498 1476 par-

1423 1480 1462 1511 tis
1486 1490 1543 1511 nec
1562 1480 1661 1511 totius
1685 1481 1840 1511 rationem
1861 1481 1894 1511 in
1918 1491 1950 1511 se
1966 1481 2070 1511 habet.
2089 1480 2150 1511 Sed
2166 1487 2324 1522 quantum
2347 1481 2387 1511 ad
2410 1480 2498 1511 obie-

1423 1531 1481 1561 cta,
1506 1534 1577 1565 pars
1601 1524 1731 1565 ponitur
1758 1525 1984 1565 providentiae.
2011 1525 2175 1563 Quoniam
2205 1525 2371 1566 quodlibet
2400 1525 2499 1556 trium

1424 1568 1641 1600 subiectorum
1664 1569 1955 1609 praedestinationi,
1983 1579 2055 1610 pars
2080 1576 2126 1600 est
2150 1569 2367 1600 subiectorum
2390 1569 2496 1610 provi-

1425 1613 1548 1644 dentiae
1564 1613 1595 1643 *:
1620 1623 1668 1644 res
1685 1620 1732 1644 est
1750 1613 1836 1644 enim
1852 1620 1992 1645 creatura
2007 1614 2177 1650 rationalis,
2202 1614 2283 1644 ordo
2299 1623 2374 1644 vero
2399 1620 2499 1644 trans-
2526 1621 2536 1631 ·

1424 1657 1544 1694 missio,
1569 1656 1640 1688 finis
1664 1657 1727 1688 vita
1756 1665 1894 1694 aeterna;
1921 1665 2044 1689 constat
2065 1665 2173 1689 autem
2192 1658 2358 1699 quodlibet
2380 1658 2498 1689 horum

1424 1709 1547 1742 partem
1564 1711 1630 1733 esse
1649 1702 1746 1733 totius
1763 1702 1852 1739 entis,
1878 1702 1997 1734 ordinis
2021 1709 2052 1733 et
2070 1701 2141 1733 finis
2161 1702 2264 1739 creati,
2281 1702 2498 1743 providentiae

1425 1746 1567 1778 subiecti.

1478 1790 1532 1821 1V.
1550 1790 1642 1822 Circa
1657 1791 1738 1821 hanc
1754 1797 1886 1831 partem,
1903 1797 1979 1822 nota
1995 1790 2203 1821 differentiam
2217 1790 2299 1822 inter
2313 1801 2340 1822 s.
2349 1790 2497 1822 Thomae

1425 1834 1602 1865 doctrinam
1626 1842 1656 1866 et
1679 1835 1771 1871 alios,
1796 1835 1835 1865 de
1859 1844 1999 1876 quorum
2023 1844 2158 1865 numero
2183 1841 2230 1866 est
2252 1835 2376 1872 Scotus,
2401 1834 2435 1866 in
2457 1845 2497 1866 ιι.

1425 1879 1626 1910 distinctione
1642 1878 1774 1910 Primi*.
1792 1879 1910 1910 Putant
1924 1879 2010 1909 enim
2026 1878 2348 1919 praedestinationem
2369 1879 2498 1920 proprie

1424 1923 1622 1960 electionem,
1643 1930 1673 1954 et
1690 1930 1919 1964 consequenter
1942 1930 2049 1954 actum
2065 1923 2189 1954 divinae
2211 1923 2385 1954 voluntatis
2404 1923 2499 1964 signi-

1423 1966 1526 1998 ficare.
1552 1967 1613 1998 Hic
1637 1974 1744 1998 autem
1769 1977 1912 2008 expresse
1935 1967 2049 1999 dicitur
2072 1967 2163 2009 quod
2189 1973 2298 1998 actum
2319 1967 2499 1999 intellectus

1423 2011 1585 2052 importat,
1603 2011 1684 2043 sicut
1699 2018 1729 2043 et
1746 2011 1957 2052 providentia:
1977 2012 2133 2053 quoniam
2148 2021 2221 2053 pars
2235 2018 2282 2043 est
2300 2011 2496 2053 prudentiae.

1482 2056 1533 2086 Ad
1564 2056 1654 2087 cuius
1685 2056 1841 2087 maiorem
1874 2056 2062 2093 claritatem,
2094 2056 2226 2088 recolito
2254 2056 2343 2098 quod
2372 2055 2498 2088 divinus

1423 2100 1610 2137 intellectus,
1627 2107 1736 2132 nostro
1761 2111 1851 2131 more
1873 2101 2049 2142 loquendo,
2073 2100 2178 2141 primo
2202 2100 2390 2142 excogitavit
2411 2099 2498 2132 ordi-

1424 2155 1499 2176 nem
1514 2145 1745 2185 eligendorum,
1763 2155 1799 2176 ac
1814 2145 2045 2176 mittendorum
2060 2145 2093 2175 in
2109 2145 2208 2176 vitam
2223 2152 2393 2182 aeternam,
2410 2154 2498 2176 eum-

1423 2199 1486 2230 que
1510 2199 1586 2220 suae
1608 2190 1765 2220 voluntati
1789 2190 1958 2230 proposuit
1988 2190 2219 2230 acceptandum
2227 2198 2235 2227 ;
2260 2189 2373 2220 deinde
2399 2189 2497 2221 libere

1423 2243 1481 2264 sua
1495 2233 1643 2264 voluntas
1656 2233 1749 2264 illum
1765 2234 1911 2264 ordinem
1924 2234 2146 2275 exequendum
2161 2233 2268 2274 elegit;
2280 2241 2311 2265 et
2325 2234 2380 2271 sic,
2393 2233 2496 2271 tertio,

1423 2277 1504 2307 ordo
1528 2277 1584 2318 qui
1608 2277 1705 2317 prius,
1723 2277 1803 2308 idest
1820 2278 1998 2308 secundum
2021 2288 2064 2314 se,
2079 2278 2235 2308 rationem
2260 2278 2426 2318 excogitati
2440 2277 2498 2309 ha-

1422 2321 1525 2357 bebat,
1550 2321 1650 2352 modo
1674 2321 1768 2352 habet
1791 2321 1946 2352 rationem
1971 2321 2087 2352 statuti.
2107 2321 2278 2353 Diversitas
2301 2322 2397 2362 igitur
2425 2321 2498 2364 opi-

1424 2365 1558 2396 nionum
1583 2365 1615 2395 in
1631 2365 1694 2396 hoc
1713 2365 1866 2402 consistit,
1886 2366 1974 2407 quod
1997 2366 2042 2396 illi
2064 2365 2167 2406 ipsam
2190 2366 2388 2403 electionem,
2413 2375 2496 2408 quae

1423 2409 1568 2440 ordinem
1592 2409 1685 2440 illum
1708 2410 1920 2450 excogitatum
1944 2420 1979 2441 ac
1998 2410 2203 2450 propositum
2226 2410 2343 2447 statuit,
2365 2411 2495 2451 praede-

1422 2453 1600 2485 stinationis
1623 2454 1754 2485 nomine
1784 2454 2022 2494 intelligendam
2054 2454 2178 2485 dicunt:
2206 2465 2266 2485 nos
2297 2462 2404 2486 autem
2427 2464 2494 2486 non

1423 2498 1569 2529 ordinem
1593 2499 1816 2539 excogitatum,
1841 2499 1895 2530 sed
1915 2499 2061 2530 ordinem
2083 2504 2238 2530 statutum
2254 2499 2288 2529 in
2304 2499 2372 2540 ipsa
2389 2506 2496 2531 aucto-

1423 2542 1464 2572 ris
1487 2549 1603 2579 mente‚
1621 2543 1914 2583 praedestinationis
1939 2543 2070 2574 nomine
2101 2542 2325 2583 significamus.
2349 2543 2391 2574 Et
2413 2553 2494 2585 quo-

1423 2587 1510 2617 niam
1534 2586 1694 2618 diversitas
1717 2587 1793 2618 haec
1817 2587 1856 2618 de
1880 2587 2043 2618 vocabulis
2068 2594 2114 2618 est
2137 2587 2244 2628 potius
2268 2597 2367 2628 quam
2390 2587 2494 2625 rebus,

1423 2641 1461 2662 eo
1485 2631 1575 2672 quod
1597 2632 1674 2662 haec
1698 2632 1807 2662 omnia
1835 2632 1952 2673 requiri
1975 2632 2015 2662 ad
2039 2631 2360 2672 praedestinationem
2385 2631 2493 2663 nullus

1424 2675 1571 2716 ambigit;
1597 2676 1820 2717 unusquisque
1843 2676 1876 2707 in
1900 2686 1960 2707 suo
1984 2686 2078 2707 sensu
2102 2676 2252 2712 abundet,
2268 2676 2369 2707 modo
2393 2675 2496 2708 nomi-

1423 2719 1516 2751 nibus
1540 2726 1669 2751 utamur
1692 2727 1728 2752 ut
1750 2721 1866 2761 plureS.

1077 2864 1395 2910 ARTICULUS
1426 2865 1726 2909 SECUNDUS

702 2959 858 2991 UTRUM
883 2959 1261 2991 PRAEDESTINATIO
1284 2960 1465 2998 ALlQum
1490 2959 1638 2991 PONAT
1663 2959 1706 2990 IN
1730 2959 2094 2992 PRAEDESTmATo

1171 3039 1180 3063 1
1200 3039 1283 3068 Sent„
1304 3039 1362 3064 dist.
1381 3045 1426 3069 xm,
1446 3046 1491 3071 qu.
1511 3046 1534 3069 1,
1554 3043 1600 3063 art.
1619 3046 1640 3062 1.

432 3160 435 3164 ,
513 3139 535 3164 ι)
551 3138 742 3164 SECUNDUM
758 3138 810 3163 510
833 3138 1072 3164 PROCEDlTUR.
1089 3126 1249 3164 Videtur
1264 3125 1369 3176 quod

370 3175 377 3182 ’
443 3177 484 3221 ’ἢ
425 3153 806 3276 &praedestinatio
835 3188 954 3228 ponat
982 3179 1123 3228 aliquid
1143 3180 1181 3218 in
1209 3179 1368 3230 praede-

487 3263 489 3267 .
514 3233 663 3271 stinato.
685 3232 824 3270 Omnis
845 3233 948 3270 enirn
977 3233 1073 3270 actio
1095 3245 1140 3270 ex
1164 3246 1204 3271 se
1224 3233 1368 3283 passio-

491 3299 603 3324 nem
624 3285 743 3323 infert.
767 3286 806 3323 Si
836 3299 924 3335 ergo
944 3286 1239 3335 praedestinatio
1269 3286 1367 3323 actio

304 3344 358 3373 est
385 3336 424 3374 in
451 3338 558 3386 Deo,
588 3347 738 3389 oportet
772 3340 878 3387 quod
915 3339 1208 3388 praedestinatio
1243 3339 1368 3389 passio

303 3390 348 3426 sit
376 3390 413 3426 in
442 3369 739 3440 praedestinatis.

359 3455 393 3480 2.
415 3446 647 3493 PRAETEREA,
666 3446 850 3494 Origenes
866 3445 965 3494 dicit,
987 3458 1102 3495 super
1117 3445 1208 3484 illud
1218 3447 1330 3483 Rom.
1344 3457 1365 3492 1,

359 3559 386 3589 α)
412 3562 459 3584 etc.
478 3573 496 3578 -
514 3560 574 3584 Orn.
599 3560 700 3584 codices
731 3565 755 3584 et
784 3560 835 3585 ab.
852 3574 872 3580 -
890 3560 940 3585 Pro
962 3561 1220 3592 praedestinatio...
1244 3560 1289 3593 qui
1314 3563 1368 3588 est,

300 3594 514 3625 praedestinatio
527 3598 566 3619 est
579 3596 620 3620 vel
637 3603 705 3628 quae
717 3599 756 3620 est
770 3595 798 3625 C,
810 3596 1024 3627 praedestinatio
1038 3599 1078 3621 est
1090 3595 1146 3621 eius
1160 3596 1229 3628 (eius
1242 3599 1281 3621 est
1292 3595 1332 3620 ed.
1343 3595 1369 3627 b)

306 3629 352 3661 qui
370 3633 409 3654 est
428 3630 504 3654 ceteri
523 3635 548 3654 et
568 3631 607 3655 ed.
623 3631 645 3659 b,
667 3631 809 3656 destinatio
828 3631 884 3656 eius
903 3634 943 3656 est
962 3631 1008 3663 qui
1025 3635 1065 3656 est
1084 3631 1123 3656 ed.
1144 3639 1169 3656 a.

1428 3127 1503 3169 Qui
1523 3126 1824 3175 praedestinatus
1851 3132 1906 3164 est
1932 3133 2001 3164 etc.
2021 3126 2041 3148 '¹‘
2064 3132 2097 3163 “z
2121 3127 2415 3175 praedestinatio
2443 3134 2499 3166 est
2522 3148 2534 3159 ·

1423 3180 1501 3216 eius
1529 3180 1595 3229 qui
1621 3191 1696 3216 non
1735 3185 1804 3225 est,
1833 3181 1899 3217 sed
1924 3180 2118 3217 destinatio
2151 3180 2231 3217 eius
2259 3186 2313 3218 est
2338 3181 2404 3230 qui
2429 3186 2492 3220 est.

1424 3233 1501 3270 Sed
1529 3231 1546 3261 Ρ
1582 3233 1816 3281 Augustinus
1855 3233 1962 3280 dicit,
2001 3232 2038 3274 in
2074 3232 2169 3269 libro
2203 3234 2249 3270 de
2284 3235 2494 3272 Haedesti-

1424 3287 1574 3323 natione
1601 3287 1849 3323 Sanctorum:
1883 3286 1982 3329 Quid
2011 3291 2065 3322 est
2085 3287 2391 3334 praedestinatio,
2422 3287 2496 3325 ηἰεί

1423 3339 1616 3376 destinatio
1645 3339 1835 3376 alicuius?
1862 3340 1964 3387 Ergo
1998 3339 2290 3387 praedestinatio
2325 3352 2403 3378 non
2436 3347 2493 3378 est

1423 3392 1494 3429 nisi
1523 3392 1679 3430 alicuius
1715 3392 1903 3430 existentis
1933 3397 1957 3429 ⁷.
1988 3393 2037 3428 Et
2064 3392 2114 3430 ita
2141 3393 2249 3442 ponit
2285 3393 2426 3442 aliquid
2454 3393 2492 3430 in

1422 3445 1715 3494 praedestinato.

1479 3559 1504 3592 β)
1519 3560 1580 3585 Sed.
1594 3574 1613 3579 -
1626 3560 1662 3585 Et
1675 3560 1737 3584 Pab.
1749 3573 1767 3578 -
1781 3559 1844 3584 Post
1857 3559 2000 3585 destinatio
2019 3560 2132 3587 alicuius
2151 3561 2248 3586 addunt
2266 3559 2408 3586 existentis
2422 3559 2493 3585 Pb.-

1426 3595 1543 3627 Ergo...
1563 3595 1676 3620 alicuius
1694 3603 1747 3619 om.
1766 3595 1796 3619 E.

1476 3630 1503 3663 γ)
1522 3630 1671 3655 existentis.
1690 3644 1708 3649 —
1723 3630 1933 3662 praeexistentis
1952 3631 2111 3668 APCDEsF.

2557 1619 2595 1643 Cf.
2631 1627 2654 1643 ιι.
2675 1627 2740 1650 xm,

2524 1650 2568 1669 art.
2578 1653 2596 1675 ι,
2642 1652 2742 1671 mnem-

2525 1679 2592 1696 nun.
2606 1679 2623 1696 ι.

2525 1885 2568 1908 'In
2573 1886 2643 1909 solut.
2649 1889 2740 1915 quaest.

2547 3147 2616 3170 Vera.
2620 3154 2655 3202 α4.

2622 3245 2638 3280 β
