2768 4178
924 254 1192 300 QUAESTIO
1221 255 1400 303 XXXIX,
1430 256 1727 295 ARTICULUS
1755 258 1823 295 VII

2396 271 2474 308 407

1070 354 1388 423 ARTICULUS
1418 381 1685 426 SEPTIMUS

701 459 857 491 UTRUM
880 459 1052 491 NOMINA
1076 461 1356 492 ESSENTIALIA
1380 462 1476 493 SINT
1499 464 1830 496 APPROPRIANDA
1855 466 2057 498 PERSONIS

370 628 375 640 ι
397 623 454 656 9212<-
475 623 516 647 D
532 621 711 647 SEPTIMUM
731 621 784 646 sm
804 621 1043 647 Paocam‘rua.
1064 610 1224 648 Videtur
1243 612 1349 659 quod

412 652 463 712 {33
494 663 653 700 nomina
672 662 884 699 essentialia
903 675 981 699 non
1002 663 1075 700 sint
1101 664 1350 713 approprian-

383 732 418 759 ν,
430 701 461 757 ’ᾖ
476 714 542 754 da
561 715 750 752 Personis.
782 715 898 762 Quod
925 715 1027 752 enim
1046 724 1173 765 potest
1190 730 1348 766 vergere

319 631 379 681 ηἰῇ(
402 650 405 655 ,

298 717 301 722 .
315 656 409 759 ,ja

0 745 7 814 gi
299 744 346 799 μ»-
370 762 433 816 rr,
449 761 532 805 in
560 780 729 805 errorem
762 767 873 815 fidei,
902 768 1103 807 vitandum
1137 779 1192 808 est
1228 771 1266 808 in
1295 771 1349 808 di-

278 820 395 858 vinis:
425 821 524 869 quia,
553 828 595 858 ut
623 821 884 870 Hieronymus
912 821 1001 859 dicit
1018 822 1050 869 ³¹²,
1079 835 1129 860 ex
1151 825 1275 862 verbis
1294 825 1348 861 in-

279 874 451 911 ordinate
463 874 624 923 prolatis
651 875 859 911 incurritur
881 875 1056 913 haeresis.
1088 878 1165 915 Sed
1185 890 1230 923 ea
1250 890 1348 927 quae

280 934 367 964 sunt
386 928 610 964 communia
629 927 748 964 tribus
763 928 942 965 Personis
957 930 1203 979 appropriare
1223 931 1347 978 alicui,

278 987 404 1031 potest
429 992 588 1029 vergere
617 980 655 1018 in
685 993 854 1018 errorem
882 981 993 1019 fidei:
1024 983 1115 1031 quia
1141 992 1267 1032 potest
1294 984 1348 1021 in-

279 1033 391 1082 telligi
421 1034 526 1082 quod
553 1035 615 1071 vel
643 1033 694 1070 illi
722 1041 868 1071 tantum
896 1035 1089 1072 Personae
1119 1037 1350 1074 conveniant

135 1088 158 1115 ὰ
281 1087 342 1124 cui
370 1086 663 1136 appropriantur
681 1093 718 1133 ‘²‘;
747 1087 811 1124 vel
839 1088 946 1135 quod
973 1088 1094 1137 magis
1119 1090 1350 1127 conveniant

281 1140 315 1177 ei
343 1153 462 1190 quam
482 1140 575 1177 aliis.
605 1141 708 1188 Ergo
730 1140 942 1177 essentialia
971 1141 1146 1180 attributa
1165 1156 1243 1180 non
1263 1150 1349 1181 sunt

279 1194 564 1244 approprianda
591 1193 782 1231 Personis.

334 1258 370 1284 2.
391 1248 625 1294 Puni-anas,
646 1246 858 1284 essentialia
886 1245 1074 1295 attributa,
1101 1248 1140 1285 in
1159 1248 1348 1285 abstracto

304 624 343 706 ἐζ

84 1294 101 1307 ¹*
137 1294 156 1332 β
279 1295 500 1348 significata,
527 1298 773 1348 significantss
799 1310 870 1348 per
889 1299 1052 1337 modum
1081 1301 1239 1338 formae.
1271 1301 1347 1339 Sed

278 1365 357 1391 una
387 1364 553 1402 persona
585 1358 733 1389 non'se
761 1352 877 1389 habet
909 1351 957 1388 ad
987 1353 1100 1390 aliam
1133 1362 1174 1390 ut
1201 1354 1348 1391 forma:

138 1411 157 1438 τ
279 1417 370 1443 cum
388 1406 513 1443 forma
527 1411 541 1432 ⁷
561 1406 609 1442 ab
630 1418 677 1442 eo
698 1405 806 1442 cuius
826 1412 882 1442 est
899 1404 1036 1453 forma,
1052 1407 1249 1455 supposito
1270 1420 1348 1445 non

279 1458 537 1507 distinguatur.
576 1459 679 1507 Ergo
709 1456 922 1496 essentialia
954 1459 1151 1508 attributa,
1181 1460 1348 1498 maxime

277 1511 318 1550 in
351 1511 539 1549 abstracto
577 1511 807 1560 significata,
837 1524 916 1550 non
944 1512 1086 1550 debent
1113 1514 1349 1563 appropriari

277 1565 470 1602 Personis.

334 1618 370 1656 3.
399 1618 634 1664 PRAETEREA,
662 1618 862 1667 proprium
880 1619 985 1668 prius
1005 1627 1061 1656 est
1080 1619 1347 1668 appropriato:

272 1671 475 1721 proprium
510 1670 614 1708 enim
652 1678 709 1708 est
737 1670 784 1708 de
813 1672 959 1710 ratione
987 1672 1231 1722 appropriati.
1271 1673 1349 1711 Sed

279 1723 491 1762 essentialia
524 1724 701 1761 attributa
717 1753 726 1771 ,
765 1725 979 1763 secundum
1017 1727 1180 1763 modum
1218 1726 1349 1763 intelli-

279 1777 404 1827 gendi,
430 1784 517 1814 sunt
548 1777 677 1826 priora
708 1778 903 1826 personis,
933 1778 1029 1816 sicut
1057 1791 1264 1816 commune
1293 1787 1350 1817 est

148 1863 154 1867 .
278 1830 383 1880 prius
410 1830 580 1879 proprio,
610 1831 713 1878 Ergo
743 1831 954 1869 essentialia
982 1831 1158 1869 attributa
1186 1845 1265 1869 non
1285 1832 1348 1870 de-

136 1882 168 1925 ⁸,
279 1885 371 1921 bent
399 1895 481 1920 esse
511 1882 755 1932 appropriata
774 1881 798 1920 ὃ.

293 1940 295 1942 ’
335 1937 409 1974 SED
425 1948 571 1974 CONTRA
590 1948 656 1973 EST
675 1937 781 1984 quod
799 1938 1007 1986 Apostolus
1028 1937 1125 1985 dicit,
1143 1939 1157 1974 I
1179 1939 1265 1975 Cor.
1283 1951 1292 1975 1
1307 1938 1347 1976 *τ

285 1990 486 2036 Christum,
515 1990 591 2026 Dei
615 1989 790 2027 virtutem
818 1996 854 2027 et
879 1991 955 2032 Dei
979 1991 1213 2039 sapientiam.

334 2045 560 2080 RESPONDEO
583 2054 768 2080 DICENDUM
796 2043 915 2092 quod,
936 2045 985 2081 ad
1004 2044 1349 2082 manifestationem

280 2096 384 2144 fidei,
406 2096 640 2133 conveniens
659 2096 727 2133 fuit
747 2096 956 2134 essentialia
976 2097 1152 2134 attributa
1171 2098 1349 2135 Personis

281 2149 528 2199 appropriari.
559 2149 666 2186 Licet
693 2149 795 2186 enim
816 2150 982 2187 Trinitas
1006 2151 1263 2188 Personarum
1285 2151 1349 2188 de-

279 2202 556 2240 monstratione
583 2202 738 2251 probari
770 2205 850 2239 non
878 2203 1014 2252 possit,
1044 2211 1085 2240 ut
1113 2216 1228 2252 supra
1246 2204 1267 2226 ’¹‘
1295 2204 1350 2241 di-

142 2266 154 2284 ⁸
281 2263 385 2294 ctum
414 2263 486 2302 est,
516 2255 697 2292 convenit
723 2262 853 2292 tamen
872 2262 882 2276 ¹
909 2263 952 2293 ut
979 2268 1049 2305 per
1075 2256 1202 2305 aliqua
1229 2257 1349 2305 magis

280 2309 480 2346 manifesta
514 2308 737 2346 declaretur.
780 2309 1004 2346 Essentialia
1040 2322 1136 2346 vero
1174 2310 1350 2347 attributa

281 2369 369 2400 sunt
395 2362 507 2399 nobis
535 2361 657 2410 magis
687 2362 886 2399 manifesta
915 2362 1128 2399 secundum
1149 2363 1348 2411 rationem,

281 2427 399 2466 quam
424 2414 580 2464 propria
607 2416 882 2452 Personarum:
912 2415 1002 2464 quia
1026 2428 1071 2452 ex
1092 2416 1283 2463 creaturis,
1305 2428 1350 2452 ex

280 2468 420 2518 quibus
440 2467 696 2516 cognitionem
717 2468 937 2517 accipimus,
956 2481 1164 2517 possumus
1181 2481 1252 2517 per
1271 2481 1349 2505 cer-

279 2521 481 2559 titudinem
520 2520 702 2558 devenire
731 2521 768 2557 in
797 2521 1054 2569 cognitionem
1092 2521 1348 2558 essentialium

281 2574 566 2619 attributorum;
589 2586 667 2610 non
687 2581 815 2610 autem
836 2574 875 2611 in
895 2574 1148 2622 cognitionem
1167 2586 1349 2623 persona-

281 2627 375 2664 lium
403 2625 693 2675 proprietatum,
721 2634 764 2663 ut
791 2639 907 2676 supra
925 2626 946 2649 '¹‘
975 2627 1118 2663 dictum
1148 2635 1214 2664 est.
1245 2627 1350 2664 Sicut

282 2679 392 2729 igitur
415 2679 656 2716 similitudine
675 2679 822 2728 vestigii
841 2681 903 2717 vel
923 2679 1093 2728 imaginis
1112 2679 1151 2717 in
1171 2681 1349 2717 creaturis

10 2635 11 2638 ¹
37 2630 53 2643 ·
66 2630 126 2654 ma.
139 2630 169 2653 ad
182 2637 200 2653 1.

335 2793 364 2825 α)
381 2792 542 2818 conveniant
553 2792 598 2818 cui
610 2793 833 2824 appropriantur.
844 2807 864 2812 —
877 2795 1019 2819 conveniat
1031 2795 1102 2827 quod
1116 2795 1140 2820 ei
1154 2795 1348 2827 appropriatur

281 2828 391 2859 codices,
405 2828 547 2853 conveniat
560 2828 604 2853 cui
618 2828 813 2860 appropriatur
825 2829 884 2854 edd.
897 2836 915 2854 a
925 2829 948 2854 ὸ.
968 2830 1019 2854 Pro
1033 2838 1091 2863 seq.
1104 2830 1271 2860 conveniant,
1287 2837 1348 2855 con-

281 2863 372 2889 veniat
391 2863 492 2888 codices
511 2868 536 2888 et
553 2863 605 2888 ab.

335 2897 360 2931 β)
379 2898 540 2932 significata,
558 2898 721 2931 significant.
739 2912 758 2917 —
775 2899 961 2933 significantur
979 2900 1090 2925 codices.

334 2934 361 2967 γ)
374 2934 478 2968 forma.
496 2948 516 2953 -
533 2934 595 2959 Om.
615 2934 767 2959 PCDEFab.

313 3109 333 3129 n
356 3099 460 3136 titulo,
484 3101 690 3141 appropriari
713 3111 779 3130 non
802 3100 955 3140 significat
969 3103 1141 3142 proprium
1154 3102 1247 3143 fieri,
1268 3112 1348 3143 quo-

286 3111 401 3173 Iniam
419 3144 594 3175 essentialia
613 3145 694 3175 nulli
717 3145 873 3175 Personae
889 3152 1025 3185 possunt
1047 3145 1114 3176 fieri
1134 3146 1276 3186 propria:
1294 3147 1349 3176 sed

282 3186 436 3227 significat
458 3189 694 3219 accommodari
717 3196 747 3219 et
769 3189 938 3229 adaptari,
967 3196 1003 3220 ut
1026 3197 1260 3221 consueverunt
1281 3191 1348 3221 Do-

284 3238 385 3261 ctores
409 3231 528 3268 facere,
547 3233 751 3264 attribuentes
775 3233 961 3273 sapientiam
985 3234 1085 3270 Filio,
1105 3234 1181 3275 quia
1204 3241 1251 3265 est
1272 3235 1346 3265 Ver-

283 3276 372 3311 bum,
395 3282 455 3306 etc.

342 3319 379 3350 11.
404 3319 439 3349 In
463 3329 596 3359 corpore
612 3320 677 3351 duo
701 3321 783 3352 facit.
808 3322 928 3356 Primo,
945 3322 1115 3362 respondet
1138 3322 1281 3363 quaesito
1301 3322 1347 3352 af-

283 3362 437 3393 firmative
456 3363 549 3393 unica
567 3364 786 3395 conclusione:
807 3365 1010 3396 Conveniens
1027 3366 1096 3402 fuit,
1114 3367 1153 3396 ad
1169 3366 1347 3398 manifesta-

282 3407 405 3437 tionem
420 3406 503 3443 fidei,
521 3407 696 3439 essentialia
716 3409 912 3450 appropriari
935 3410 1091 3441 Personis.
1106 3428 1124 3434 -
1140 3411 1181 3441 Et
1197 3411 1349 3451 probatur

283 3451 416 3482 breviter
439 3451 492 3482 sic.
516 3451 663 3488 Trinitas,
683 3454 829 3493 quamvis
851 3454 1153 3491 indemonstrabilis,
1173 3462 1219 3485 est
1242 3462 1347 3486 tamen

284 3494 555 3535 notificabilisper
570 3495 669 3536 magis
685 3497 851 3528 manifesta
865 3498 972 3528 nobis:
990 3508 1064 3538 ergo
1082 3499 1230 3530 convenit
1245 3499 1347 3539 ipsam

283 3539 475 3570 manifestari
492 3549 548 3579 per
564 3540 753 3571 essentialia:
778 3551 852 3582 ergo
877 3542 1052 3574 essentialia
1071 3543 1219 3574 convenit
1233 3553 1347 3584 appro-

282 3583 383 3623 priare
410 3583 565 3614 Personis.

924 530 933 554 1
953 530 1036 560 Sent„
1057 530 1116 556 dist.
1135 538 1200 562 xxxt,
1221 539 1266 564 qu.
1284 539 1302 562 1,
1322 537 1368 557 art.
1389 540 1418 562 ας
1439 533 1481 558 De
1504 534 1593 564 Verit„
1613 542 1658 567 qu.
1676 542 1720 564 vn,
1740 540 1787 560 art.
1808 535 1831 560 3.

1403 612 1558 650 inventa
1599 614 1741 651 utimur
1777 615 1826 652 ad
1864 616 2207 654 manifestationem
2252 618 2468 656 divinarum

1404 666 1673 714 Personarum,
1691 667 1741 704 ita
1761 676 1797 704 et
1812 669 2071 707 essentialibus
2090 670 2284 709 attributis.
2307 673 2355 708 Et
2374 673 2469 709 haec

1403 719 1654 756 manifestatio
1680 721 1936 758 Personarum
1955 734 2024 771 per
2043 724 2253 761 essentialia
2281 725 2468 772 attributa,

1403 773 1659 821 appropriatio
1687 774 1916 811 nominatur.

1456 825 1621 862 Possunt
1658 833 1786 863 autem
1825 827 2055 865 manifestari
2093 829 2286 866 Personae
2319 830 2468 868 divinae

1401 889 1471 926 per
1499 878 1710 916 essentialia
1746 879 1923 917 attributa
1960 880 2167 930 dupliciter.
2201 883 2288 920 Uno
2326 883 2467 930 modo,

1401 943 1471 979 per
1489 931 1592 968 viam
1617 932 1886 970 similitudinis:
1915 933 2011 971 sicut
2030 947 2075 971 ea
2094 947 2193 983 quae
2211 935 2401 984 pertinent
2420 936 2468 973 ad

1402 983 1644 1032 intellectum,
1674 986 1966 1034 appropriantur
1989 986 2094 1035 Filio,
2120 988 2185 1036 qui
2201 989 2375 1037 procedit
2400 1001 2469 1038 per

1401 1037 1564 1074 modum
1598 1037 1806 1075 intellectus
1833 1047 1876 1076 ut
1902 1040 2086 1078 Verbum.
2120 1041 2206 1078 Alio
2235 1042 2372 1090 modo,
2400 1054 2469 1091 per

1402 1090 1565 1126 modum
1587 1090 1916 1129 dissimilitudinis:
1946 1092 2041 1130 sicut
2059 1094 2228 1142 potentia
2248 1095 2467 1144 appropria-

1402 1149 1463 1178 tur
1490 1143 1611 1190 Patri,
1639 1151 1681 1180 ut
1714 1145 1948 1193 Augustinus
1967 1145 1987 1167 '¹‘
2015 1146 2119 1194 dicit,
2150 1147 2238 1196 quia
2266 1149 2368 1196 apud
2396 1161 2467 1185 nos

1402 1203 1528 1243 patres
1557 1197 1680 1233 solent
1699 1210 1781 1234 esse
1799 1206 1955 1247 propter
1973 1207 2208 1237 senectutem
2228 1200 2389 1247 infirmi3
2419 1214 2467 1238 ne

1401 1248 1475 1284 tale
1504 1249 1646 1296 aliquid
1674 1250 1911 1299 suspicemur
1939 1251 1977 1288 in
2005 1253 2103 1289 Deo.

1456 1302 1515 1337 AD
1543 1313 1680 1339 PRIMUM
1708 1314 1806 1340 ERGO
1835 1316 2018 1341 DICENDUM
2046 1305 2152 1352 quod
2176 1306 2388 1343 essentialia
2415 1314 2468 1343 at-

1401 1353 1541 1390 tributa
1565 1367 1643 1391 non
1663 1355 1716 1391 sic
1735 1357 2028 1405 appropriantur
2055 1359 2233 1395 Personis
2251 1367 2293 1395 ut
2313 1359 2364 1396 eis
2384 1372 2467 1397 esse

1402 1406 1557 1455 propria
1584 1415 1820 1445 asserantur:
1851 1410 1917 1447 sed
1950 1411 1999 1447 ad
2033 1411 2354 1449 manifestandum
2378 1413 2467 1449 Per-

1403 1471 1517 1496 sonas
1545 1472 1615 1509 per
1641 1461 1744 1498 viam
1774 1462 2028 1500 similitudinis
2053 1465 2116 1500 vel
2145 1464 2465 1513 dissimilitudinis,

1402 1520 1444 1549 ut
1472 1512 1615 1550 dictum
1645 1514 1750 1566 est'k.
1780 1515 1891 1552 Unde
1910 1517 2035 1553 nullus
2056 1529 2162 1554 error
2180 1518 2269 1555 fidei
2289 1518 2466 1567 sequitur,

1403 1566 1471 1602 sed
1498 1566 1618 1615 magis
1647 1567 1899 1605 manifestatio
1928 1570 2106 1607 veritatis.

1456 1620 1515 1656 AD
1544 1631 1735 1657 SECUNDUM
1762 1632 1946 1659 DICENDUM
1974 1623 2090 1671 quod,
2112 1623 2142 1660 si
2166 1624 2220 1660 sic
2248 1624 2467 1672 appropria-

1403 1680 1533 1709 rentur
1560 1673 1772 1710 essentialia
1799 1674 1976 1712 attributa
1999 1676 2190 1723 Personis,
2211 1678 2316 1725 quod
2345 1684 2469 1714 essent

1404 1725 1457 1762 eis
1483 1726 1650 1774 propria,
1681 1735 1903 1774 sequeretur
1931 1729 2035 1777 quod
2063 1742 2140 1766 una
2159 1742 2324 1778 persona
2342 1743 2383 1767 se
2402 1731 2468 1767 ha-

1403 1778 1510 1815 beret
1537 1778 1587 1816 ad
1615 1779 1727 1816 aliam
1756 1779 1796 1817 in
1822 1781 2041 1819 habitudine
2070 1782 2229 1820 formae.
2260 1784 2377 1830 Quod
2407 1796 2467 1820 ex-

1404 1831 1519 1868 cludit
1546 1832 1801 1880 Augustinus,
1832 1833 1870 1870 in
1898 1835 1967 1871 VII
1997 1835 2042 1871 de
2078 1836 2114 1872 T
2110 1836 2181 1873 rin.
2202 1835 2222 1858 '¹‘
2263 1837 2468 1874 ostendens
2495 1845 2505 1856 “

1404 1885 1508 1933 quod
1530 1886 1642 1922 Pater
1665 1898 1744 1922 non
1774 1894 1829 1923 est
1857 1887 2007 1936 sapiens
2036 1866 2233 1937 sapientia,
2256 1902 2372 1937 quam
2406 1902 2468 1938 ge-

1403 1937 1494 1984 nuit,
1515 1938 1623 1986 quasi
1650 1939 1754 1975 solus
1778 1939 1892 1976 Filius
1912 1940 1958 1977 sit
1977 1941 2179 1989 sapientia;
2208 1949 2250 1978 ut
2277 1942 2330 1979 sic
2357 1944 2470 1980 Pater

1404 1999 1440 2028 et
1468 1990 1582 2028 Filius
1611 1990 1724 2028 simul
1748 1999 1895 2029 tantum
1914 1994 2060 2042 possint
2079 1994 2151 2032 dici
2169 1995 2316 2043 sapiens
2336 1995 2360 2042 ζ,
2390 2009 2468 2033 non

1404 2052 1532 2081 autem
1548 2045 1660 2081 Pater
1678 2044 1758 2082 sine
1779 2045 1886 2083 Filio.
1909 2046 1984 2084 Sed
2005 2047 2120 2084 Filius
2141 2048 2273 2085 dicitur
2287 2049 2469 2098 sapientia

1403 2097 1536 2145 Patris,
1553 2097 1641 2145 quia
1656 2105 1711 2134 est
1725 2098 1907 2148 sapientia
1928 2100 1975 2136 de
1991 2101 2102 2137 Patre
2122 2101 2304 2150 sapientia
2318 2107 2348 2138 ”:
2369 2109 2469 2139 uter-

1406 2162 1480 2199 que
1500 2150 1603 2188 enim
1622 2163 1691 2199 per
1710 2163 1750 2188 se
1771 2159 1826 2188 est
1845 2152 2040 2201 sapientia,
2066 2161 2103 2190 et
2122 2154 2234 2191 simul
2254 2156 2371 2191 ambo
2391 2167 2469 2192 una

1405 2203 1598 2252 sapientia.
1628 2204 1739 2241 Unde
1768 2205 1881 2242 Pater
1909 2218 1988 2243 non
2018 2214 2074 2243 est
2101 2207 2252 2255 sapiens
2285 2207 2468 2256 sapientia

1405 2269 1522 2305 quam
1551 2257 1691 2304 genuit,
1721 2257 1788 2294 sed
1808 2258 1992 2307 sapientia
2015 2271 2113 2308 quae
2133 2267 2188 2296 est
2207 2272 2276 2297 sua
2295 2261 2468 2298 essentia.

1458 2311 1516 2346 AD
1542 2321 1702 2347 TERTIUM
1731 2322 1914 2348 DICENDUM
1943 2312 2060 2360 quod,
2082 2312 2166 2349 licet
2195 2314 2389 2351 essentiale
2418 2322 2470 2351 at-

1404 2362 1600 2409 tributum,
1622 2364 1834 2401 secundum
1865 2364 2047 2402 rationem
2076 2366 2281 2414 propriam,
2302 2367 2348 2404 sit
2365 2367 2469 2416 prius

1405 2428 1521 2464 quam
1551 2417 1738 2463 Persona,
1777 2417 1987 2454 secundum
2022 2418 2183 2455 modum
2220 2419 2468 2468 intelligendi;

1404 2477 1553 2515 tamen,
1584 2468 1810 2516 inquantum
1847 2470 1963 2507 habet
1999 2471 2184 2508 rationem
2218 2473 2468 2521 appropriati,

1405 2521 1496 2558 nihil
1510 2521 1688 2569 prohibet
1700 2522 1899 2570 proprium
1915 2524 2107 2560 Personae
2127 2536 2209 2561 esse
2227 2524 2332 2573 prius
2351 2538 2468 2574 quam

1403 2574 1703 2623 appropriatum.
1734 2574 1839 2621 Sicut
1864 2576 1969 2612 color
1995 2577 2183 2624 posterior
2211 2586 2266 2614 est
2295 2591 2466 2627 corpore,

1403 2627 1629 2675 inquantum
1659 2634 1715 2664 est
1743 2640 1897 2676 corpus:
1926 2629 2030 2677 prius
2058 2637 2187 2667 tamen
2208 2639 2264 2668 est
2282 2628 2295 2651 ⁰
2318 2640 2467 2669 natura-

1403 2680 1485 2716 liter
1513 2691 1672 2728 corpore
1699 2680 1802 2726 albo,
1831 2681 2059 2730 inquantum
2088 2691 2143 2719 est
2171 2684 2313 2721 album.

1455 2794 1480 2827 ὃ)
1499 2802 1555 2820 esse
1573 2796 1759 2827 appropriata.
1777 2809 1796 2814 -
1814 2796 1989 2827 appropriari
2007 2796 2036 2822 F.

1456 2830 1478 2861 ε)
1499 2833 1596 2855 tamen.
1614 2844 1633 2849 -
1651 2831 1775 2855 Personis
1793 2831 1863 2855 addit
1880 2832 1910 2856 B.
1929 2831 1999 2856 Idem
2018 2839 2066 2864 pro
2085 2832 2244 2862 declaretur,
2264 2833 2440 2859 declarentur.

1456 2864 1482 2897 ζ)
1500 2866 1615 2897 sapiens.
1632 2880 1651 2884 -
1668 2866 1800 2898 sapientes
1818 2867 1848 2896 B,
1866 2867 1998 2898 sapientia
2016 2867 2078 2892 Pub.

1456 2900 1483 2932 η)
1502 2901 1642 2933 sapientia.
1660 2914 1679 2920 -
1696 2901 1816 2932 sapiente
1833 2901 1910 2927 ACE.

1457 2934 1481 2968 θ)
1501 2939 1548 2961 est.
1566 2950 1584 2955 -
1603 2936 1664 2961 Om.
1679 2936 1859 2962 ABDEFGab.
1875 2950 1894 2956 -
1913 2937 1973 2970 Seq.
1992 2941 2033 2963 est
2050 2946 2103 2963 orn.
2117 2938 2263 2964 ACDEFG.

966 3013 1297 3047 Commentaria
1320 3013 1569 3047 Cardinalis
1592 3014 1791 3047 Caietam

1458 3102 1563 3133 Prima
1582 3103 1807 3144 consequentia
1822 3104 1974 3144 probatur
1990 3105 2164 3145 dupliciter.
2181 3106 2302 3143 Psimo,
2327 3107 2403 3147 quia
2418 3117 2464 3138 es-

1403 3147 1545 3177 sentialia
1567 3154 1702 3187 possunt
1725 3147 1846 3178 ratione
1868 3149 2002 3179 naturali
2026 3149 2187 3190 cognosci:
2213 3151 2391 3190 personales
2411 3161 2465 3182 au-

1403 3197 1468 3221 tem
1491 3191 1696 3231 proprietates
1720 3202 1795 3222 non.
1821 3192 1987 3229 Secundo,
2014 3203 2051 3223 ex
2074 3194 2182 3224 simili:
2207 3194 2288 3225 sicut
2309 3195 2466 3226 Personae

1403 3234 1643 3265 manifestantur
1665 3245 1721 3276 per
1749 3236 1989 3267 similitudinem
2019 3237 2140 3277 vestigii
2163 3238 2212 3268 vel
2235 3238 2398 3278 imaginis,
2422 3239 2466 3270 ita

1402 3289 1458 3319 per
1477 3279 1660 3310 essentialia.
1686 3297 1704 3302 -
1729 3280 1873 3311 Secunda
1896 3288 2003 3311 autem
2030 3282 2157 3322 sequela
2181 3282 2369 3313 declaratur:
2391 3283 2465 3324 quia

1402 3323 1627 3363 appropriatio,
1644 3323 1676 3353 in
1692 3324 1869 3364 proposito,
1882 3325 1960 3355 nihil
1977 3325 2063 3355 aliud
2079 3332 2126 3356 est
2141 3336 2239 3366 quam
2254 3327 2464 3359 manifestatio

1401 3367 1612 3397 Personarum
1635 3377 1691 3407 per
1714 3368 1888 3399 essentialia
1911 3369 2067 3400 attributa.

1459 3411 1616 3449 Secundo,
1633 3411 1725 3451 ponit
1743 3412 1824 3443 duos
1840 3413 1999 3452 generales
2014 3414 2130 3444 modos
2146 3414 2386 3455 appropriandi:
2407 3415 2463 3446 sci-

1400 3455 1473 3485 licet
1495 3465 1551 3495 per
1579 3455 1819 3486 similitudinem
1846 3457 1885 3486 ad
1912 3457 2039 3497 propria
2072 3458 2302 3495 Personarum3
2318 3466 2382 3490 >aut
2408 3469 2465 3500 per

1402 3499 1689 3530 dissimilitudinem
1718 3500 1758 3530 ad
1780 3500 2033 3541 imperfectiones
2060 3501 2202 3532 inventas
2233 3503 2319 3543 apud
2348 3513 2407 3534 nos
2430 3503 2462 3533 in

1402 3543 1544 3583 personis
1561 3544 1735 3574 eorundem
1759 3544 1938 3581 nominum,
1956 3552 2033 3584 puta
2050 3546 2191 3586 patribus
2210 3554 2265 3578 aut
2282 3546 2364 3584 filiis,
2386 3554 2462 3583 etc.;

1403 3594 1438 3618 ut
1461 3587 1493 3617 in
1518 3588 1660 3628 sequenti
1685 3587 1816 3618 articulo
1840 3589 1920 3619 clare
1943 3596 2039 3630 patet.

2496 1161 2504 1169 '
2519 1158 2578 1180 Vide
2597 1159 2661 1187 Hug.
2678 1160 2707 1181 de

2495 1185 2521 1207 S.
2530 1185 2601 1212 vien,
2617 1186 2646 1217 ae
2659 1186 2708 1208 Sa-

2495 1213 2706 1266 §Zit'ssnstssfffila

2495 1529 2504 1537 ‘
2518 1527 2544 1549 In
2559 1533 2665 1555 corpore.
