2768 4178
41 448 54 461 ⁸
66 447 141 471 Num.
154 453 189 470 vr.

925 280 1192 327 QUAESTIO
1222 280 1436 327 XXXVIII,
1465 280 1762 318 ARTICULUS
1791 282 1822 317 II

285 366 364 398 ergo
381 358 528 397 procedit
551 364 587 389 ut
602 360 747 399 primum
774 359 912 396 donum,
937 359 1011 400 quia
1033 369 1124 390 amor
1147 358 1349 389 essentialiter

284 408 450 442 sumptus,
477 412 514 433 ex
536 403 636 433 modo
659 402 850 443 procedendi
880 403 1037 434 clauditur
1059 403 1093 433 in
1116 403 1236 434 ratione
1264 402 1348 432 illius

283 445 500 486 impressionis
518 446 552 477 in
571 447 703 488 obliquo
712 455 720 483 ;
744 446 825 478 sicut
839 446 974 477 diximus
989 446 1006 466 *
1029 447 1068 477 de
1083 447 1189 478 Verbo
1205 453 1349 486 respectu

284 489 431 527 notitiae,
455 497 487 521 et
511 500 648 531 persona
674 496 818 531 respectu
845 497 986 523 naturae.
1015 490 1123 522 Etsic
1145 490 1225 521 nihil
1247 491 1351 523 obstat

285 534 375 575 quod
398 534 436 564 de
460 544 568 565 amore
591 534 747 565 essentiali
770 534 941 575 probatum
956 534 997 566 sit
1011 544 1078 565 esse
1097 534 1230 570 donum,
1255 541 1286 565 et
1303 540 1350 565 ta-

285 587 360 608 men
374 577 437 609 hoc
456 578 623 610 conveniat
635 578 749 609 Amori
763 578 969 619 personaliter
984 585 1115 619 sumpto
1130 578 1251 609 ratione
1265 578 1350 609 illius

284 621 408 653 inclusi.
645 626 647 628 ’
783 624 787 628 ”

345 666 500 704 Quamvis
531 666 592 697 dici
619 665 736 706 possit,
760 672 791 696 et
812 675 901 702 vere,
925 666 1014 707 quod
1038 676 1104 697 esse
1128 666 1270 707 primum
1293 667 1350 697 do-

285 719 365 740 num
377 709 541 750 ‘probatur
563 710 602 739 de
623 709 832 750 impressione
854 710 907 740 illa
930 710 964 740 in
983 711 1157 748 communi,
1179 717 1209 742 et
1227 710 1349 747 deinde,

284 754 484 784 ascendendo
507 754 548 784 ad
571 753 693 790 divina,
716 753 849 784 infertur
872 754 1040 785 convenire
1063 754 1193 795 Spiritui
1216 755 1348 792 Sancto,

285 797 341 838 qui
357 803 404 828 est
417 797 470 828 illa
485 797 662 838 impressio.
686 797 748 828 Sed
767 798 921 839 quoniam
944 805 991 829 est
1012 808 1060 829 res
1084 799 1220 835 relativa,
1241 805 1271 830 et
1293 799 1350 830 iste

284 847 444 883 respectus
475 841 554 872 doni
584 841 744 873 invenitur
773 842 940 873 convenire
971 842 1172 883 impressioni
1197 843 1231 874 in
1264 853 1351 874 corn-

283 884 376 916 muni
403 884 524 916 ratione
547 885 699 922 absoluti,
723 885 796 917 ideo
821 886 1086 928 subintelligimus
1109 887 1199 929 quod
1222 887 1351 928 Spiritui

283 927 592 979 Sancto-conveniat
613 929 676 961 hoc
699 930 821 962 ratione
845 930 990 969 absoluti,
1008 938 1044 963 ut
1060 931 1157 963 clausi
1177 931 1210 962 in
1230 931 1351 963 ratione

283 973 458 1014 respecnvi.

2389 281 2461 327 395

1459 359 1570 390 Posset
1593 366 1623 390 et
1645 359 1737 390 tertio
1754 358 1815 390 dici
1833 359 1932 400 quod,
1954 369 2027 390 cum
2043 359 2156 390 dicitur
2173 359 2313 400 Spiritus
2327 359 2466 390 Sanctus

1397 403 1544 443 procedit
1568 408 1603 434 ut
1624 404 1735 440 Amor,
1759 403 1792 444 ly
1816 408 1851 434 ut
1874 410 1963 434 notat
1986 404 2114 435 modum
2138 403 2255 434 amoris
2278 403 2464 434 essentialis:

1403 447 1557 488 quoniam
1581 457 1687 478 revera
1709 447 1749 477 ad
1764 447 1901 478 modum
1918 447 2002 479 illius
2018 448 2168 488 procedit.
2193 448 2234 478 Et
2252 447 2295 478 sic
2314 457 2351 478 ex
2365 447 2465 478 modo

1403 491 1594 532 procedendi
1615 491 1717 532 magis
1739 501 1839 533 quam
1857 501 1894 522 ex
1912 492 2102 532 proprietate
2120 491 2328 532 procedentiS,
2353 492 2467 532 proba-

1402 541 1454 569 tur
1472 535 1618 572 Donum,
1642 535 1752 576 quoad
1775 542 1953 576 respectum
1971 535 2100 566 rationis
2119 536 2158 566 ad
2177 535 2260 566 illius
2280 535 2465 576 susceptiva,

1404 589 1471 609 esse
1494 579 1661 620 proprium
1680 589 1799 611 nomen
1818 579 1952 620 Spiritus
1972 579 2086 616 Sancti,
2105 579 2298 611 cointellecta
2316 579 2466 610 relatione

1403 633 1543 663 onglms.

1437 663 1441 667 ”
1459 667 1543 698 VIII.
1567 667 1609 698 Et
1630 677 1671 698 ne
1693 667 1810 698 fallaris
1832 667 1866 698 in
1883 667 2070 699 huiusmodi
2093 667 2276 698 nominibus
2295 668 2387 707 plura
2403 667 2466 697 im-

1404 711 1613 752 portantibus,
1637 711 1742 742 iudica
1765 712 1803 742 de
1828 712 1871 743 eis
1895 712 1975 743 sicut
1998 712 2036 742 de
2060 711 2232 752 complexis
2255 722 2292 742 ex
2311 711 2468 742 notionali

1405 762 1436 786 et
1458 755 1630 792 essentiali,
1654 762 1731 796 puta
1754 755 1920 796 Sapientia
1941 757 2072 797 genita,
2097 756 2198 786 Amor
2213 755 2410 796 productus,
2436 762 2467 786 et

1405 799 1568 831 similibus.
1593 799 1768 837 Quodlibet
1783 800 1869 830 enim
1883 800 2001 830 horum
2024 800 2191 840 proprium
2210 809 2328 830 nomen
2347 806 2394 830 est
2412 799 2467 829 ali-

1405 844 1495 874 cuius
1522 844 1679 874 Personae
1706 842 1828 875 ratione
1843 844 1952 875 'totius
1983 843 2143 875 coniuncti
2173 843 2284 874 simul:
2313 843 2379 880 vel,
2404 853 2469 874 una

1405 898 1477 928 pars
1499 888 1621 919 ratione
1644 887 1772 919 alterius
1802 887 1883 919 inter
1905 887 2032 929 propria
2063 894 2276 928 computatur·
2305 887 2355 918 Sic
2383 887 2468 918 enim

1405 931 1516 963 accidit
1546 932 1585 962 de
1614 932 1711 962 Dono
1736 938 1767 963 et
1789 931 1960 968 similibus,
1990 938 2025 963 ut
2049 932 2087 963 de
2111 942 2143 962 se
2166 938 2252 972 patet
2281 930 2467 961 resolvendo

1406 976 1511 1007 clausa
1533 975 1566 1006 in
1590 985 1703 1007 eorum
1726 974 2016 1017 significationibus.
