2768 4178
51 489 61 499 ⁸
78 489 124 515 Qu.
141 493 167 514 ιι,
184 491 226 508 art.
242 493 263 516 3.

53 701 62 709 ·
78 699 107 720 D.
122 699 173 725 462.

58 1468 66 1476 ·
84 1466 119 1487 De
133 1466 211 1488 Subsl.
226 1466 270 1487 Or-

58 1493 100 1520 bis,
116 1499 166 1520 cap.
178 1499 199 1514 ιι.

59 1552 70 1562 ·
84 1551 110 1572 In
130 1551 170 1572 lib.
188 1551 271 1572 Fontis

65 1578 137 1599 Vitae.

63 2175 73 2184 '⁸
90 2174 140 2201 Qu.
157 2180 179 2200 u,
195 2177 237 2195 art.
252 2180 272 2202 3.

65 2751 119 2773 ·.Cf
126 2756 189 2772 num.
193 2756 276 2778 praec.¹

67 2777 156 2799 Tertio.

67 2973 74 2980 ·
92 2971 148 2999 Cap.
160 2977 189 2997 iv,
202 2977 223 2992 n.
235 2976 265 2992 ια,

70 3459 81 3469 “
103 3457 138 3479 Cf.
162 3463 227 3479 num.
250 3463 281 3484 u,

72 3484 162 3505 Tertio.

288 292 336 329 38

291 381 441 424 oportet
473 373 578 423 quod
606 373 652 410 sit
679 373 805 422 primo
841 381 877 409 et
904 385 973 422 per
1001 385 1042 410 se
1080 373 1216 409 forma.
1255 373 1362 409 Deus

291 436 419 465 autem
449 435 504 464 est
530 426 700 476 primum
728 438 861 474 agens,
893 439 981 463 cum
1010 426 1056 463 sit
1088 425 1213 474 prima
1248 437 1362 462 causa

293 481 472 528 efficiens,
493 488 535 517 ut
563 488 760 517 ostensum
782 487 837 516 est
855 479 886 517 ²¹³.
917 480 986 517 Est
1014 479 1123 527 igitur
1146 490 1216 528 per
1236 490 1362 515 essen-

291 535 384 572 tiam
413 546 523 571 suam
543 534 688 580 forma;
718 541 755 570 et
773 546 854 570 non
874 532 1109 582 compositus
1130 544 1174 568 ex
1203 531 1363 568 materia

294 596 329 625 et
357 588 492 624 forma.

346 643 405 678 AD
435 652 572 678 Palmum
601 651 699 677 ERGO
720 652 904 677 DICENDUM
924 639 1029 689 quod
1049 638 1176 676 anima
1196 638 1363 675 attribui-

293 702 353 732 tur
380 695 466 731 Deo
495 706 565 743 per
591 693 878 730 similitudinem
899 700 1004 730 actus
1021 692 1052 729 ³⁸.
1083 691 1201 738 Quod
1220 697 1234 717 ⁷
1260 691 1362 728 enim

292 748 474 784 volumus
494 746 635 796 aliquid
655 746 779 794 nobis,
802 759 845 783 ex
862 746 990 783 anima
1010 752 1139 782 nostra
1159 752 1230 781 est:
1258 744 1363 782 unde

294 801 386 838 illud
414 800 549 838 dicitur
573 813 656 837 esse
674 800 855 849 placitum
873 797 886 820 ὅ
905 799 1058 837 animae
1077 798 1162 846 Dei,
1183 797 1288 847 quod
1309 805 1365 834 est

293 854 474 903 placitum
502 853 690 891 voluntati
717 853 847 902 ipsius.

348 910 407 944 Αι)
436 919 626 945 SECUNDUM
655 919 839 952 melerinum
869 905 974 955 quod
1002 905 1057 942 ira
1081 912 1118 941 et
1142 903 1363 941 huiusmodi

295 961 547 998 attribuuntur
580 962 665 997 Deo
699 959 910 997 secundum
950 957 1234 996 similitudinem
1274 957 1364 994 effe-

348 1111 374 1154 γ)
397 1111 483 1141 Quod.
501 1125 519 1130 —
539 1111 570 1135 Si
587 1110 732 1135 ABCDEF.

348 1146 373 1179 δ)
391 1147 530 1178 placitum.
548 1159 567 1165 —
585 1146 622 1171 ad
636 1145 767 1178 placitum
787 1145 840 1169 BD.
860 1157 878 1164 —-
897 1144 948 1168 Pro
967 1144 1058 1176 ipsius,
1079 1143 1135 1168 eius
1154 1143 1277 1168 ABCDE.

1010 292 1278 340 QUAESTIO
1310 294 1376 340 ΙΙΙ,
1407 291 1704 329 ARTICULUS
1735 292 1767 328 II

1417 378 1516 408 ctus:
1547 371 1637 420 quia
1675 370 1778 408 enim
1809 369 2010 419 proprium
2049 377 2104 406 est
2140 369 2222 406 irati
2249 369 2406 418 punire,
2437 369 2491 406 ira

1417 424 1498 461 eius
1518 430 1528 445 ⁸
1555 424 1701 473 punitio
1731 423 1993 473 metaphorice
2022 430 2194 460 vocatur.

1469 480 1529 515 AD
1557 489 1718 515 τΕιιτιυΜ
1746 489 1932 515 DICENDUM
1965 476 2071 526 quod
2100 476 2247 513 formae
2277 488 2375 525 quae
2404 482 2492 513 sunt

1417 530 1656 580 receptibiles
1683 531 1722 568 in
1749 530 1926 578 materia,
1955 529 2242 568 individuantur
2269 542 2339 579 per
2372 537 2492 567 mate·

1417 584 1574 631 riam.*‚
1603 596 1704 632 quae
1738 596 1817 621 non
1853 591 1980 633 potest
2013 596 2097 620 esse
2134 584 2172 621 in
2201 583 2296 630 alio,
2327 595 2417 620 curn
2446 582 2493 620 sit

1415 637 1583 686 primum
1604 637 1819 675 subiectum
1844 638 2021 675 substans
2037 638 2066 674 5:
2097 637 2223 674 forma
2241 649 2350 685 ver0,
2372 649 2492 686 quan-

1416 698 1508 734 tum,
1529 698 1586 728 est
1605 691 1653 728 de
1682 703 1735 738 se,
1761 691 1832 728 nisi
1861 691 2003 741 aliquid
2032 691 2133 728 aliud
2161 690 2356 739 impediat,
2377 689 2493 740 recipi

1415 751 1543 793 potest
1571 757 1593 786 a
1616 744 1789 794 pluribus
1808 744 1839 782 ²¹⁶.
1871 744 1950 782 Sed
1973 744 2035 782 illa
2063 745 2189 782 forma
2217 756 2317 793 quae
2337 756 2417 781 non
2437 748 2494 781 est

1417 797 1644 846 receptibilis
1673 797 1712 834 in
1740 797 1911 845 materia,
1933 798 2000 835 sed
2031 806 2086 835 est
2113 810 2184 847 per
2211 810 2253 835 se
2268 797 2492 845 subsistens,

1417 863 1463 887 ex
1491 851 1567 888 hoe
1595 850 1679 900 ipso
1706 851 1976 899 individuatur‚
1998 851 2104 901 quod
2125 864 2205 889 non
2231 859 2359 900 potest
2378 851 2495 901 recipi

1417 903 1456 940 in
1475 903 1567 940 alio:
1599 911 1635 940 et
1662 904 1885 942 huiusmodi
1913 905 2038 942 forma
2059 912 2115 942 est
2134 906 2252 942 Deus.
2282 905 2394 943 Unde
2414 917 2493 942 non

1419 957 1588 1006 sequitur
1617 957 1723 1005 quod
1751 958 1892 995 habeat
1919 958 2132 996 materiam.

1474 1116 1484 1132 ε
1517 1107 1559 1132 ira
1577 1107 1642 1133 eius.
1659 1121 1678 1127 —
1697 1108 1736 1133 ita
1754 1108 1811 1133 eius
1829 1108 1862 1140 G,
1881 1109 1938 1133 eius
1957 1108 2000 1133 ira
2018 1109 2082 1134 Pab-

1489 1145 1499 1176 )
1518 1144 1650 1169 substans.
1666 1156 1686 1164 —
1705 1143 1766 1169 Om.
1781 1143 1883 1169 codices
1903 1148 1929 1168 et
1946 1151 1964 1169 a
1974 1144 1998 1169 b.

980 1231 1313 1264 Commentafia
1335 1231 1585 1264 cardinalis
1607 1231 1807 1265 Caietam

325 1334 345 1354 N
369 1323 472 1360 titulo,
498 1323 622 1353 adverte
645 1322 748 1363 quod,
772 1321 844 1352 licet
867 1320 953 1362 apud
977 1331 1000 1351 s.
1017 1320 1165 1351 Thomae
1189 1319 1366 1351 doctn'nam

299 1336 393 1399 Iesse
425 1377 540 1408 corpus
564 1374 594 1397 et
617 1376 684 1397 esse
718 1365 934 1406 compositum
966 1375 1002 1395 ex
1031 1365 1161 1396 materia
1189 1372 1220 1396 et
1242 1364 1364 1401 forma,

297 1418 572 1443 convertantursset
595 1411 680 1441 idem
713 1410 790 1446 sint;
815 1417 970 1445 attamen,
995 1409 1070 1450 quia
1093 1419 1159 1440 non
1183 1416 1258 1440 sunt
1280 1409 1366 1440 idem

296 1457 383 1498 apud
399 1456 477 1487 alios
493 1466 550 1487 nec
575 1462 802 1486 convertuntur
818 1453 986 1497 (Averroes
1003 1454 1090 1484 enim
1105 1453 1198 1495 ponit
1213 1453 1231 1473 *
1250 1463 1366 1495 corpus

297 1502 329 1532 in
353 1501 450 1537 caelo,
476 1507 506 1531 et
528 1507 634 1531 tamen
658 1510 724 1530 non
745 1499 962 1540 compositum
986 1509 1023 1529 ex
1046 1498 1176 1529 materia
1195 1505 1226 1530 et
1245 1498 1364 1529 forma:

297 1546 476 1577 Avicebron
500 1551 607 1575 autem
624 1544 716 1585 ponit
729 1544 747 1563 *
770 1543 987 1584 compositum
1004 1553 1041 1574 ex
1064 1542 1194 1574 materia
1217 1550 1247 1574 et
1263 1542 1366 1574 forma

298 1591 331 1620 in
355 1589 535 1621 substantiis
558 1589 782 1630 spiritualibus,
803 1595 833 1619 et
849 1595 955 1619 tamen
975 1598 1041 1618 non
1065 1586 1206 1630 corpus),
1231 1587 1313 1624 ideo,
1331 1594 1367 1618 ut

299 1634 501 1665 omnifariam
525 1633 683 1674 completa
707 1633 746 1664 sit
770 1633 920 1669 doctrina,
937 1642 1084 1673 praesens
1104 1639 1251 1664 movetur
1269 1642 1365 1674 quae-

299 1679 377 1716 stio,
406 1689 446 1709 an
478 1679 564 1709 Deus
597 1678 636 1709 sit
664 1677 862 1718 compositus
893 1687 930 1708 ex
962 1677 1093 1708 materia
1124 1684 1154 1708 et
1182 1676 1295 1708 forma.
1326 1677 1367 1707 Et

299 1731 465 1764 propterea
488 1733 600 1753 omnes
624 1722 760 1753 rationes
783 1722 816 1752 in
839 1722 940 1753 littera
964 1721 1086 1763 positae
1107 1728 1240 1753 utuntur
1254 1721 1367 1752 mediis

299 1767 549 1799 abstrahentibus
573 1777 590 1797 a
614 1766 821 1808 corporeitate
838 1774 868 1797 et
891 1766 1074 1807 quantitate,
1091 1773 1248 1807 quatenus
1264 1766 1366 1797 exclu-

299 1814 374 1843 dant
397 1812 492 1843 etiam
516 1811 679 1842 materiam
703 1811 908 1852 spiritualem.

353 1857 389 1888 II.
416 1857 450 1887 In
475 1866 607 1897 corpore
635 1866 699 1886 una
728 1855 910 1891 conclusio,
934 1855 1119 1896 responsiva
1142 1855 1287 1897 quaesito
1312 1865 1366 1885 ne-

298 1902 416 1942 gative:
442 1900 638 1942 Impossibile
662 1907 708 1931 est
731 1900 764 1930 in
788 1900 858 1931 Deo
883 1909 949 1930 esse
968 1900 1143 1931 materiam.
1168 1918 1188 1923 -
1210 1900 1367 1930 Probatur

297 1946 469 1987 tripliciter.
493 1946 613 1976 Primo.
644 1945 731 1975 Deus
756 1951 802 1975 est
825 1954 924 1985 purus
954 1951 1057 1975 actus:
1083 1954 1158 1985 ergo
1182 1954 1250 1975 non
1273 1944 1368 1975 habet

298 1991 472 2022 materiam.
496 1990 651 2020 Probatur
674 1989 817 2029 sequela:
843 1989 919 2030 quia
942 1988 1072 2020 materia
1095 1996 1142 2020 est
1164 1989 1197 2019 in
1213 1989 1365 2030 potentia.

350 2035 506 2066 Secundo.
532 2034 619 2064 Deus
643 2040 689 2064 est
712 2033 852 2073 primurn
877 2034 1010 2069 bonum,
1032 2040 1062 2064 et
1086 2033 1266 2074 optimum:
1291 2043 1366 2074 ergo

297 2081 421 2110 bonum
445 2089 510 2109 non
535 2088 591 2119 per
613 2077 897 2118 participationem,
921 2078 977 2108 sed
999 2087 1055 2118 per
1079 2078 1255 2109 essentiam.
1281 2078 1366 2118 Ergo
1401 2085 1403 2089 ·

298 2134 364 2155 non
388 2130 434 2154 est
457 2122 654 2163 compositus
679 2132 715 2152 ex
739 2122 868 2153 materia
892 2129 922 2153 et
947 2121 1059 2153 forma.
1075 2123 1306 2154 —Antecedens
1331 2132 1367 2153 ex

298 2168 556 2210 praecedentibus
564 2167 581 2186 '¹‘
591 2173 686 2207 patet.
698 2166 803 2197 Prima
820 2167 1047 2207 consequentia
1059 2167 1221 2207 probatur.
1233 2168 1363 2198 Bonum

299 2223 355 2254 per
378 2213 546 2243 essentiam
569 2211 656 2252 prius
680 2218 726 2242 est
749 2212 836 2242 bono
856 2220 912 2251 per
926 2211 1215 2251 participationem:
1241 2221 1326 2252 ergo,
1342 2211 1367 2241 si

298 2259 386 2288 Deus
411 2264 456 2287 est
480 2257 631 2297 primurn,
649 2262 708 2286 etc.
733 2255 878 2286 Secunda
894 2265 979 2286 vero·
1005 2254 1234 2296 Compositum
1251 2263 1297 2286 est
1312 2256 1367 2286 bo-

300 2312 379 2333 num
403 2311 458 2342 per
481 2310 573 2332 suam
596 2300 749 2330 formam:
775 2309 849 2340 ergo
874 2309 930 2340 per
954 2299 1237 2340 participationem,
1258 2310 1368 2331 secun-

301 2347 379 2376 dum
403 2345 520 2376 scilicet
539 2345 627 2386 quod
650 2344 779 2375 materia
803 2344 967 2384 participat
986 2343 1136 2375 formam:
1163 2355 1237 2384 ergo
1258 2345 1293 2381 si,
1310 2351 1368 2375 etc.

360 2391 475 2421 Tertio.
496 2390 583 2420 Deus
602 2396 648 2420 est
667 2388 768 2429 prima
785 2398 879 2419 causa
894 2387 1048 2419 efficiens:
1073 2398 1148 2429 ergo
1165 2396 1212 2420 est
1228 2389 1369 2429 primum

301 2443 331 2466 et
351 2445 406 2475 per
429 2445 461 2465 se
481 2443 589 2474 agens:
616 2443 690 2474 ergo
710 2440 756 2464 est
771 2433 876 2474 primo
894 2439 925 2464 et
939 2443 995 2473 per
1010 2443 1043 2464 se
1063 2433 1176 2464 forma.
1201 2433 1286 2474 Ergo
1304 2443 1369 2464 non

302 2487 348 2510 est
371 2478 568 2519 compositus
593 2488 629 2508 ex
657 2477 786 2508 materia
813 2485 844 2508 et
872 2477 986 2508 forma.
1011 2495 1030 2500 —
1054 2478 1270 2514 Antecedens,
1296 2487 1370 2509 cum

302 2524 404 2564 prima
420 2522 654 2564 consequentia,
672 2522 859 2573 relinquitur
875 2532 933 2562 pro
951 2521 1117 2553 constanti.
1135 2522 1280 2554 Secunda
1295 2532 1370 2553 vero

303 2569 463 2609 probatur.
489 2567 596 2599 Omne
612 2577 707 2607 agens
722 2567 785 2607 agit
801 2576 857 2607 per
872 2576 964 2597 suam
984 2565 1135 2597 formam:
1161 2577 1236 2607 ergo
1252 2576 1371 2597 unum-

303 2613 454 2654 quodque
478 2612 522 2642 sic
545 2622 578 2642 se
602 2612 695 2642 habet
718 2612 757 2641 ad
782 2620 848 2642 esse
868 2621 973 2661 agens,
991 2610 1071 2642 sicut
1085 2611 1125 2641 ad
1140 2621 1206 2642 esse
1222 2611 1371 2647 formam,

304 2665 334 2688 et
358 2668 374 2688 e
399 2665 568 2688 converso:
594 2665 685 2696 ergo,
710 2656 735 2686 si
760 2662 806 2686 est
834 2655 975 2696 primurn
999 2662 1029 2686 et
1053 2665 1109 2696 per
1132 2666 1165 2686 se
1188 2665 1300 2696 agens,
1326 2662 1374 2687 est

304 2702 408 2742 primo
434 2708 463 2732 et
487 2711 542 2742 per
566 2711 598 2731 se
622 2700 734 2736 forma,
759 2707 817 2731 etc.

359 2746 410 2776 III.
431 2745 522 2776 Circa
538 2745 674 2786 primam
694 2744 955 2785 consequentiam
967 2743 993 2780 *,
1011 2745 1137 2775 adverte
1158 2745 1247 2786 quod
1266 2744 1373 2786 aequi-

305 2801 383 2821 voce
407 2789 650 2831 quodammodo
674 2788 811 2819 sumitur
834 2788 866 2829 ly
891 2790 1035 2829 primum
1060 2789 1092 2819 in
1117 2789 1319 2820 antecedente
1343 2795 1373 2819 et

306 2838 528 2875 consequente.
553 2834 636 2864 Nam
653 2833 684 2863 in
701 2833 903 2867 antecedente
919 2833 1056 2864 sumitur
1071 2841 1106 2864 ut
1122 2841 1212 2865 notat
1228 2833 1373 2864 ordinem

306 2879 475 2921 prioritatis
497 2884 639 2918 respectu
665 2884 842 2908 ceterorum
861 2876 1082 2908 efficientium:
1107 2878 1139 2908 in
1159 2884 1374 2919 consequente

306 2934 380 2955 vero
405 2923 541 2954 sumitur
568 2929 604 2954 ut
627 2921 780 2962 significat
807 2922 981 2953 secundum
1010 2923 1095 2963 quod
1125 2924 1247 2963 ipsum,
1282 2929 1318 2954 ut
1340 2922 1373 2953 in

307 2969 317 3000 Ι
335 2969 456 2999 Poster.
467 2967 484 2987 *
500 2966 703 3007 distinguitur
720 2967 829 3007 primo
849 2973 959 2997 contra
972 2976 1036 3007 per
1051 2977 1086 2998 se
1102 2974 1132 2998 et
1151 2967 1192 2999 de
1206 2968 1303 2998 omni.
1329 2967 1375 2998 lta

306 3013 396 3055 quod
410 3022 447 3043 ex
466 3012 528 3043 hoc
545 3011 634 3053 quod
657 3011 744 3042 Deus
768 3018 814 3041 est
836 3010 916 3041 inter
939 3020 1048 3041 causas
1072 3011 1242 3043 efficientes
1260 3011 1373 3052 prima,

306 3057 447 3093 infertur,
464 3066 544 3098 ergo
559 3056 650 3086 Deus
666 3060 713 3086 est
722 3065 786 3096 per
801 3064 835 3086 se
851 3056 972 3096 primo,
994 3055 1075 3086 idest
1096 3056 1272 3087 secundum
1289 3055 1375 3097 quod

306 3104 421 3143 ipsum,
438 3101 591 3143 efficiens.
612 3100 653 3131 Et
668 3106 753 3131 tenet
771 3099 912 3140 sequela:
933 3100 1088 3140 quoniam
1108 3110 1173 3131 non
1190 3100 1374 3141 contingen-

306 3154 365 3183 ter,
390 3146 445 3177 sed
464 3144 656 3180 necessario,
681 3151 711 3175 et
738 3144 915 3175 secundum
937 3144 1135 3175 essentialem
1159 3144 1375 3176 causalitatem

307 3201 401 3231 super
428 3189 487 3221 alia
511 3189 692 3225 efficientia,
718 3188 866 3219 convenit
891 3188 919 3219 ei
944 3198 1010 3219 esse
1038 3189 1176 3229 primam
1203 3189 1285 3220 inter
1308 3188 1374 3219 effi-

307 3235 422 3266 cientes
444 3244 562 3270 causas,
583 3240 619 3264 ut
642 3234 680 3264 de
699 3243 731 3264 se
755 3239 849 3273 patet.
875 3233 933 3263 His
949 3233 1035 3263 enim
1059 3233 1286 3270 constantibus,
1310 3233 1374 3263 iam

308 3286 392 3320 patet
410 3279 499 3319 quod
515 3278 543 3309 ei
567 3277 715 3309 convenit
738 3287 804 3308 esse
829 3287 924 3318 agens
948 3287 1013 3308 non
1033 3287 1089 3318 per
1107 3278 1207 3314 aliud;
1232 3284 1263 3309 et
1285 3277 1375 3319 quod

308 3324 563 3364 quibuscumque
592 3322 759 3358 convenit,
792 3321 940 3352 convenit
970 3331 1026 3362 per
1057 3322 1175 3363 ipsum.
1209 3322 1306 3363 Igitur
1329 3328 1376 3352 est

302 3369 410 3408 primo
433 3377 546 3408 agens,
571 3367 656 3398 iuxta
680 3366 857 3397 doctrinam
880 3366 1077 3407 analyticam.

363 3412 415 3442 lv.
441 3411 531 3442 Circa
555 3411 816 3452 consequentiam
840 3417 1038 3451 assumptam
1061 3410 1093 3440 in
1118 3410 1307 3451 probatione
1329 3419 1375 3440 se-

309 3456 430 3488 cundae
454 3455 738 3497 consequentiae,
711 3455 729 3474 *
758 3455 845 3486 illam
861 3454 986 3491 scilicet,
1006 3464 1109 3496 agens
1124 3456 1195 3497 agit
1202 3464 1303 3529 perdl
1280 3463 1374 3486 suam

299 3500 447 3542 sormam
475 3507 548 3536 etc.,
574 3500 698 3531 adverte
722 3499 820 3541 quod,
841 3499 867 3530 si
890 3498 995 3530 forma
1018 3506 1064 3530 est
1087 3499 1166 3530 ratio
1190 3498 1303 3540 agendi
1294 3495 1377 3540 '(ut

309 3545 341 3575 in
365 3544 567 3575 antecedente
591 3543 771 3580 assumitur,
796 3550 826 3575 et
849 3543 966 3584 pluries
990 3543 1028 3574 ab
1045 3543 1214 3574 Aristotele
1237 3540 1375 3585 dicitur),

310 3598 435 3619 necesse
452 3595 498 3619 est
520 3588 609 3629 quod
632 3588 898 3629 unumquodque,
916 3587 997 3618 sicut
1011 3597 1043 3618 se
1060 3588 1154 3619 habet
1169 3587 1209 3618 ad
1228 3587 1375 3622 formam,

309 3633 352 3664 ita
375 3643 407 3663 se
430 3633 543 3663 habeat
566 3633 605 3663 ad
626 3633 781 3663 rationem
804 3632 926 3672 agendi,
948 3639 977 3663 et
1001 3638 1231 3673 consequenter
1253 3631 1293 3662 ad
1310 3641 1376 3662 esse

310 3677 462 3713 activum,
487 3686 504 3707 a
528 3677 623 3717 priori
648 3677 864 3717 procedendo:
890 3683 920 3708 et
943 3686 960 3707 e
985 3686 1147 3713 converso,
1172 3686 1190 3707 a
1209 3674 1376 3717 posteriori

1419 1321 1637 1361 procedendo,
1662 1321 1744 1352 sicut
1766 1321 1887 1363 aliquid
1911 1331 1943 1352 se
1967 1322 2061 1353 habet
2083 1323 2122 1353 ad
2147 1333 2213 1353 esse
2237 1323 2386 1360 activum,
2402 1323 2446 1354 ita
2461 1334 2495 1356 se

1419 1365 1532 1396 habeat
1565 1372 1691 1406 oportet
1714 1367 1754 1396 ad
1787 1366 1944 1397 rationem
1977 1367 2106 1408 agendi,
2132 1374 2162 1398 et
2193 1373 2425 1409 consequenter
2454 1368 2495 1398 ad

1420 1409 1568 1441 formam.
1588 1412 1635 1441 Ac
1654 1420 1711 1451 per
1728 1410 1791 1441 hoc
1809 1411 1894 1442 valet
1916 1412 2056 1442 secunda
2070 1412 2307 1453 consequentia,
2323 1413 2353 1443 si
2370 1412 2496 1453 aliquid

1420 1459 1467 1486 est
1483 1455 1592 1495 primo
1615 1456 1767 1494 activum,
1785 1461 1832 1487 est
1849 1457 1958 1496 primo
1975 1457 2060 1487 ratio
2075 1457 2198 1498 agendi
2211 1462 2242 1487 et
2256 1456 2386 1498 forma,
2403 1462 2435 1488 et
2449 1457 2497 1488 sic

1420 1509 1484 1530 non
1509 1505 1556 1530 est
1583 1501 1789 1540 compositum
1820 1510 1862 1531 ex
1891 1501 2028 1531 materia
2058 1506 2089 1532 et
2107 1500 2237 1542 forma.
2270 1501 2363 1532 Hanc
2386 1508 2495 1533 autem

1420 1543 1716 1575 convertibilitatem
1743 1544 1882 1576 insinuat
1910 1545 2031 1582 littera,
2063 1545 2143 1576 dum
2171 1545 2277 1586 primo
2306 1545 2382 1577 dicit
2404 1545 2495 1588 quod

1418 1588 1594 1619 secundum
1618 1589 1704 1630 quod
1726 1589 1850 1630 aliquid
1871 1598 1906 1620 se
1928 1589 2022 1620 habet
2044 1590 2088 1621 ad
2102 1589 2265 1630 sormam,
2285 1591 2333 1622 sic
2352 1600 2387 1622 se
2401 1590 2496 1622 habet

1419 1633 1463 1664 ad
1485 1633 1544 1664 hoc
1566 1634 1652 1674 quod
1674 1635 1715 1665 sit
1742 1643 1846 1675 agens
1851 1644 1866 1673 ;
1890 1641 1921 1665 et
1944 1633 2075 1670 deinde,
2101 1634 2397 1666 convertibilitatem
2420 1635 2495 1666 sub-

1419 1677 1612 1708 audiendam
1635 1678 1764 1715 volens,
1789 1678 1913 1709 subdit:
1939 1679 2024 1720 quod
2055 1680 2159 1720 igitur
2182 1684 2230 1710 est
2245 1689 2310 1720 per
2333 1689 2368 1711 se
2385 1680 2496 1720 primo

1420 1732 1534 1763 agens,
1560 1728 1607 1753 est
1623 1724 1733 1764 primo
1756 1728 1786 1754 et
1804 1733 1868 1764 per
1889 1732 1924 1754 se
1938 1723 2066 1764 forma.

1474 1767 1513 1798 V.
1539 1766 1601 1798 Sed
1625 1767 1706 1798 circa
1728 1767 1806 1798 haec
1830 1767 1967 1799 occurrit
1989 1767 2134 1799 dubium.
2161 1768 2326 1806 Quoniam
2349 1768 2402 1799 hic
2421 1778 2495 1809 pro-

1420 1821 1526 1842 cessus
1541 1811 1666 1843 videtur
1681 1811 1888 1852 sophisticus:
1910 1812 2066 1854 quoniam
2082 1813 2141 1843 sub
2157 1813 2220 1844 hoc
2239 1812 2417 1850 communi,
2435 1812 2495 1844 sci-

1419 1855 1490 1887 licet
1512 1865 1548 1887 se
1565 1856 1683 1887 habere
1701 1856 1744 1888 ad
1757 1856 1920 1897 sormam,
1938 1857 2139 1888 descenditur
2155 1857 2361 1888 determinate
2377 1857 2418 1888 ad
2432 1857 2496 1888 hoc

1419 1900 1564 1940 speciale,
1586 1900 1703 1932 scilicet
1726 1910 1795 1932 esse
1808 1900 1969 1942 sormam.
1995 1901 2262 1952 Unumquodque
2286 1901 2372 1932 enim
2395 1901 2439 1933 ita
2462 1911 2496 1933 se

1419 1945 1534 1975 habere
1557 1945 1598 1975 ad
1621 1944 1769 1981 formam,
1787 1952 1823 1976 ut
1846 1945 1887 1975 ad
1911 1955 1978 1976 esse
2002 1955 2107 1986 agens,
2127 1945 2330 1976 verissimum
2354 1953 2414 1977 est.
2440 1946 2496 1976 sed

1420 1999 1457 2020 ex
1481 1989 1543 2020 hoc
1569 1999 1635 2020 non
1659 1989 1731 2020 licet
1761 1990 1948 2020 subsumere
1972 1990 2232 2032 unumquodque
2255 1990 2298 2022 ita
2318 2000 2351 2021 se
2380 1990 2496 2021 habere

1420 2034 1459 2064 ad
1484 2044 1551 2064 esse
1576 2033 1714 2064 formam
1728 2058 1735 2070 ,
1762 2034 1844 2065 sicut
1867 2034 1906 2065 ad
1930 2044 1996 2065 esse
2021 2045 2127 2075 agens.
2156 2035 2246 2066 Tum
2274 2035 2350 2076 quia
2374 2042 2421 2066 est
2443 2045 2497 2066 so—

1421 2078 1546 2119 phisma
1568 2080 1800 2120 consequentis.
1824 2079 1913 2109 Tum
1929 2078 2004 2119 quia
2027 2079 2090 2110 hoc
2113 2078 2230 2110 falsum
2253 2086 2313 2110 est:
2339 2079 2496 2121 quoniam

1420 2123 1502 2164 ignis
1525 2133 1591 2154 non
1615 2123 1657 2154 ita
1680 2133 1713 2154 se
1737 2123 1830 2154 habet
1854 2123 1894 2153 ad
1918 2133 1985 2154 esse
2009 2123 2158 2160 calorem,
2179 2124 2260 2155 sicut
2283 2134 2316 2155 se
2339 2124 2434 2155 habet
2457 2123 2498 2154 ad

1421 2177 1487 2198 esse
1512 2167 1747 2204 calefactivum;
1777 2167 1852 2209 quia
1876 2167 1957 2208 ignis
1982 2174 2028 2199 est
2051 2167 2156 2208 primo
2187 2167 2405 2205 calefactivus‚
2429 2177 2498 2200 non

1421 2219 1528 2243 tamen
1559 2219 1606 2243 est
1633 2211 1738 2252 primo
1767 2212 1854 2243 calor
1877 2210 1965 2254 (imo
1997 2221 2061 2242 non
2091 2218 2138 2243 est
2167 2212 2269 2249 calor,
2294 2213 2349 2243 sed
2377 2213 2499 2244 habens

1421 2256 1514 2287 illum
1538 2266 1594 2296 per
1617 2266 1649 2287 se
1673 2255 1810 2298 primo);
1835 2263 1866 2287 et
1889 2263 1995 2287 tamen
2025 2256 2111 2287 calor
2135 2263 2182 2288 est
2209 2256 2313 2287 forma
2336 2257 2390 2288 illa
2413 2267 2496 2298 quae

1423 2308 1469 2332 est
1492 2300 1572 2331 ratio
1596 2300 1807 2331 calefaciendi.
1842 2300 1939 2341 Igitur
1963 2310 1999 2331 ex
2023 2300 2085 2332 hoc
2109 2302 2198 2342 quod
2227 2301 2347 2342 aliquid
2372 2308 2418 2332 est
2441 2311 2499 2342 per

1423 2355 1455 2376 se
1479 2344 1584 2385 primo
1608 2355 1721 2385 agens,
1746 2344 1824 2375 nihil
1847 2345 1933 2376 aliud
1962 2344 2069 2376 inferri
2093 2352 2214 2385 potest,
2245 2346 2303 2376 nisi
2328 2346 2418 2386 quod
2441 2355 2499 2386 per

1423 2399 1456 2421 se
1472 2389 1577 2430 primo
1593 2389 1686 2420 habet
1702 2389 1840 2420 formam
1861 2399 1944 2430 quae
1961 2396 2007 2420 est
2023 2389 2103 2420 ratio
2121 2390 2249 2430 agendi:
2275 2397 2306 2421 et
2325 2400 2392 2422 ιιοιι
2407 2390 2498 2432 quod

1423 2434 1463 2465 sit
1486 2444 1541 2475 per
1565 2444 1597 2465 se
1621 2433 1726 2475 primo
1750 2433 1867 2470 forma,
1893 2441 1929 2465 ut
1951 2434 1984 2464 in
2007 2433 2109 2465 littera
2131 2433 2176 2471 fit,
2202 2441 2260 2465 etc.

1477 2478 1531 2510 VI.
1554 2478 1606 2509 Ad
1629 2478 1692 2509 hoc
1720 2478 1850 2515 dicitur,
1875 2479 1965 2519 quod
1993 2485 2121 2519 oportet
2153 2478 2204 2510 hic
2227 2479 2388 2510 advertere
2412 2478 2496 2510 duo:

1424 2523 1539 2563 primo,
1560 2522 1639 2564 quid
1662 2522 1812 2563 importet
1831 2523 1863 2564 ly
1876 2532 1941 2564 per
1954 2532 1989 2554 se
1999 2524 2108 2564 primo
2118 2533 2133 2562 ,·
2156 2523 2309 2559 secundo,
2328 2523 2419 2564 quod
2437 2532 2499 2555 ser·

1425 2577 1538 2598 mones
1561 2567 1785 2607 interpretandi
1803 2574 1877 2598 sunt
1900 2577 2026 2607 semper
2039 2567 2218 2598 secundum
2241 2567 2416 2598 subiectam
2432 2577 2501 2599 ma-

1425 2611 1546 2643 teriam.
1571 2612 1619 2645 Ex
1641 2611 1690 2642 his
1714 2611 1801 2642 enim
1825 2611 1934 2642 omnia
1958 2618 2050 2643 erunt
2073 2611 2252 2643 manifesta.

1481 2657 1545 2687 Per
1566 2665 1602 2687 se
1617 2657 1728 2696 primo
1744 2656 1820 2693 tale,
1838 2663 1873 2687 ut
1890 2655 2003 2687 dicitur
2023 2656 2035 2687 1
2051 2657 2174 2688 Foster.
2187 2656 2215 2693 ⁹,
2240 2656 2395 2698 significat
2410 2657 2501 2699 quod
2527 2655 2536 2664 '

1426 2701 1466 2732 sit
1481 2701 1543 2732 tale
1562 2710 1629 2731 non
1648 2710 1704 2740 per
1727 2700 1824 2737 aliud,
1849 2707 1879 2731 et
1902 2700 2024 2742 reliqua
2046 2700 2109 2732 sint
2127 2701 2200 2732 talia
2220 2711 2276 2741 per
2295 2701 2413 2742 ipsum.
2437 2701 2501 2733 sed

1427 2755 1502 2776 cum
1525 2744 1639 2776 dicitur
1661 2754 1724 2775 non
1739 2754 1807 2785 per
1829 2745 1931 2782 aliud,
1949 2745 2160 2776 excluduntur
2179 2755 2246 2776 non
2262 2745 2370 2776 solum
2386 2745 2500 2777 extrin-

1427 2799 1506 2826 seca,
1532 2789 1587 2820 sed
1611 2788 1706 2820 etiam
1730 2795 1843 2829 partes,
1868 2795 1904 2820 ut
1928 2788 2041 2820 dicitur
2064 2789 2120 2820 VII
2138 2790 2267 2831 Physic.
2284 2789 2318 2820 ‘x
2343 2790 2387 2822 ita
2409 2789 2501 2832 quod

1427 2834 1507 2865 illud
1522 2833 1612 2875 quod
1628 2840 1674 2864 est
1690 2833 1751 2864 tale
1767 2833 1888 2864 ratione
1904 2833 2010 2873 partis,
2028 2843 2095 2864 non
2110 2841 2157 2865 est
2173 2844 2229 2875 per
2248 2843 2281 2865 se
2297 2834 2403 2875 primo
2426 2833 2498 2866 tale.

1427 2881 1474 2909 Ac
1498 2888 1554 2919 per
1576 2878 1660 2913 hoc,
1687 2877 1768 2908 illud
1792 2877 1842 2909 cui
1867 2878 2016 2909 convenit
2039 2887 2107 2909 esse
2131 2888 2228 2919 agens
2251 2878 2373 2910 ratione
2391 2878 2499 2919 partis,

1428 2922 1545 2955 scilicet
1568 2922 1700 2958 formae,
1717 2931 1783 2952 non
1803 2929 1850 2953 est
1866 2932 1922 2962 per
1938 2933 1970 2953 se
1986 2923 2092 2963 primo
2108 2931 2220 2963 agens:
2245 2922 2301 2954 sed
2319 2932 2424 2964 neque
2437 2932 2502 2964 per

1427 2967 1587 3005 accidens,
1612 2967 1668 2997 sed
1684 2976 1749 3007 per
1771 2967 1873 3004 aliud,
1897 2966 2015 2998 scilicet
2038 2977 2094 3008 per
2117 2973 2249 3008 partem.
2274 2966 2315 2998 Et
2333 2973 2501 3008 propterea

1428 3012 1555 3042 nullum
1586 3010 1804 3052 compositum
1833 3021 1869 3041 ex
1892 3011 2022 3042 materia
2046 3018 2077 3043 et
2099 3010 2203 3042 forma
2226 3017 2331 3052 potest
2354 3021 2421 3042 esse
2445 3021 2501 3052 per

1428 3066 1461 3087 se
1485 3055 1590 3096 primo
1619 3054 1776 3086 activum:
1806 3055 1961 3096 quoniam
1984 3055 2094 3086 omnia
2126 3062 2225 3095 agunt
2255 3065 2321 3085 non
2353 3065 2386 3086 se
2414 3055 2500 3093 totis,

1428 3099 1503 3142 quia
1526 3110 1593 3130 non
1617 3099 1738 3130 ratione
1758 3099 1905 3130 materiae
1925 3098 2094 3142 (repugnat
2117 3099 2203 3130 enim
2217 3099 2246 3130 ei
2262 3109 2329 3130 esse
2343 3100 2501 3131 rationem

1428 3144 1551 3185 agendi,
1573 3153 1648 3175 cum
1672 3144 1711 3174 de
1734 3143 1855 3174 ratione
1872 3143 1939 3175 eius
1955 3144 1994 3175 sit
2013 3143 2155 3184 potentia
2173 3144 2323 3184 opposita
2338 3144 2422 3175 actui
2445 3145 2501 3186 qui

1429 3195 1475 3220 est
1490 3188 1570 3219 ratio
1585 3186 1724 3230 agendi).
1748 3188 1789 3219 Et
1804 3187 1877 3219 hinc
1896 3195 1983 3230 patet
1997 3188 2131 3230 qualiter
2147 3198 2184 3218 ex
2198 3198 2231 3219 se
2247 3188 2361 3219 habere
2377 3189 2417 3220 ad
2433 3198 2501 3220 esse

1429 3243 1533 3274 agens,
1558 3242 1625 3263 non
1648 3232 1755 3263 solum
1778 3232 1852 3263 licet
1874 3232 1987 3264 inferre
2011 3242 2044 3263 se
2066 3232 2181 3263 habere
2205 3233 2245 3263 ad
2269 3232 2426 3270 formam,
2445 3233 2502 3264 sed

1429 3287 1462 3308 se
1486 3277 1600 3308 habere
1623 3277 1663 3307 ad
1687 3286 1755 3308 esse
1767 3275 1938 3318 formam,
1964 3283 2000 3308 ut
2022 3276 2055 3307 in
2077 3276 2180 3308 littera
2202 3276 2322 3308 factum
2346 3284 2408 3308 est:
2434 3284 2465 3309 et
2483 3287 2501 3308 e

1431 3331 1584 3353 converso
1608 3319 1674 3351 fieri
1698 3327 1806 3361 posset
1828 3331 1846 3351 a
1869 3321 1980 3362 priori:
2005 3330 2064 3352 nec
2087 3321 2191 3351 ullum
2215 3328 2262 3352 est
2284 3321 2459 3363 sophisma.

1483 3366 1534 3396 Ad
1550 3365 1731 3396 instantiam
1748 3372 1855 3396 autem
1871 3366 1910 3396 de
1926 3365 2039 3401 calore,
2055 3364 2169 3396 dicitur
2185 3366 2274 3406 quod
2296 3365 2322 3396 si
2338 3375 2502 3397 semones

1430 3410 1681 3450 ponderarentur
1708 3410 1886 3441 secundum
1917 3408 2083 3440 materiam
2111 3410 2299 3447 subiectam,
2324 3420 2391 3441 non
2413 3409 2501 3441 fieret

1430 3454 1507 3485 haec
1518 3453 1664 3485 obiectio.
1675 3454 1753 3484 Esse
1764 3453 1849 3484 enim
1863 3453 2003 3484 activum
2014 3453 2047 3484 in
2058 3454 2234 3491 communi,
2250 3454 2372 3485 nullam
2384 3453 2500 3494 imper-

1431 3498 1601 3529 fectionem
1616 3497 1763 3534 includit;
1780 3497 2012 3539 convenireque
2028 3505 2133 3538 potest
2147 3498 2240 3530 alicui
2257 3498 2300 3530 rei
2318 3497 2500 3529 subsistenti

1430 3542 1463 3572 in
1487 3549 1598 3573 natura
1614 3551 1678 3583 per
1695 3551 1730 3573 se
1753 3542 1863 3582 primo
1887 3543 2122 3583 propriissime,
2153 3550 2188 3574 ut
2212 3542 2388 3584 loquimur.
2422 3541 2499 3572 Esse

1430 3596 1506 3617 vero
1531 3585 1766 3622 calefactivum,
1790 3585 2065 3626 imperfectionem
2089 3587 2221 3618 claudit:
2247 3586 2402 3628 quoniam
2426 3585 2501 3617 dicit

1431 3640 1498 3661 esse
1514 3630 1653 3661 activum
1666 3631 1724 3667 sic,
1741 3630 1821 3661 idest
1844 3630 2053 3662 materialiter.
2077 3631 2118 3662 Et
2133 3630 2330 3672 impossibile
2349 3637 2396 3661 est
2410 3630 2500 3671 quod

1432 3674 1599 3706 conveniat
1621 3674 1715 3705 alicui
1740 3675 1866 3715 primo,
1892 3675 2075 3716 simpliciter
2098 3682 2129 3707 et
2151 3675 2295 3707 absolute
2319 3674 2499 3716 loquendo:

2519 591 2574 613 ’1)-

2594 597 2640 620 731.

2520 750 2529 759 ·
2545 748 2574 771 D.
2590 749 2642 777 634.
