2768 4178
39 359 49 368 '
65 356 136 384 Infra,
152 362 191 384 qu.
206 362 253 383 mv,

41 387 82 405 art.
101 389 126 409 2;
149 389 188 410 qu.
210 389 240 404 ιν

40 413 112 436 art.1;
125 413 147 431 et
158 409 253 437 pluries.

0 720 4 729 ,
38 705 48 714 '¹
61 704 112 726 Art.
122 710 140 727 ι.

38 2310 49 2320 ·
62 2310 116 2332 Art.
129 2298 150 2332 a.

10 2508 13 2509 ⁷
41 2526 50 2535 '
65 2525 122 2554 cup.
136 2531 182 2553 vn,
197 2531 222 2547 n.
237 2525 251 2547 6

38 2558 92 2602 aq.
100 2564 111 2568 -
117 2551 190 2574 S.Th.
198 2552 252 2574 lect.

39 2632 50 2642 '
62 2630 162 2653 Elicitur
171 2637 200 2652 ex
209 2631 251 2652 lib.

19 2659 22 2662 '
39 2657 252 2685 udeumreaitr„

39 2688 91 2712 cap.
104 2690 154 2706 xxx.

136 2720 153 2737 α

971 270 1238 317 QUAESTIO
1269 270 1355 306 XVI
1367 298 1374 315 ,

281 350 382 382 tendit
398 350 572 391 appetitus:
599 357 628 382 et
644 351 717 381 alibi
733 350 750 370 *
769 350 882 381 dicitur
897 350 986 390 quod
1000 359 1112 379 verum
1128 356 1174 379 est
1190 349 1351 379 obiectum

247 399 253 409 ⁷
281 394 467 426 intellectus.
492 395 592 425 Modo
617 402 726 426 autem
749 395 862 425 dicitur
885 394 973 434 quod
989 393 1054 423 veri
1077 393 1155 423 ratio
1173 393 1351 433 assequitur

282 439 568 480 apprehensionem
592 439 681 470 entis.
711 438 881 470 Obiectum
905 438 990 468 enim
1013 437 1189 468 intellectus
1213 447 1279 467 non
1303 447 1351 467 se-

282 484 400 524 quitur,
421 484 475 514 sed
499 483 659 523 praevenit
674 483 782 523 potius
797 482 1053 512 intellectionem.
1071 499 1090 504 -
1106 481 1239 512 Videtur
1255 481 1351 511 etiam

283 535 392 559 contra
414 527 587 558 veritatem.
606 527 771 564 Quoniam
794 526 956 556 non‘ideo
981 536 1036 556 ens
1060 532 1107 556 est
1129 535 1249 561 verum,
1275 525 1351 565 quia

283 571 543 613 apprehenditur:
568 571 624 602 sed
638 581 655 601 e
670 580 833 606 converso,
850 570 924 611 quia
951 577 997 601 est
1011 579 1133 605 verum,
1150 569 1223 599 ideo
1240 579 1350 610 appre-

282 616 440 652 henditur,
461 616 525 646 sive
545 622 616 646 actu
641 615 704 645 sive
728 614 879 655 potentia.

339 661 379 691 V.
403 660 455 691 Ad
477 659 540 690 hoc
563 659 686 695 dicitur,
710 659 800 699 quod
823 668 935 688 verum
958 657 1125 698 dupliciter
1149 657 1294 694 sumitur,
1315 665 1351 689 ut

282 711 368 745 patet
385 714 422 734 ex
437 703 527 734 dictis
537 703 566 733 *t
587 702 704 733 scilicet
715 713 774 742 pro
789 702 918 733 veritate
933 702 987 738 rei,
1005 709 1036 732 et
1050 702 1188 743 proprie.
1205 702 1246 732 Et
1261 703 1350 743 quod

275 749 412 789 proprie
435 754 482 778 est
504 747 657 778 terminus
680 746 868 777 intrinsecus
891 746 1122 783 intellectionis,
1143 753 1174 777 et
1190 746 1351 777 obiectum

281 792 488 823 intrinsecum
511 791 596 827 eim,
620 790 688 820 imo
712 790 840 831 propria
863 790 1064 831 intelligentis
1088 790 1240 830 perfectio
1264 791 1350 821 obie-

282 836 371 867 ctiva.
403 835 445 866 Et
467 835 511 865 sic
534 845 647 865 verum
670 845 736 865 non
765 835 971 876 consequitur
999 845 1057 865 nec
1080 834 1238 875 praecedit
1261 835 1351 866 intel-

281 879 460 916 lectionem,
485 879 540 909 sed
564 879 659 909 simul
683 886 730 910 est
752 878 917 920 perficiens
940 879 1052 919 ipsam.
1077 880 1118 910 Et
1142 880 1180 909 de
1199 879 1261 910 hoc
1285 889 1351 910 non

280 924 425 964 loquitur
447 933 594 963 praesens
617 923 738 959 littera,
768 924 823 954 sed
851 924 954 955 littera
983 924 1104 954 articuli
1127 923 1240 964 primi,
1270 933 1351 964 quae

280 968 374 999 infert
383 978 495 998 verum
511 977 578 998 esse
593 967 626 998 in
642 967 814 999 intellectu.
827 986 848 990 -
868 968 982 998 Verum
999 973 1106 998 autem
1122 969 1171 998 rei
1186 975 1234 998 est
1249 975 1352 1008 poste-

280 1012 345 1042 rius
365 1012 496 1053 quidem
520 1019 600 1048 ente,
626 1012 713 1052 prius
737 1019 845 1042 autem
862 1012 1056 1052 cognitione;
1081 1019 1112 1043 et
1127 1019 1174 1043 est
1189 1012 1351 1043 obiectum

280 1056 457 1087 intellectus
481 1066 548 1086 non
575 1055 728 1093 formale,
760 1057 916 1097 quoniam
944 1056 1023 1087 illud
1052 1064 1098 1087 est
1122 1061 1196 1092 ens;
1227 1057 1282 1087 sed
1306 1063 1352 1087 est

282 1100 423 1131 conditio
440 1100 568 1140 propria
585 1100 699 1131 obiecti
715 1100 867 1132 formalis.
892 1101 957 1131 Ens
974 1101 1070 1137 enim,
1086 1101 1158 1131 licet
1173 1100 1351 1131 secundum

281 1155 394 1175 ornnes
419 1144 618 1175 conditiones
642 1152 672 1175 et
695 1146 812 1175 modos
836 1152 866 1175 et
888 1145 1026 1175 rationes
1055 1145 1203 1175 terminet
1229 1145 1352 1176 intelle-

282 1195 379 1226 ctum,
405 1189 483 1219 dum
508 1189 618 1219 omnia
640 1189 860 1229 intelliguntur
881 1196 953 1220 actu
977 1190 1027 1220 vel
1050 1189 1208 1230 potentia,
1234 1196 1351 1220 certam

280 1240 388 1264 tamen
405 1233 499 1273 exigit
515 1233 734 1264 conditionem
756 1234 944 1273 generalem,
962 1243 1025 1274 qua
1044 1240 1165 1264 exercet
1185 1234 1247 1264 hoc
1262 1234 1351 1274 quod

281 1284 328 1308 est
350 1276 498 1318 perficere
526 1277 723 1308 intellectum
751 1278 923 1308 obiective:
957 1284 988 1308 et
1019 1277 1101 1308 hanc
1129 1277 1216 1309 addit
1238 1287 1351 1308 verum

281 1332 377 1362 supra
401 1332 466 1352 ens.
495 1322 569 1352 Non
599 1322 684 1352 enim
713 1321 957 1362 quomodolibet
987 1321 1108 1362 perficit
1137 1321 1349 1358 intellectum;

281 1366 362 1397 sicut
381 1376 438 1397 nec
458 1365 704 1406 quomodolibet
726 1365 848 1406 perficit
871 1365 1059 1406 appetitum,
1084 1376 1143 1396 nec
1167 1366 1351 1407 quomodo-

279 1410 357 1441 libet
373 1410 445 1450 agit.
470 1410 563 1440 Unde
579 1409 659 1440 inter
675 1420 785 1440 verum
801 1417 831 1441 et
846 1410 980 1446 bonum,
997 1410 1143 1451 quamvis
1160 1410 1351 1441 conveniant

279 1454 312 1485 in
336 1455 398 1485 hoc
425 1454 515 1495 quod
545 1460 719 1494 utrumque
747 1461 794 1485 est
817 1454 977 1485 obiectum
1003 1461 1034 1485 et
1056 1455 1245 1488 terminans.
1273 1462 1348 1491 etc.,

1405 270 1701 307 ARTICULUS
1731 272 1783 308 lV

1406 348 1467 379 hoc
1491 349 1637 386 interest,
1662 351 1751 391 quod
1783 351 1907 381 bonum
1935 352 2097 383 obiectum
2124 350 2256 383 formale
2279 352 2468 390 voluntatis,

1405 403 1517 423 verum
1541 400 1647 424 autem
1673 394 1890 425 conditionem
1919 396 2032 426 obiecti
2061 397 2202 426 formalis
2231 396 2403 436 significare
2426 397 2470 427 vi-

1406 436 1507 468 detur.
1532 439 1573 468 Et
1588 446 1755 479 propterea
1778 439 1882 469 omnis
1907 440 2058 480 appetitio
2083 448 2129 471 est
2144 441 2295 482 appetitio
2315 441 2391 471 boni
2407 440 2470 471 for-

1406 482 1546 512 maliter:
1579 483 1684 513 omnis
1713 490 1820 513 autem
1848 484 2019 514 intellectio
2046 495 2113 515 non
2137 492 2182 515 est
2212 485 2382 516 intellectio
2405 485 2470 516 veri

1406 525 1588 562 formaliter,
1613 534 1649 557 ut
1671 527 1703 557 in
1726 527 1828 558 littera
1852 527 1973 564 dicitur,
1998 529 2052 558 sed
2075 529 2117 559 rei
2133 538 2237 565 verae;
2262 529 2305 560 ita
2328 530 2416 569 quod
2438 529 2470 570 ly

1406 571 1455 599 rei
1473 577 1562 601 notat
1578 581 1645 600 rem
1668 571 1868 608 intellectam,
1887 579 1917 602 et
1939 572 1972 612 ly
1993 582 2088 603 verae
2111 573 2328 603 conditionem
2343 583 2406 614 qua
2421 583 2493 610 res⁴

1405 613 1597 654 intelligitur.
1622 615 1755 655 Propter
1773 616 1863 656 quod
1877 615 2012 646 rationes
2033 616 2117 646 Scoti
2133 617 2165 646 in
2182 617 2203 653 1,
2222 617 2291 647 dist.
2307 628 2350 653 111,
2368 627 2421 658 qu.
2437 628 2470 647 111

1405 658 1454 687 vel
1473 669 1508 694 v,
1541 658 1658 699 quibus
1681 659 1850 700 impugnat
1872 670 1983 690 verum
2015 670 2081 690 esse
2112 661 2279 701 proprium
2310 661 2471 692 obiectum

1406 701 1597 738 intellectus,
1622 713 1688 733 non
1713 710 1839 743 oportet
1862 704 1996 734 solvere:
2021 705 2176 745 quoniam
2199 706 2237 735 de
2261 705 2384 736 obiecto
2408 705 2470 736 for-

1407 746 1482 776 mali
1500 747 1686 787 loquuntur,
1707 748 1797 788 quod
1816 748 1848 777 in
1867 748 1926 778 hac
1944 748 2046 778 littera
2065 749 2196 779 docetur
2214 759 2279 779 non
2299 759 2375 779 esse.

2393 286 2463 310 211

1462 791 1514 821 Vl.
1544 791 1595 821 Ad
1627 791 1775 831 opposita
1801 792 1819 811 *
1844 792 1939 832 igitur
1972 792 2140 823 dicendum
2172 800 2236 829 est,
2269 793 2358 833 quod
2389 793 2472 824 dicta
2499 796 2683 820 'ef.num.1v.

1407 845 1431 865 s·
1448 835 1595 865 Thomae
1619 846 1676 866 nec
1699 836 1780 866 inter
1804 846 1836 866 se
1860 846 1917 866 nec
1933 836 2054 867 veritati
2070 837 2283 868 adversantur.
2309 837 2471 874 Quoniam

1406 889 1473 909 non
1496 879 1630 910 intendit
1653 880 1730 910 haec
1752 880 1863 916 littera,
1888 881 1978 920 quod
2000 880 2079 911 ratio
2098 881 2163 911 veri
2183 888 2394 921 consequatur
2417 892 2471 921 ap-

1406 923 1659 964 prehensionem,
1678 924 1716 954 de
1731 924 1859 954 veritate
1876 925 1919 954 rei
1938 925 2115 965 loquendo:
2139 925 2193 955 sed
2210 925 2298 965 quod
2313 925 2392 956 ratio
2407 925 2472 956 veri

1407 974 1486 998 astat
1509 978 1564 998 seu
1589 968 1704 999 assistit
1727 968 1979 1009 apprehensioni.
2005 970 2077 999 Hoc
2101 969 2186 999 enim
2209 969 2342 1000 intendit
2362 979 2418 1009 per
2439 970 2472 1010 ly

1406 1017 1615 1052 assequatur:
1637 1013 1762 1053 assequi
1781 1013 1877 1051 enim,
1894 1013 2020 1053 proprie
2035 1013 2210 1054 loquendo,
2227 1023 2293 1044 non
2311 1020 2356 1044 est
2371 1014 2470 1054 sequi,

1407 1056 1461 1086 sed
1477 1056 1584 1096 potius
1595 1058 1794 1097 pertingere.
1819 1057 1983 1088 Manifeste
2005 1057 2090 1087 enim
2106 1058 2208 1089 littera
2231 1058 2368 1088 ostendit
2383 1058 2472 1098 quod

1406 1100 1485 1130 nihil
1502 1100 1588 1130 aliud
1603 1101 1746 1137 intendit,
1767 1100 1827 1131 nisi
1850 1101 1940 1141 quod
1962 1111 2074 1132 verum
2092 1109 2146 1138 est,
2163 1103 2292 1142 quando
2309 1112 2363 1132 ens
2380 1102 2470 1133 intel-

1406 1144 1512 1184 ligitur
1540 1151 1571 1175 et
1601 1151 1707 1175 tamen
1731 1155 1843 1175 verum
1870 1155 1936 1175 non
1959 1145 2159 1186 intelligitur;
2189 1154 2225 1177 ut
2248 1146 2343 1176 etiam
2367 1156 2472 1176 exem-

1406 1188 1499 1228 plum
1522 1189 1561 1218 de
1584 1189 1836 1229 intelligibilitate
1860 1190 2012 1226 ostendit;
2038 1198 2160 1221 constat
2179 1190 2264 1221 enim
2283 1190 2369 1230 prius
2386 1190 2471 1220 obie-

1408 1240 1495 1264 ctum
1511 1243 1578 1263 esse
1598 1233 1802 1273 intelligibile,
1820 1244 1918 1274 quam
1933 1234 2196 1274 apprehendatur.
2220 1235 2286 1265 Nec
2306 1242 2472 1274 propterea

1407 1277 1559 1317 ponimus
1589 1287 1701 1307 verum
1724 1277 1757 1307 in
1780 1287 1812 1307 re
1840 1278 1959 1318 absque
1988 1278 2097 1309 ordine
2121 1279 2160 1308 ad
2183 1278 2392 1309 intellectum:
2417 1279 2472 1309 sed

1407 1321 1559 1362 ponimus
1579 1321 1683 1361 primo
1709 1331 1773 1357 ens,
1799 1322 1911 1352 deinde
1936 1332 1990 1352 ens
2007 1329 2042 1353 ut
2058 1322 2265 1362 perfectivum
2283 1323 2470 1359 intellectus,

1407 1372 1438 1396 et
1461 1365 1553 1396 tertio
1576 1365 1786 1405 intelligibile;
1812 1366 1966 1406 quoniam
1989 1366 2182 1406 intelligibile
2199 1374 2253 1403 est,
2271 1367 2346 1407 quia
2360 1377 2472 1397 verum

1407 1417 1469 1446 est,
1503 1416 1533 1440 et
1556 1419 1622 1440 non
1642 1419 1658 1440 e
1676 1417 1794 1441 contra.
1820 1411 1854 1440 In
1878 1410 1940 1441 hoc
1964 1418 2071 1441 autem
2095 1411 2184 1451 quod
2213 1418 2259 1441 est
2283 1421 2348 1441 esse
2372 1411 2471 1451 perfe-

1407 1454 1526 1485 ctivum
1546 1454 1732 1490 intellectus,
1754 1454 1918 1485 manifeste
1937 1461 2023 1495 patet
2042 1455 2122 1485 ordo
2142 1455 2180 1485 ad
2199 1455 2403 1486 intellectum.

2160 1518 2172 1534 ,ι

1066 1569 1385 1611 ARTICULUS
1416 1569 1688 1620 QUARTUS

669 1643 825 1674 UTRUM
848 1643 1003 1675 BONUM
1027 1643 1265 1675 SECUNDUM
1289 1644 1519 1675 RATIONEM
1543 1645 1610 1675 SIT
1634 1645 1756 1675 PRIUS
1781 1645 1907 1682 QUAM
1931 1645 2083 1676 VERUM

996 1705 1037 1730 De
1060 1705 1150 1735 Verit„
1171 1713 1216 1738 qu.
1235 1713 1284 1737 xxi,
1304 1710 1351 1731 art.
1373 1705 1401 1737 3;
1421 1706 1513 1734 Hebr„
1533 1713 1589 1738 cap.
1608 1713 1642 1737 ¹1,
1662 1706 1720 1731 lect.
1739 1713 1756 1730 1.

335 1812 344 1819 ⁸
370 1786 377 1799 ι
432 1792 452 1821 3-
494 1781 517 1807 D
537 1774 711 1811 QU'ARTUM
731 1780 784 1805 Slc
804 1780 1046 1806 PROCEmTUR.
1065 1768 1225 1805 Videtur
1244 1768 1350 1816 quod

350 1819 358 1828 ⁴
424 1820 456 1831 “
496 1823 643 1859 bonum
682 1822 896 1859 secundum
935 1822 1121 1858 rationem
1160 1821 1206 1858 sit
1246 1821 1349 1870 prius

320 1915 324 1925 .
347 1915 349 1919 ¹
456 1872 612 1924 {quam
638 1887 789 1912 verum.
820 1874 937 1921 Quod
958 1875 1060 1911 enim
1081 1882 1137 1911 est
1155 1874 1350 1911 universa-

340 1924 431 1956 ,19
454 1920 582 1975 Klius,
613 1928 826 1965 secundum
855 1928 1043 1964 rationem
1071 1928 1176 1977 prius
1205 1935 1279 1975 est,
1308 1935 1350 1964 ut

198 2002 204 2009 -
241 1994 252 2030 j
279 1988 382 2031 patet
411 1993 456 2017 ex
483 1981 703 2030 lPhysic.*
732 1981 810 2018 Sed
838 1981 986 2018 bonum
1016 1989 1071 2018 est
1098 1981 1349 2018 universalius

245 2056 251 2062 ·
280 2047 398 2083 quam
425 2046 580 2071 verum:
610 2047 701 2071 nam
729 2046 867 2071 verum
893 2042 949 2071 est
974 2035 1170 2083 quoddam
1189 2035 1348 2082 bonurn,

280 2088 421 2125 scilicet
448 2087 669 2124 intellectus.
699 2089 802 2136 Ergo
822 2088 971 2124 bonum
999 2088 1104 2136 prius
1134 2095 1189 2124 est
1217 2099 1349 2124 secun-

281 2142 375 2179 dum
405 2141 592 2178 rationem
621 2153 739 2189 quam
767 2153 918 2178 verum.

335 2206 370 2231 2.
401 2195 635 2240 PRAETEREA,
666 2194 813 2230 bonum
842 2202 897 2230 est
920 2193 959 2230 in
978 2193 1105 2240 rebus,
1125 2205 1263 2230 verum
1283 2205 1349 2229 au-

278 2256 357 2285 tem
385 2247 424 2284 in
454 2246 731 2296 compositione
770 2254 806 2283 et
834 2246 1022 2283 divisione
1050 2246 1280 2292 intellectus,
1309 2253 1350 2282 ut

280 2296 423 2339 dictum
453 2308 508 2337 est
526 2299 557 2337 ²¹⁶.
589 2301 667 2337 Sed
696 2312 741 2336 ea
760 2312 860 2348 quae
880 2306 967 2336 sunt
985 2299 1024 2336 in
1044 2312 1096 2347 re,
1117 2307 1205 2336 sunt
1222 2299 1350 2348 priora

278 2354 337 2392 his
370 2366 470 2402 quae
489 2360 577 2390 sunt
595 2353 634 2390 in
653 2353 855 2390 intellectu.
886 2354 987 2401 Ergo
1007 2353 1111 2402 prius
1137 2360 1192 2389 est
1216 2365 1349 2389 secun-

280 2408 375 2445 dum
403 2407 591 2444 rationem
620 2407 768 2443 bonum
798 2419 915 2455 quam
942 2418 1093 2444 verum.

335 2462 368 2498 3.
391 2462 625 2507 PRAETEREA,
646 2459 786 2497 veritas
816 2467 872 2496 est
897 2459 1089 2507 quaedam
1110 2458 1256 2508 species
1275 2458 1350 2495 vir-

278 2514 378 2561 tutis,
398 2521 440 2551 ut
457 2521 561 2562 patet
588 2513 626 2550 in
646 2513 698 2550 IV
715 2513 836 2550 Ethic.
856 2512 876 2534 '¹‘
901 2513 978 2549 Sed
998 2513 1117 2550 virtus
1138 2511 1350 2549 continetur

279 2569 351 2606 sub
370 2568 497 2604 bono:
529 2573 585 2602 est
604 2566 708 2603 enim
733 2567 836 2602 bona
855 2566 1013 2615 qualitas
1032 2565 1182 2612 mentis,
1203 2573 1244 2602 ut
1263 2565 1351 2602 dicit

279 2620 513 2668 Augustinus
526 2619 557 2656 ²¹².
570 2620 672 2667 Ergo
690 2619 837 2655 bonum
853 2626 910 2656 est
923 2619 1026 2668 prius
1036 2625 1054 2640 α
1065 2631 1182 2668 quam
1197 2631 1346 2655 verum.

335 2675 410 2711 SED
439 2684 597 2718 CONTRA,
617 2672 724 2720 quod
745 2679 801 2709 est
819 2672 857 2709 in
885 2672 1068 2721 pluribus,
1090 2679 1146 2709 est
1168 2671 1273 2720 prius
1293 2683 1349 2708 se-

281 2726 451 2764 cundum
481 2725 680 2763 rationem.
712 2725 791 2762 Sed
813 2737 950 2762 verum
971 2733 1026 2762 est
1050 2726 1089 2762 in
1118 2725 1349 2773 quibusdam

279 2780 318 2817 in
347 2779 485 2828 quibus
514 2791 594 2816 non
622 2786 678 2815 est
704 2779 875 2826 bonum,
904 2779 1045 2816 scilicet
1072 2779 1110 2816 in
1139 2779 1348 2815 mathema-

279 2833 372 2871 ticis.
402 2834 505 2880 Ergo
533 2844 670 2869 verum
700 2839 755 2868 est
782 2831 887 2880 prius
911 2829 1034 2881 ‘quam
1062 2833 1222 2869 bonum.

333 2888 559 2923 RESPONDEO
588 2897 773 2922 DICENDUM
797 2885 914 2934 quod,
935 2885 1020 2922 licet
1039 2886 1186 2922 bonurn
1221 2892 1256 2920 et
1282 2896 1349 2921 ve-

280 2952 367 2977 rum
402 2938 600 2989 supposito
639 2945 909 2975 convertantur
947 2951 1035 2975 cum
1074 2946 1161 2975 ente
1177 2967 1186 2985 ,
1220 2945 1348 2974 tamen

281 2993 427 3030 ratione
462 2991 652 3029 differunt.
683 2993 732 3028 Et
760 2991 973 3029 secundum
996 2993 1072 3029 hoc
1098 3003 1252 3037 verum,
1283 2990 1348 3026 ab·

282 3046 403 3082 solute
436 3045 644 3093 loquendo,
673 3045 778 3093 prius
808 3052 864 3081 est
891 3057 1008 3093 quam
1037 3046 1198 3082 bonum.
1230 3044 1347 3090 Quod

283 3111 328 3135 ex
357 3098 508 3135 duobus
537 3106 705 3147 apparet.
735 3097 865 3134 Primo
894 3098 1049 3147 quidem
1070 3110 1115 3135 ex
1134 3099 1220 3144 hoc,
1242 3098 1348 3145 quod

281 3163 418 3188 verum
455 3151 706 3200 propinquius
734 3163 776 3188 se
804 3152 919 3188 habet
954 3152 1003 3189 ad
1041 3164 1136 3199 ens,
1159 3151 1264 3199 quod
1295 3158 1350 3187 est

281 3204 385 3254 prius
399 3202 428 3250 β,
450 3216 566 3252 quam
585 3205 743 3242 bonum.
770 3205 873 3241 Nam
892 3217 1030 3242 verum
1051 3204 1202 3253 respicit
1221 3204 1348 3252 ipsum

283 3270 366 3294 esse
397 3257 615 3305 simpliciter
643 3265 679 3294 et
705 3257 945 3295 immediate:
976 3257 1070 3295 ratio
1099 3265 1227 3294 autem
1256 3256 1349 3293 boni

283 3310 527 3359 consequitur
542 3322 636 3358 esse,
653 3311 865 3348 secundum
886 3311 990 3359 quod
1007 3319 1062 3348 est
1081 3311 1209 3359 aliquo
1228 3309 1348 3346 modo

280 3364 510 3413 perfectum3
538 3363 591 3399 sic
610 3363 713 3400 enim
733 3364 934 3413 appetibile
955 3372 1021 3401 est.
1038 3385 1062 3391 -
1084 3363 1263 3400 Secundo
1284 3375 1349 3411 ap-

280 3424 389 3466 paret
417 3428 463 3453 ex
490 3416 577 3463 hoc,
607 3417 714 3463 quod
734 3417 898 3465 cognitio
919 3417 1137 3454 naturaliter
1154 3416 1351 3465 praecedit

282 3470 503 3520 appetitum.
533 3469 657 3516 Unde,
682 3481 770 3506 cum
797 3482 936 3507 verum
965 3470 1139 3518 respiciat
1168 3469 1349 3517 cognitio-

1404 1781 1506 1816 nem,
1536 1769 1684 1805 bonum
1713 1775 1842 1805 autem
1871 1768 2092 1817 appetitum,
2122 1767 2228 1816 prius
2248 1767 2316 1804 erit
2335 1779 2471 1805 verum

1404 1834 1521 1870 quam
1551 1822 1700 1858 bonurn
1729 1822 1942 1858 secundum
1976 1821 2176 1858 rationem.

1456 1876 1516 1911 AD
1546 1887 1684 1911 PRIMUM
1712 1886 1811 1911 ERGO
1835 1887 2020 1912 DICENDUM
2039 1875 2145 1922 quod
2163 1875 2341 1911 voluntas
2362 1881 2398 1910 et
2415 1873 2470 1910 in-

1403 1928 1571 1964 tellectus
1591 1935 1727 1964 mutuo
1756 1940 1796 1964 se
1825 1927 2042 1964 includunt:
2071 1939 2163 1964 nam
2188 1927 2395 1964 intellectus
2415 1927 2469 1963 in-

1402 1980 1530 2028 telligit
1565 1981 1823 2028 voluntatem,
1860 1988 1895 2017 et
1921 1982 2099 2018 voluntas
2125 1981 2207 2017 vult
2239 1981 2468 2017 intellectum

1403 2034 1607 2081 intelligere
1622 2033 1648 2071 '⁷.
1671 2034 1734 2070 Sic
1754 2046 1843 2081 ergo
1863 2034 1961 2071 inter
1980 2034 2040 2070 illa
2059 2046 2157 2082 quae
2178 2033 2401 2071 ordinantur
2420 2034 2469 2071 ad

1404 2087 1597 2124 obiectum
1625 2087 1850 2134 voluntatis,
1881 2087 2121 2124 continentur
2154 2087 2268 2123 etiam
2298 2099 2342 2123 ea
2371 2099 2469 2136 quae

1404 2148 1492 2177 sunt
1518 2140 1745 2186 intellectus;
1777 2147 1812 2176 et
1840 2153 1861 2176 e
1890 2152 2090 2177 converso.
2119 2140 2230 2177 Unde
2264 2139 2302 2176 in
2337 2140 2469 2177 ordine

1403 2193 1683 2242 appetibilium,
1714 2194 1861 2229 bonurn
1890 2206 1930 2231 se
1958 2194 2074 2230 habet
2099 2200 2142 2230 ut
2168 2193 2403 2240 universale,
2435 2201 2471 2230 et

1402 2258 1540 2283 verum
1568 2253 1610 2282 ut
1637 2246 1883 2295 particulare:
1912 2247 1950 2283 in
1979 2246 2113 2283 ordine
2142 2255 2268 2283 autem
2302 2246 2470 2294 intelligi-

1404 2299 1536 2336 bilium
1566 2307 1622 2336 est
1642 2312 1662 2335 e
1683 2311 1884 2336 converso,
1915 2301 1973 2336 Ex
1991 2300 2067 2336 hoc
2093 2311 2181 2347 ergo
2211 2299 2316 2348 quod
2334 2311 2470 2336 verum

1404 2360 1460 2389 est
1486 2352 1686 2401 quoddam
1719 2353 1885 2398 bonum,
1915 2352 2084 2401 sequitur
2116 2352 2221 2400 quod
2250 2353 2396 2389 bonum
2425 2353 2471 2389 sit

1403 2406 1507 2454 prius
1526 2406 1565 2442 in
1585 2406 1718 2443 ordine
1743 2406 2022 2455 appetibilium:
2052 2418 2130 2443 non
2150 2413 2279 2442 autem
2299 2406 2404 2453 quod
2425 2406 2470 2443 sit

1402 2454 1508 2507 prius
1538 2458 1766 2508 simpliciter.

1455 2515 1514 2549 AD
1530 2524 1721 2549 SECUNDUM
1740 2524 1924 2549 DICENDUM
1953 2512 2059 2561 quod
2087 2511 2299 2548 secundum
2317 2512 2392 2548 hoc
2413 2519 2468 2548 est

1404 2565 1545 2614 aliquid
1573 2565 1678 2614 prius
1711 2565 1872 2611 ratione,
1902 2564 2008 2614 quod
2040 2564 2144 2613 prius
2173 2565 2271 2601 cadit
2298 2564 2337 2601 in
2364 2565 2469 2601 intel-

1403 2619 1511 2654 lectu.
1557 2618 1768 2655 Intellectus
1806 2625 1934 2654 autem
1974 2630 2043 2666 per
2079 2617 2182 2666 prius
2220 2614 2469 2666 apprehendit

1403 2671 1529 2720 ipsum
1559 2683 1644 2717 ens;
1671 2668 1712 2707 'et
1739 2670 1965 2707 secundario
1989 2671 2240 2719 apprehendit
2267 2683 2308 2707 se
2336 2671 2467 2708 intelli-

1403 2737 1490 2772 gere
1520 2737 1607 2770 ens;
1637 2731 1674 2760 et
1700 2724 1808 2760 tertio
1839 2724 2089 2772 apprehendit
2113 2736 2153 2760 se
2182 2731 2358 2773 appetere
2389 2737 2466 2761 ens.

1403 2779 1514 2815 Unde
1533 2777 1658 2826 primo
1679 2774 1693 2797 δ
1721 2784 1777 2813 est
1805 2777 1900 2814 ratio
1929 2777 2035 2823 entis,
2066 2777 2235 2814 secundo
2261 2774 2355 2814 ratio
2374 2778 2466 2825 veri,

1401 2831 1510 2868 tertio
1539 2830 1633 2867 ratio
1663 2830 1764 2877 boni,
1794 2830 1880 2867 licet
1907 2831 2054 2867 bonum
2084 2830 2129 2867 sit
2155 2830 2194 2866 in
2222 2831 2347 2867 rebus.

1456 2886 1514 2920 AD
1543 2895 1702 2920 TER'rtUM
1730 2895 1914 2920 DiCENDUM
1935 2884 2040 2932 quod
2058 2883 2177 2920 virtus
2206 2895 2305 2930 quae
2335 2883 2468 2920 dicitur

1400 2938 1549 2982 veritas,
1571 2949 1650 2973 non
1679 2943 1736 2972 est
1761 2936 1900 2973 veritas
1930 2937 2159 2984 communis,
2181 2936 2248 2973 sed
2277 2936 2466 2984 quaedam

1401 2990 1541 3027 veritas
1575 2989 1788 3026 secundum
1818 2990 1934 3038 quam
1963 2990 2080 3026 homo
2109 2989 2148 3025 in
2177 2988 2283 3026 dictis
2308 2996 2344 3024 et
2362 2989 2466 3025 factis

1402 3043 1565 3080 ostendit
1602 3054 1641 3079 se
1674 3049 1716 3079 ut
1749 3050 1815 3079 est.
1853 3042 2001 3079 Veritas
2039 3050 2167 3079 autem
2199 3043 2297 3079 vitae
2334 3041 2467 3078 dicitur

1401 3095 1690 3145 particulariter,
1721 3095 1934 3132 secundum
1963 3095 2069 3144 quod
2097 3097 2215 3132 homo
2243 3094 2282 3131 in
2300 3094 2378 3131 vita
2397 3107 2466 3131 sua

1401 3150 1532 3198 implet
1558 3149 1649 3186 illud
1684 3149 1732 3185 ad
1767 3149 1873 3196 quod
1910 3149 2105 3185 ordinatur
2131 3161 2201 3196 per
2236 3147 2464 3185 intellectum

1403 3203 1592 3240 divinum:
1622 3201 1717 3238 sicut
1741 3202 1855 3238 etiam
1884 3201 2025 3238 dictum
2052 3209 2107 3238 est
2125 3201 2145 3223 ’¹‘
2162 3201 2361 3238 veritatem
2382 3213 2465 3238 esse

1403 3256 1441 3292 in
1471 3255 1602 3292 ceteris
1631 3255 1754 3291 rebus.
1794 3254 1942 3291 Veritas
1975 3262 2103 3291 autem
2137 3254 2295 3290 iustitiae
2324 3261 2380 3290 est
2408 3267 2465 3290 se-

1404 3309 1570 3346 cundum
1599 3308 1705 3356 quod
1733 3308 1854 3344 homo
1883 3315 2009 3344 servat
2036 3307 2075 3344 id
2095 3306 2199 3356 quod
2228 3306 2341 3343 debet
2360 3307 2465 3344 alteri

1403 3361 1616 3399 secundum
1651 3361 1826 3397 ordinem
1846 3367 1856 3381 ³
1884 3362 2023 3408 legum.
2054 3360 2165 3397 Unde
2196 3372 2240 3395 ex
2268 3359 2325 3396 his
2352 3360 2465 3408 parti-

1404 3415 1590 3452 cularibus
1608 3413 1829 3451 veritatibus
1849 3426 1927 3451 non
1948 3421 2003 3450 est
2022 3412 2312 3462 procedendum
2332 3413 2380 3450 acl
2399 3425 2465 3450 ve-

1404 3468 1550 3505 ritatem
1582 3479 1842 3504 communem.

335 3566 362 3599 α)
378 3565 466 3598 prius.
483 3579 503 3583 -
520 3563 665 3589 secundum
683 3563 815 3589 rationem
835 3565 904 3590 addit
922 3566 952 3590 Β.

336 3599 362 3634 β)
377 3601 464 3633 prius.
484 3614 502 3619 —
516 3599 636 3632 primum
656 3599 832 3631 ACDEFGpB
852 3605 877 3624 et
894 3601 942 3626 ab.

335 3637 362 3670 γ)
382 3637 542 3661 intellectum
562 3634 718 3668 intelligere.
735 3648 754 3653 -
773 3634 920 3668 intelligere
938 3637 1101 3661 voluntatem
1120 3636 1196 3661 ACE.

1456 3563 1480 3596 δ)
1494 3563 1595 3596 primo.
1613 3577 1632 3581 -
1645 3562 1725 3594 prior
1743 3563 1854 3587 codices.
1871 3575 1890 3580 -
1908 3562 1958 3586 Pro
1975 3561 2098 3590 secundo,
2111 3561 2228 3585 secunda
2247 3561 2322 3593 AGE,
2336 3561 2465 3586 secunda-

1403 3599 1444 3625 rio
1463 3600 1494 3624 D.
1513 3613 1531 3618 —
1550 3599 1601 3623 Pro
1620 3598 1708 3627 tertio,
1728 3598 1808 3622 tertia
1827 3597 1904 3622 ACE.

1456 3635 1478 3667 ε)
1497 3634 1628 3659 ordinem.
1646 3648 1664 3652 —
1682 3633 1878 3658 ordinationem
1898 3632 1945 3657 Fa.
1957 3646 1975 3651 --
1992 3632 2043 3657 Pro
2057 3633 2153 3665 legum,
2172 3631 2239 3665 Iegis
2258 3632 2368 3656 codices.

2492 3216 2502 3224 '
2517 3215 2568 3236 Art.

2584 3221 2601 3237 1.
